2547 3708
737 163 760 222 1
905 161 952 220 B

1101 162 1124 218 I
1270 163 1323 218 S.

2066 177 2164 231 147

340 271 525 341 thue
549 280 718 335 nepos
730 259 1220 343 AEthraeNeneris
1240 260 1508 333 periturus
1533 258 1604 314 ob
1632 260 1790 321 iram,

195 350 299 421 580

54 577 210 618 Ovidius
237 573 336 614 addit
362 568 554 610 Phoebum
583 566 629 606 de
650 563 821 611 Crotopo
842 559 919 610 ipso
939 570 1076 610 poenas
1129 595 1132 600 ,

53 627 228 679 exegisse:
259 637 344 664 nam
369 625 405 661 ὃ(
421 621 566 669 Argivis
586 614 758 655 omnibus
777 612 958 651 infensum
972 608 1076 649 fuiffe

53 681 228 731 proximo
262 675 415 716 disticho
443 671 661 710 videbimus.
725 664 924 702 SALVAGN.
953 662 1076 701 Scribe

55 729 256 779 Psamathes
283 739 329 765 ex
351 723 498 763 photio.
550 720 697 757 Heius.
724 717 877 751 Samaeis
903 713 1020 761 Jureti
1038 713 1077 749 δε

53 790 222 830 quatuor.
263 783 418 815 Samates
446 774 570 810 Petav.
606 768 773 804 Salmacis
809 774 914 817 atque
939 773 1077 813 patrem

54 833 142 870 duo.
161 830 234 869 vid.
248 828 435 867 Lutatium
449 823 494 862 ad
504 823 591 859 Stat.
616 831 629 856 1
644 817 766 856 Theb.
788 827 875 863 570.
888 816 925 851 ὅ(
940 826 991 851 vi.
1019 815 1078 858 64.

56 883 94 921 &
108 880 463 920 Conon.Narr.xix.
491 883 558 922 pro
577 871 615 908 in
627 870 699 907 ima
720 869 755 905 ὅ(
775 867 837 904 hic
848 867 884 903 in
896 865 972 902 alta
994 863 1081 901 Gal-

55 933 144 971 licus
165 933 264 970 liber.
282 931 416 975 fecerat
438 923 494 963 ille
521 923 633 960 etiam
656 919 822 968 scripti&
840 916 928 955 editi
950 915 1083 965 plures.

57 997 147 1034 quae
158 992 261 1020 natae
272 991 362 1019 unus
379 973 533 1015 Heinsii.
549 973 680 1011 Eum.
1055 1015 1061 1022 ι

108 1046 191 1083 577.
221 1039 324 1082 Inque
344 1027 458 1076 tuos.]
488 1023 711 1063 Choro'e'bus
732 1019 936 1058 monstrum
957 1015 1082 1066 profli-

55 1086 179 1135 gavit,
207 1081 308 1133 quod
323 1082 480 1120 infantes
502 1075 522 1114 ὲ
539 1083 698 1113 matrum
728 1071 804 1109 {inu
824 1079 944 1118 raptos
965 1069 1082 1106 devo-

55 1137 164 1174 rabat.
218 1136 458 1172 lunarum.
495 1127 570 1165 Hic
597 1124 789 1162 Coroebus
816 1132 894 1159 non
923 1120 971 1157 est
1003 1119 1085 1165 ille,

55 1188 119 1236 qui
150 1187 242 1224 inter
279 1186 376 1222 viros
405 1179 551 1218 stultitia
582 1175 737 1224 infignes
764 1179 1016 1214 memoratur,
1044 1171 1082 1209 in

54 1248 213 1287 quorum
236 1244 394 1273 numero
408 1229 736 1269 Mammacutlios,
765 1221 942 1260 Militides
960 1220 1083 1259 &Bu-

55 1287 169 1324 talion
185 1284 432 1325 recensentur,
463 1288 502 1317 ut
529 1278 621 1316 tellis
641 1276 690 1314 est
710 1273 958 1322 Aristophanis
976 1282 1083 1310 com-

55 1344 242 1375 mentator
261 1337 296 1374 in
311 1334 434 1371 Ranis.
451 1329 583 1368 Scribit
602 1329 701 1366 enim
714 1324 900 1365 Zenobius
914 1324 950 1361 in
968 1323 1082 1361 colle-

54 1388 188 1426 &aneis
211 1386 436 1434 Adagiorum
451 1410 461 1427 ,
488 1379 704 1418 Coroebum
729 1376 931 1426 Mygdonis
949 1373 1081 1419 filium,

56 1439 213 1486 Troiani
237 1437 324 1475 Belli
351 1443 522 1482 tempore
551 1432 588 1468 in
619 1430 738 1466 lucem
765 1428 930 1470 editum,
955 1434 1078 1463 tantae

55 1490 226 1527 fatuitatis
250 1485 350 1526 fuisse
366 1513 377 1531 ‚
399 1494 436 1522 ut
449 1479 702 1527 marisffluetus
718 1487 952 1520 numeraret,
982 1478 1081 1514 unde

55 1540 288 1589 proverbium
302 1538 338 1576 in
351 1535 567 1576 insanientes
589 1533 678 1569 exiit
695 1558 705 1575 ,
724 1530 880 1573 Κορῆβου
893 1528 1080 1569 fiac-richers-

56 1602 130 1635 ρος,
155 1591 191 1628 id
215 1589 282 1633 est,
309 1586 452 1626 Coroebo
470 1584 636 1630 stolidior.
693 1581 780 1629 Ejus
800 1588 923 1616 autem
942 1590 1079 1627 ‚quem

55 1641 214 1680 Ovidius
228 1646 433 1682 memorat,
461 1634 689 1684 sepulchrum
704 1632 864 1680 Megaris
874 1628 976 1667 fuiffe
990 1630 1082 1667 Pau-

53 1691 165 1730 sanias
185 1693 221 1729 in
243 1690 374 1730 Atticis
386 1687 502 1726 scribit
515 1713 526 1730 ,
554 1685 600 1723 de
619 1695 696 1733 quo
714 1682 889 1721 nonnulla
903 1680 1082 1718 Statianus

44 1742 228 1791 'interpres
254 1742 289 1779 iu
321 1738 536 1779 secundum.
592 1735 742 1772 Cousr.
771 1732 864 1770 Fau.
894 1731 1082 1769 Pausanias

53 1794 91 1831 in
119 1793 273 1837 Atticis,
311 1803 390 1841 pag.
411 1802 467 1836 42.
505 1787 677 1825 editionis
703 1783 989 1822 Wechelianae:
1018 1788 1083 1819 Re-

52 1854 180 1892 gnante
209 1843 313 1893 Argis
344 1848 486 1891 Crotopi>
509 1867 520 1885 ‚
547 1839 617 1886 ejus
626 1836 743 1885 filiam
770 1833 981 1886 Psamathen
1005 1842 1081 1869 tra-

55 1894 149 1930 dunt
174 1904 317 1943 puerum
334 1921 344 1938 ,
371 1904 536 1943 quem,ex
559 1887 719 1938 Apolline
745 1896 938 1936 pepererat,
966 1894 1005 1921 ut
1018 1894 1081 1930 pa-

57 1954 144 1981 trem
156 1943 181 1981 a
200 1957 264 1994 quo
276 1942 341 1992 fibi
351 1942 543 1993 plurimum
556 1937 729 1976 metuebat
739 1939 878 1981 celares,
894 1937 1081 1984 exposuisse.

57 2001 215 2045 Cumque
233 1995 284 2030 ita
315 1993 480 2040 accidisset
510 2000 548 2028 ut
571 1989 596 2026 ιὶ
615 1990 755 2026 canibus
779 1987 870 2034 Regii
884 1988 1005 2034 pecoris
1023 1999 1081 2022 cu·

47 2045 203 2092 stodibus
229 2044 475 2082 dilaceraretur
496 2068 506 2084 ,
544 2039 741 2088 Apollinem
779 2036 935 2085 Argivis
963 2036 1080 2073 diram

57 2095 239 2145 quandam
275 2094 425 2132 belluam
457 2089 637 2138 immififfe.
688 2095 839 2126 Poenam
857 2086 916 2137 ipfi
932 2086 1079 2136 appella-

53 2156 140 2182 runt
163 2173 173 2188 ‚
211 2158 299 2192 quae
332 2146 349 2181 e
369 2153 526 2180 matrum
548 2139 687 2189 gremiis
719 2139 872 2183 infantes
904 2137 1082 2186 rapiebat:

57 2196 250 2243 Monstrum
274 2208 354 2232 vero
369 2193 460 2231 illud
491 2190 705 2228 Choroebum
738 2189 955 2237 Argivorum
988 2188 1087 2234 mise-

55 2249 108 2284 ria
161 2247 350 2284 addubitem
402 2241 578 2292 confecisse.
652 2239 784 2277 Statius
821 2238 881 2275 lib.
912 2251 939 2276 ι.
981 2238 1087 2276 The-

58 2297 180 2335 baidos
228 2298 270 2340 ils.
312 2299 395 2345 596.
449 2295 523 2332 hoc
564 2289 767 2330 monstrum
801 2289 978 2337 {graphice
1023 2289 1086 2325 de·

63 2348 238 2386 scribitliis
267 2347 446 2390 versibus,
473 2355 568 2392 quos
585 2343 672 2380 licet
698 2339 902 2389 plusculos,
929 2340 1014 2384 quia
1032 2339 1086 2378 vi·

58 2409 102 2437 ce
127 2399 396 2437 Commentarii
415 2397 495 2435 sunt
518 2422 528 2440 ‚
555 2395 614 2432 hic
642 2390 896 2430 adscribendos
922 2391 1060 2440 putavi.

108 2474 179 2506 Sero
198 2482 326 2507 memor
344 2467 499 2506 thalami
519 2464 658 2513 moestae
672 2461 800 2510 fitlatia
819 2460 930 2498 matri

107 2519 233 2558 Phoebe
248 2531 371 2569 paras,
399 2519 588 2565 monstrum
611 2512 770 2563 infandis
801 2511 1006 2550 Acherunte
1016 2509 1085 2561 sub

181 2584 249 2608 imo

105 2627 310 2670 conceptum
337 2619 574 2659 Eumenidum
607 2615 779 2656 thalamis
803 2643 814 2661 ,
850 2615 906 2653 cui
934 2612 1084 2663 Virginis

179 2687 238 2709 ora

109 2726 335 2772 Pectoraque,
365 2735 541 2760 aeternum
556 2720 703 2769 stridens
723 2717 750 2756 ἃ
767 2717 894 2755 vertice
905 2716 1038 2766 surgit,

111 2777 155 2809 Et
167 2776 558 2822 ferrugineamfrontem
579 2771 798 2818 discriminat
822 2769 958 2816 anguis.

109 2830 203 2860 Haec
226 2834 300 2859 tam
323 2825 399 2860 dira
417 2826 485 2861 lues
507 2827 669 2861 nociurno
694 2821 854 2872 squalida
869 2818 966 2867 paffu

111 2873 217 2911 illabi
239 2874 404 2910 thalamis
418 2902 427 2916 ,
458 2887 663 2923 animasque
684 2872 708 2909 ἰι
727 2873 822 2921 stirpe
842 2881 988 2907 recentes

108 2925 271 2972 Arripere
292 2924 457 2960 alericum
471 2926 607 2972 gremiis
623 2952 633 2968 ,
663 2923 842 2972 morsuque
865 2931 1004 2958 cruento

111 2975 255 3020 Devesci
270 3004 280 3020 ‚
309 2987 352 3015 ες»
372 2974 523 3011 multum
543 2975 653 3021 patrio
669 2974 875 3023 pinguescere
897 2972 1007 3010 lustu.

112 3028 220 3114 Hau?
240 3026 323 3064 tulit
344 3039 521 3063 armorum
541 3024 713 3074 praestans
743 3025 921 3073 animique
947 3018 1091 3061 choroe-

212 3092 274 3122 us,

116 3133 215 3178 Seque
236 3129 329 3167 ultro
347 3128 439 3166 lenis
453 3128 624 3177 juvenum
639 3154 648 3169 ‚
677 3123 737 3174 qui
759 3125 870 3164 robore
887 3125 996 3176 primi

117 3185 260 3217 Famam
281 3179 473 3230 posthabita
488 3178 612 3225 faciles
634 3176 815 3214 extendere
833 3177 912 3214 vita

121 3230 266 3268 Obtulit.
321 3231 387 3267 Illa
409 3243 515 3267 novos
537 3229 611 3266 ibat
632 3225 799 3278 populata
815 3237 946 3275 nepotes

122 3285 304 3322 Portarum
323 3293 362 3320 tn
379 3280 496 3326 bivio;
525 3279 629 3318 lateri
646 3279 715 3317 duo
733 3285 867 3327 corpora
882 3275 1040 3328 parvum

408 340 574 402 Exsul
600 338 664 394 ab
689 336 929 393 attonitis
957 335 1242 391 excutiaris
1275 335 1443 406 equis,

2027 401 2160 457 Pro-

1189 551 1389 601 Dependent
1402 578 1412 595 ,
1423 560 1466 590 (φ’
1471 550 1553 600 jam
1567 563 1658 588 unca
1678 562 1804 588 manus
1822 548 1994 589 vitalibus
2014 550 2131 590 haeret
2147 551 2163 591 ἐ

1184 604 1385 653 ferratique
1404 615 1529 650 ungues
1548 614 1659 639 tenero
1672 602 1738 651 sub
1761 602 1855 639 corde
1872 604 2054 651 tepescunt.

1186 653 1320 692 Obvius
1342 654 1422 691 huic
1441 655 1535 690 latus
1553 667 1650 690 omne
1677 655 1799 690 viriam
1814 652 1964 702 stipante
1983 667 2107 692 corona

1187 711 1221 742 It
1237 706 1380 751 juvenis
1394 731 1403 747 ‚
1424 706 1631 755 ferrumque
1652 706 1766 752 ingens
1781 704 1847 752 jab
1861 706 1988 753 peHore
2008 705 2084 742 diro

1188 755 1376 800 Condidit,
1404 766 1508 802 atque
1524 756 1616 792 imas
1636 756 1777 791 animae
1798 768 1958 792 mucrone
1988 757 2119 801 corusco

1187 811 1371 843 scrutatus
1405 804 1555 843 latebras
1577 834 1587 851 ‚
1624 806 1769 843 tandem
1800 808 1868 854 sua
1905 806 2056 854 monstra
2085 809 2168 859 pre-3

1228 856 1346 902 fundo
2159 850 2168 856 ⁴

1187 909 1314 945 Reddit
1332 905 1453 944 habere
1475 906 1567 953 Jove
1597 922 1747 935 -r--—

1140 980 1302 1039 Ovidius
1314 979 1435 1037 pestem
1451 980 1630 1030 appellat,
1659 989 1699 1019 ut
1718 980 1849 1020 Statius
1861 984 1977 1031 luem,‘
2004 987 2106 1037 quod
2119 987 2169 1026 est

1139 1035 1297 1070 exitium
1319 1034 1482 1080 praeiens
1506 1060 1517 1078 ,
1555 1033 1733 1080 pernicies
1760 1035 1796 1071 &
1820 1035 2003 1075 calamitas
2023 1039 2172 1076 certiffi-

1139 1094 1200 1120 ma
1214 1111 1223 1128 ‚
1252 1094 1329 1132 quo
1349 1094 1505 1121 nomine
1529 1083 1671 1120 inferna
1693 1084 1855 1122 monstra
1874 1090 2021 1136 proprie
2044 1090 2174 1127 dicun-¹

1139 1142 1207 1173 tur.
1262 1141 1321 1171 :sic
1350 1135 1451 1171 enim
1480 1133 1621 1171 Ennius
1653 1134 1750 1182 apud
1782 1136 2006 1176 Ciceronem
2035 1139 2095 1177 lib.
2118 1131 2173 1180 ive

1139 1184 1450 1223 Academicarum
1471 1185 1739 1233 Quaestionum
1758 1214 1769 1230 ,
1804 1187 1977 1235 Virgilius
2013 1190 2075 1228 lib.
2099 1202 2175 1231 vn.

1143 1238 1182 1274 δε
1206 1235 1429 1273 Claudianus
1456 1235 1515 1272 lib.
1548 1249 1572 1273 ι.
1604 1236 1641 1272 iri
1667 1237 1844 1274 Rufinum
1868 1240 1989 1279 Furias
2010 1251 2148 1281 vocarit
2172 1252 2174 1257 ’

1138 1286 1461 1336 quemadmodum
1484 1288 1633 1323 Graecis
1661 1288 1782 1331 λοιμὸς
1804 1289 2060 1337 Metaphorice
2082 1271 2174 1335 dici-’-

1137 1347 1195 1377 tur
1209 1365 1226 1395 ,-
1248 1350 1314 1386 pro
1335 1349 1382 1376 eo
1399 1338 1503 1387 quod
1521 1338 1569 1375 est
1585 1338 1780 1383 φθοροποιὸς
1793 1367 1803 1384 ,
1833 1349 1871 1379 ut
1895 1343 2099 1392 Heiytliius
2110 1336 2178 1386 ex-ss'

1138 1398 1269 1439 ponit,
1296 1388 1370 1426 five
1388 1390 1557 1435 φθορεὺς,
1585 1398 1626 1426 ut
1659 1390 1798 1427 Suidas.
1851 1393 1962 1432 Adeo
1994 1405 2034 1433 ut
2055 1388 2177 1437 Ober4

1137 1451 1194 1479 tus
1217 1440 1409 1484 Gifariiu5‚
1438 1451 1492 1477 vir
1511 1441 1673 1478 eruditus
1687 1468 1697 1484 ,
1727 1443 1764 1479 in
1781 1442 1907 1481 Indice
1923 1446 2149 1488 Lueretiaeo

1138 1493 1319 1530 existimet
1339 1502 1403 1529 eos
1420 1491 1642 1528 barbarizare
1657 1519 1667 1536 ‚
1695 1494 1757 1540 qui
1781 1494 1847 1530 hac
1868 1507 1962 1532 voce
1986 1509 2052 1545 pro
2073 1479 2176 1539 nior:

1137 1542 1208 1587 bo,
1237 1554 1350 1592 quem
1374 1550 1514 1579 veteres
1534 1541 1737 1580 constanter
1762 1545 1988 1591 pestilentiam
2011 1558 2148 1590 vocant
2174 1546 2177 1564 ³

1137 1602 1317 1638 utuntur,
1344 1594 1402 1630 cui
1425 1592 1615 1639 Casperius
1640 1593 1836 1633 Gevartius
1851 1597 2085 1645 Eleetorum,
2112 1581 2176 1643 lib:

1139 1656 1185 1682 Π.
1213 1656 1347 1698 cap-5·
1380 1644 1418 1680 ὅ(
1453 1643 1655 1682 Fridericus
1687 1645 1903 1686 Gronovius
1929 1649 2181 1691 Observatio.

1137 1707 1226 1733 num
1242 1723 1252 1739 ,
1281 1696 1339 1732 lib.
1361 1706 1423 1732 111.
1452 1705 1598 1742 cap.15.
1624 1693 1871 1736 assentiuntur.
1924 1699 1994 1737 Sed
2011 1712 2087 1739 non
2102 1714 2176 1752 ego

1139 1747 1305 1784 credulus
1334 1746 1413 1783 illis.
1449 1746 1589 1782 Ennius
1620 1747 1718 1783 enim
1741 1775 1752 1792 ,
1782 1750 1845 1797 qui
1878 1750 1966 1787 teste
1989 1751 2175 1793 Cicerone

1136 1798 1197 1836 lib.
1217 1800 1262 1835 de
1294 1797 1456 1834 Oratore
1480 1824 1491 1842 ‚
1530 1808 1605 1834 non
1636 1797 1786 1836 discedit
1811 1799 1830 1836 a
1853 1804 2048 1841 communi
2066 1815 2175 1844 more

1137 1850 1359 1893 verborum,
1383 1849 1477 1884 hanc
1507 1859 1641 1885 vocem
1666 1860 1732 1896 pro
1751 1850 1941 1898 pestilentia
1964 1852 2037 1891 five
2052 1855 2177 1901 pestili-

1137 1910 1234 1943 κατι,
1264 1908 1301 1938 ut
1322 1900 1485 1937 Lucilius
1504 1900 1540 1936 &
1561 1900 1753 1938 Lucretius
1773 1902 2001 1951 loquuntur,
2029 1905 2175 1956 usurpa·

1136 1961 1189 1989 vit
1208 1952 1282 1990 hoc
1302 1950 1405 1988 versu
1427 1950 1524 1997 apud
1545 1950 1765 1988 Priscianum
1795 1952 1858 1992 lib.
1883 1965 1937 1990 ix.
2170 1951 2174 1954 ’

1193 2026 1262 2058 Hos
1279 2017 1377 2069 pestis
1400 2017 1510 2055 necuit
1526 2044 1538 2063 ,
1558 2027 1640 2068 pars
1661 2021 1780 2059 occidit
1799 2021 1865 2059 illa
1886 2023 2037 2071 duellis,

1138 2093 1186 2131 Et
1208 2093 1408 2134 Horatius,
1437 2090 1593 2128 idoneus
1616 2092 1802 2133 latinitatis
1818 2096 1985 2144 Author,
2014 2099 2176 2141 Odezrg

1138 2143 1243 2182 lib.1.
1269 2143 1332 2180 ubi
1361 2142 1407 2179 de
1428 2141 1538 2179 tribus
1562 2142 1628 2180 illis
1658 2145 1888 2200 horribilibus
1917 2150 2019 2188 malis
2036 2162 2175 2202 nempe

1140 2195 1237 2233 bello
1253 2222 1264 2240 ,
1292 2194 1414 2235 fame,
1445 2192 1482 2229 &
1503 2191 1728 2239 pestilentia:

1199 2271 1264 2310 Hic
1288 2269 1414 2307 bellum
1436 2269 1665 2318 lacrymosum
1682 2300 1692 2316 ,
1720 2271 1774 2310 hic
1788 2275 1950 2324 miseram
1960 2278 2125 2324 samemj

1247 2321 1439 2371 Pestemque
1456 2319 1481 2356 a
1497 2323 1614 2368 populo
1633 2334 1676 2362 ω·
1700 2327 1854 2376 Principe
1873 2331 2017 2376 Caesare
2029 2355 2041 2375 ,
2069 2329 2108 2366 in

1296 2375 1417 2421 Persas
1438 2382 1541 2423 atque
1562 2375 1747 2416 Britannos

1346 2422 1460 2472 Vestra
1482 2434 1596 2461 motus
1609 2436 1684 2473 aget
1699 2436 1804 2475 prece.

1141 2511 1297 2560 Justinus
1317 2510 1426 2548 etlam
1456 2509 1518 2547 lib.
1539 2522 1600 2548 xx.
1627 2510 1678 2548 Ob
1691 2513 1772 2550 haec
1788 2525 1866 2551 cum
1884 2513 1966 2561 peste
1984 2512 2178 2562 &seditio-

1142 2564 1243 2601 nibus
1275 2571 1494 2618 vexarentur
1512 2588 1522 2605 ‚
1554 2562 1679 2608 priores
1709 2565 1944 2613 Crotonienses
1973 2565 2177 2613 Delphicum

1144 2613 1324 2670 oraculum
1348 2614 1525 2650 adierunt.
1562 2613 1688 2662 Atque
1710 2615 1769 2652 alii
1792 2628 1907 2664 prope
1929 2615 2179 2654 innumerabi-

1139 2667 1190 2705 les
1216 2666 1372 2702 Latinae
1406 2664 1575 2712 Linguae
1603 2666 1786 2705 authores.
1840 2668 1944 2704 Haec
1981 2677 2104 2704 autern
2135 2665 2180 2703 Ii-

1140 2717 1268 2755 benter
1291 2714 1311 2751 a
1333 2726 1394 2752 me
1418 2715 1604 2753 vindicata
1632 2717 1711 2755 sunt
1731 2745 1743 2762 ‚
1781 2717 1881 2766 quod
1904 2717 2068 2755 studit->lis
2088 2728 2180 2754 con-

1136 2768 1271 2806 sultum
1296 2765 1429 2822 velle-m
1453 2790 1465 2809 ,
1501 2778 1547 2803 ne
1575 2778 1648 2814 qua
1674 2768 1848 2815 deinceps
1889 2768 2069 2806 dubitatio
2096 2767 2183 2806 scri·

1140 2820 1268 2856 bentes
1304 2824 1474 2854 oratione
1502 2817 1637 2855 astrieta
1663 2827 1868 2857 remoretur
1890 2847 1902 2865 ‚
1941 2819 2056 2858 soluta
2075 2819 2180 2859 enim

1143 2869 1313 2908 libentius
1332 2868 1520 2915 pestilentia
1541 2877 1673 2907 uterer.
1700 2870 1899 2909 sitnon.

1201 2931 1286 2969 579.
1314 2924 1424 2969 thue
1443 2929 1538 2975 nepos
1558 2919 1756 2971 Aethrae]
1787 2920 1910 2966 ldest,
1940 2922 2184 2971 Hippolytus:

1145 2972 1391 3010 INTERPRES.
1430 2970 1657 3021 Hippolytus
1686 2984 1731 3010 ex
1752 2971 1902 3012 Theseo
1934 2982 2032 3020 patre
2065 2983 2181 3019 nepos

1148 3023 1311 3061 Aethrae
1334 3049 1344 3065 ‚
1383 3023 1447 3071 qui
1479 3022 1569 3060 dum
1602 3023 1783 3062 coelibem
1817 3027 1931 3063 vitam
1954 3025 2090 3062 ducens
2110 3022 2183 3060 sese

1148 3084 1286 3112 venatu
1314 3080 1505 3127 exerceret
1529 3101 1540 3118 ‚
1577 3073 1616 3109 &
1644 3075 1820 3112 constanti
1854 3077 1982 3113 animo
2014 3074 2186 3112 mulieres

1149 3126 1352 3174 sperneret,
1382 3135 1402 3160 a
1426 3124 1588 3161 Phaedra
1605 3135 1766 3164 noverca
1785 3134 1884 3175 patre
1910 3126 2052 3164 absente
2069 3122 2187 3171 turpi·

1153 3186 1209 3215 ter
1226 3182 1368 3228 amatus
1390 3174 1460 3216 est,
1492 3175 1593 3223 cujus
1624 3175 1803 3217 desiderio
1822 3188 1906 3215 cuni
1930 3177 2196 3223 obtemperare*

1155 3226 1348 3270 noluiflet,
1377 3225 1520 3263 reverso
1545 3234 1643 3272 patre
1664 3238 1824 3266 noverca
1855 3227 1924 3264 sese
1944 3226 1987 3263 ab
2006 3236 2053 3262 eo
2075 3226 2190 3262 inter-

1158 3278 1331 3327 pellatam
1348 3275 1466 3316 fluxit:
1495 3276 1715 3366 Theseusrin
1738 3279 1900 3317 furorem
1929 3274 2048 3316 versus
2067 3274 2189 3364 filiugi

1648 3369 1652 3373 .
1714 3338 1735 3364 2·
2105 3339 2145 3366 ur
2173 3337 2195 3365 e
