2547 3708
2527 0 2547 127 ρ

372 148 461 191 126
1110 135 1654 196 J.MA⁴SSON
2478 107 2547 174 -ῗ-ἐ,

359 251 471 282 cum
508 240 811 289 ΟΥΗΙΔΙΟΣ,
845 229 986 277 fuerit
1010 227 1180 274 Latine
1212 221 1532 286 VEIDIVS,
1567 242 1854 291 nequaquam
1881 242 1990 274 vero
2025 226 2338 275 OVIDIVS.
2401 227 2492 288 Ut·
2529 217 2547 279 ἐι

359 299 537 347 neceffe
560 300 670 346 huic
694 308 974 360 argumento
998 291 1348 340 corroborando
1372 309 1465 338 non
1491 293 1576 350 fit,
1612 292 1689 338 hic
1721 292 1974 350 discutere,
2007 307 2063 337 an
2086 292 2368 353 Scalptoris,
2400 295 2475 344 vel
2530 295 2547 345 '24'

359 365 676 427 Exscriptoris
712 362 845 424 culpa
881 375 1007 406 nunc
1042 357 1287 404 habeamus
1323 368 1575 405 ΟΥΗΔΙΟΣ
1613 357 1660 402 ὃς
1697 356 1958 405 VEDiVS
1996 371 2081 419 pro
2118 366 2390 403 ΟΥΗΙΔΙΟΣ
2422 370 2472 410 ac
2530 359 2547 413 14

363 429 670 478 VEIDIVS.
740 427 913 488 Neque
938 422 1079 487 magis
1102 421 1379 484 requiritur,
1415 436 1467 469 ut
1490 420 1761 468 definiamus
1784 437 1873 483 qua
1893 421 2070 466 ratione
2099 418 2294 467 famosus
2315 422 2389 467 ille
2412 423 2478 468 E-
2530 426 2547 484 5

362 512 458 558 ques
482 497 752 550 Romanus,
787 506 838 536 ac
873 507 920 535 ex
943 490 1109 536 Amicis
1134 486 1312 548 Augusti
1338 489 1418 546 (a),
1455 502 1714 550 quanquam
1739 487 1983 532 Libertinus
2001 501 2143 547 genere
2171 485 2282 546 (b),
2317 485 2478 534 scriba,
2530 474 2547 556 5

364 574 442 606 tur
467 560 633 606 Latine
672 558 716 602 in
740 555 940 618 vulgatis
968 552 1092 600 Tullii
1116 556 1208 612 (c),
1243 552 1415 598 Senecae
1439 552 1538 613 (d),
1574 553 1741 609 Plinii,
1776 548 1976 597 &Taciti
2001 550 2062 609 (e)
2093 550 2331 596 codicibus
2365 551 2479 599 VE-
2536 557 2547 617 5

365 625 529 672 DIVS
566 622 859 678 POLLIO,
895 631 1035 681 atque
1054 617 1175 679 apud
1199 617 1383 663 Dionem
1410 616 1473 679 (f)
1510 616 1690 663 Graece
1725 625 1978 663 ΟΥΗΔΙΟΣ
2013 625 2292 662 ΠΩΛΛΙΩΝ.
2327 615 2480 665 Facile
2535 618 2539 625 '

364 687 576 752 prose6to
612 685 767 732 scribis
791 684 882 730 fuit
908 685 945 729 I.
970 683 1136 747 prioris
1169 679 1360 744 syllabae
1384 682 1628 741 omittere,
1664 682 1789 744 quod
1815 681 2158 744 Diphthongus
2182 680 2265 726 EI.
2288 680 2482 741 Latine,

369 753 445 799 seu
480 753 573 798 HI.
610 751 791 797 Graece
815 747 1011 796 eundem
1033 747 1225 805 sonum,
1261 762 1313 792 ac
1341 746 1535 810 simplex
1558 746 1617 792 E.
1643 746 1733 794 five
1758 747 1825 793 H.
1848 746 1995 809 vulgo
2021 745 2223 792 haberet.
2259 750 2324 791 At
2345 748 2497 808 aequd'
2531 745 2534 795 ⁴}

365 818 551 879 stringit
577 816 651 861 illa
677 814 970 861 ratiocinatio
986 812 1458 875 nostra‚quocunque
1483 811 1626 857 modo
1647 811 1693 857 id
1715 827 1887 858 nomen
1910 810 2160 869 scribatur,
2178 809 2481 871 VEIDIVS,

365 896 444 928 aut
470 880 692 927 VEDIV
700 880 745 927 S.
1508 875 1512 879 ’

432 945 525 992 ΧΙ.
562 946 709 992 Nova
741 956 970 1006 praeterea
1003 954 1277 1005 argumenta
1311 941 1442 988 nobis
1475 942 1735 1006 suppeditat
1760 942 1939 990 Genius
1976 941 2025 987 δε
2059 942 2269 1001 Analogia
2301 939 2498 1004 linguae'
2533 977 2535 982 .

369 1011 591 1058 Graecae.
670 1009 853 1056 Exinde
886 1009 1010 1055 enim
1048 1008 1251 1070 primum
1290 1007 1471 1053 constat
1497 1040 1511 1065 ,
1558 1009 1743 1055 OV1D11
1780 1023 1953 1054 nomen
1987 1007 2167 1053 Graece
2198 1005 2485 1054 scribendum
2534 1026 2535 1031 ¹

369 1076 502 1122 fuifle
537 1086 805 1121 ΟΟΥΙΔΙΟΣ
825 1109 836 1129 ,
871 1073 943 1120 vel
976 1083 1227 1127 ΟΒΙΔΙΟΣ;
1272 1071 1374 1118 alias
1408 1073 1555 1134 prima
1593 1073 1792 1119 nominis
1824 1073 1976 1119 littera
1999 1071 2046 1118 ἃ
2071 1069 2237 1135 syllaba
2262 1059 2488 1133 periisset}

368 1154 507 1204 atque
533 1141 645 1187 adeo
671 1156 843 1186 nomen
869 1138 1013 1200 ipsum
1038 1138 1085 1183 in
1108 1137 1230 1183 aliud
1254 1136 1386 1200 plane
1408 1135 1634 1183 diversum
1658 1137 1767 1184 effet
1800 1149 2048 1184 mutatum.
2093 1136 2352 1198 Nunquam
2388 1133 2486 1185 sane
2507 1130 2510 1134 ’
2534 1163 2536 1166 >

369 1218 580 1264 ΥΗΡΟΣ,
628 1221 713 1269 pro
751 1216 994 1252 OTHPOZ.
1034 1203 1148 1249 mihi
1178 1201 1386 1248 occurrit
1408 1235 1433 1261 ,.
1467 1201 1551 1248 etsi
1585 1202 1827 1266 aliquoties
1861 1204 1908 1249 in
1946 1201 2172 1248 Nummis
2207 1211 2488 1261 ΣΕΥΗΡΟΣ,

367 1287 453 1335 pro
491 1282 806 1319 ΣΕΟΥΗΡΟΣ,
856 1269 1061 1332 legerim.
1132 1267 1198 1313 At
1229 1267 1366 1314 Verus
1398 1282 1449 1313 ac
1485 1269 1663 1314 Severus
1697 1266 1852 1330 paffim
1885 1269 1934 1313 in
1959 1267 2186 1314 Numinis
2213 1265 2488 1328 Lapidibus·

371 1353 459 1399 que
504 1347 720 1384 ornroz
769 1335 817 1381 ὃς
853 1341 1139 1380 ΣΕΟΥΗΡΟΣ
1181 1331 1480 1391 scribuntur,
1526 1331 1740 1378 rarisfime
1773 1348 1883 1380 vero
1926 1343 2100 1380 ΒΗΡΘΣ
2147 1332 2197 1379 &
2230 1341 2492 1379 ΣΕΒΗΡΟΣ.
2535 1350 2539 1359 .

369 1403 557 1449 Deinde
586 1402 622 1446 Ι.
648 1400 835 1463 quidem
869 1400 1064 1462 longum
1104 1394 1348 1459 saepiffime
1382 1396 1504 1460 apud
1541 1398 1780 1458 Graecos,
1814 1397 1884 1444 uti
1919 1398 1967 1444 &
1999 1397 2120 1458 apud
2154 1397 2374 1453 Latinos,
2409 1398 2496 1459 per'

371 1467 456 1513 EI.
492 1464 744 1521 scribitur3
796 1463 857 1510 fic
900 1471 1284 1511 ΑΝΤΩΝΕΙΝΟΣ
1321 1477 1405 1524 pro
1443 1461 1890 1510 AN‘i·ON1NVS
1913 1495 1926 1518 ‚
1974 1460 2367 1509 LEIBERTAS
2403 1473 2499 1523 pro·
2535 1477 2537 1484 ⁴

371 1531 748 1586 LIBERTAS,
784 1529 875 1574 &o
912 1529 1090 1582 Verum
1122 1529 1159 1573 l.
1201 1526 1341 1572 breve
1374 1541 1456 1588 per
1494 1527 1586 1572 HI.
1620 1543 1884 1590 nunquam,
1918 1527 1966 1573 ni
2000 1526 2164 1584 fallor,
2197 1525 2489 1588 exprimitur.

373 1597 643 1659 Corripitur
665 1607 817 1641 autem
844 1594 879 1638 1.
905 1595 953 1639 in
986 1592 1178 1638 secunda
1206 1592 1390 1637 Ovmn
1427 1590 1621 1650 svllaba,
1658 1609 1743 1655 pro
1777 1605 1830 1639 ut
1864 1592 1935 1638 vel
1968 1607 2025 1638 ex
2050 1590 2266 1638 Martiale
2292 1602 2488 1651 notumj
2535 1584 2537 1603 “

373 1660 484 1708 Lib.
516 1667 551 1707 Ι.
577 1660 718 1722 Epig.
748 1666 851 1705 106.
877 1657 946 1722 (g)
973 1658 1053 1703 ubi
1077 1657 1132 1702 ad
1156 1654 1284 1701 suum
1310 1643 1580 1702 familiarem
1606 1656 1679 1717 Q
1697 1657 1952 1705 Ovidium:

568 1753 620 1798 In
643 1752 946 1811 Nomentanis,
983 1753 1146 1796 OVIDI
1162 1782 1175 1804 ,
1209 1749 1317 1809 quod
1338 1747 1521 1809 nascitur
1543 1749 1689 1806 arvis,
1726 1748 1821 1793 &a

372 1845 592 1908 Denique
619 1844 712 1889 HI.
735 1843 781 1888 in
807 1851 1079 1889 ΟΥΗΙΔΙΟΣ
1115 1854 1210 1886 non
1233 1836 1375 1884 modo
1399 1853 1484 1901 pro
1509 1838 1546 1884 I.
1568 1836 1715 1884 vocali
1740 1836 1880 1899 longa
1905 1834 1989 1881 stat
2006 1868 2021 1893 ,
2055 1834 2127 1881 sed
2153 1835 2200 1882 &
2226 1852 2309 1899 pro
2336 1837 2492 1900 Diph-
2535 1832 2538 1890 ξ

372 1910 560 1972 thongo
592 1906 762 1965 divisa,
797 1910 929 1969 juxta
962 1907 1158 1953 formam
1198 1904 1380 1949 [micam
1417 1902 1502 1964 (h).
1561 1902 1718 1965 Igitur
1752 1899 2144 1964 quemadmodum
2180 1912 2490 1950 ΠΟΜΠΗΙΟΣ
2536 1924 2538 1939 ν

372 1975 422 2020 in
450 1974 674 2020 Nummis
706 1971 754 2017 ὃς
780 1965 1097 2034 Scriptoribus
1133 1969 1326 2015 Graecis
1355 1966 1596 2028 usurpatur
1631 1983 1716 2027 pro
1744 1966 2024 2012 Latinorum
2060 1966 2362 2027 pommus,
2398 1983 2491 2023 non
2536 1967 2537 1975 ’

371 2055 482 2086 vero
517 2040 789 2092 Pompms3
840 2037 903 2082 ita
931 2036 978 2082 δί
1015 2043 1286 2082 ΟΥΗΙΔΙΟΣ
1324 2049 1413 2095 pro
1451 2030 1740 2078 VEIDIVS
1777 2032 1969 2077 omnino
2003 2028 2280 2090 sumendus,
2325 2048 2492 2095 nequa-

374 2119 511 2166 quam
539 2118 650 2149 vero
679 2117 766 2164 pro
804 2100 1116 2148 OVIDIVS.
2493 2150 2500 2155 .
2536 2114 2537 2144 ;

444 2167 564 2214 XII.
601 2166 689 2211 His
716 2167 780 2211 ita
805 2164 1028 2223 discuffis,
1055 2164 1240 2229 penitus
1264 2160 1541 2208 evanescunt
1565 2160 1826 2208 CLSalvini
1845 2158 1984 2206 dubia
2000 2158 2069 2220 (i).
2106 2159 2251 2220 Qod
2276 2159 2376 2207 sane
2399 2162 2492 2224 pri·
2535 2159 2538 2228 1

376 2247 505 2279 mum
543 2230 739 2292 objicit,
773 2229 826 2275 H
854 2230 961 2275 loco
996 2231 1054 2279 τέ
1091 2232 1142 2288 Ι,
1166 2228 1314 2289 sapere
1332 2226 1562 2288 sequiorem
1597 2235 1801 2281 aetatem,
1838 2224 1961 2282 hoc,
1996 2225 2212 2286 inquam,
2247 2242 2340 2271 non
2375 2225 2492 2272 bene
2535 2236 2538 2283 ξ

375 2297 544 2360 capio3
581 2293 802 2357 siquidem
827 2293 919 2341 HI.
946 2295 994 2340 in
1028 2302 1301 2341 ΟΥΗΙΔΙΟΣ
1337 2306 1434 2336 non
1457 2289 1600 2351 magis
1623 2289 1706 2336 stat
1728 2305 1813 2352 pro
1840 2289 1889 2347 Ι,
1924 2303 2061 2351 quam
2086 2290 2133 2334 in
2168 2300 2492 2339 ΠΟΜΠΗΙΟΣ.
2535 2286 2547 2361 l‘

377 2367 445 2408 20.
482 2361 557 2408 Ex
582 2360 676 2405 hoc
699 2357 837 2404 etiam
862 2359 1078 2421 exemplo
1103 2357 1295 2404 solvitur
1318 2353 1442 2418 quod
1467 2352 1632 2400 deinde
1655 2354 1862 2416 quaerit,
1897 2353 1998 2414 quid
2015 2369 2183 2415 nempe
2194 2355 2339 2417 faciat
2360 2359 2418 2403 ibi
2444 2354 2493 2404 ro*
2535 2348 2537 2362 ⁴

378 2426 403 2473 I
431 2425 492 2473 τώ
518 2426 570 2471 H
596 2421 880 2486 adscriptum?
922 2427 982 2485 30.
1018 2424 1151 2469 Dum
1179 2433 1341 2482 rogat,
1375 2419 1478 2480 quid
1496 2419 1542 2464 S.
1564 2420 1846 2465 Romanorum
1869 2420 1912 2463 in
1924 2418 2041 2478 fine,
2064 2419 2193 2465 vocis
2217 2419 2310 2466 scil.
2337 2433 2492 2469 ΟΥΗΙ-

377 2477 543 2547 ΔΙόΣ,
579 2488 745 2544 faciat3
782 2487 934 2550 arguit
972 2486 1160 2550 quidem
1197 2496 1361 2530 contra
1391 2483 1627 2546 vulgatam
1662 2483 1867 2530 Nummi
1908 2482 2124 2541 iconem,
2160 2486 2349 2531 minime
2382 2503 2491 2533 vero

378 2568 544 2601 contra
572 2554 845 2600 Nummum
868 2551 1017 2615 ipsum
1033 2584 1049 2610 ,
1085 2551 1133 2597 in
1155 2566 1248 2613 quo
1271 2564 1367 2595 non
1389 2548 1617 2596 Latinum
1641 2549 1685 2597 S.
1709 2547 1782 2595 sed
1807 2563 1975 2611 purum
2001 2560 2168 2611 putum
2193 2550 2428 2598 Graecum
2454 2562 2488 2597 Σ

380 2630 585 2683 apparet.

436 2750 496 2798 (a)
530 2745 635 2786 Plin.
661 2744 758 2787 Hist.
781 2743 873 2785 Lib.
896 2742 971 2785 IX.
996 2756 1032 2784 c.
1057 2756 1119 2799 23.
2535 2750 2537 2773 ὲ

439 2802 500 2852 (b)
528 2799 604 2839 Dio
628 2797 718 2839 Lib.
744 2797 858 2839 LIV.
877 2810 912 2848 p.
938 2799 1029 2851 536.

436 2856 500 2905 (c)
532 2853 598 2893 Ad
626 2853 750 2893 Attic.
771 2850 864 2891 Lib.
888 2849 1102 2902 V1.Epist.
1132 2862 1168 2890 1.
2540 2859 2543 2865 ·

441 2908 506 2958 (d)
540 2906 625 2947 Lib.
651 2905 720 2945 ΙΙΙ.
743 2904 792 2944 de
812 2904 879 2943 Ira
897 2917 931 2943 c.
952 2915 1017 2955 40.
1037 2903 1076 2944 ὅ(
1095 2902 1146 2942 de
1165 2901 1290 2943 Clem.
1314 2901 1403 2945 Lib.
1428 2900 1458 2942 I.
1485 2913 1522 2946 c,
1548 2898 1608 2941 18.
1639 2900 1704 2941 ubi
1729 2908 1864 2942 tamen
1886 2900 1927 2942 in
1949 2901 2159 2943 nonnullis
2182 2900 2317 2946 Codd.
2339 2900 2492 2944 Nedius
2534 2934 2537 2952 ,

383 2960 529 3010 Pollio,
560 2960 600 2999 in
619 2959 704 2998 aliis
726 2956 875 2997 Hedius
897 2956 1018 2996 Pollio
1040 2955 1194 3009 legitur.
2534 2980 2536 2982 -

440 3014 499 3064 (e)
533 3012 682 3052 Annal.
707 3009 794 3052 Lib.
820 3010 852 3050 Ι.
876 3023 911 3050 c.
941 3022 1003 3052 10.

439 3066 502 3118 (f)
536 3064 639 3105 Loc.
663 3065 729 3104 cit.

442 3122 506 3171 (g)
533 3118 638 3158 Vide
663 3118 701 3158 &
724 3116 811 3157 Lib.
834 3115 933 3158 V11.
952 3113 1026 3167 Ep.
1046 3126 1109 3168 43.
1133 3127 1201 3167 44.
1220 3113 1313 3155 Lib.
1338 3114 1414 3157 IX.
1439 3112 1512 3167 Ep.
1538 3125 1598 3168 53.
1627 3127 1712 3156 100.
1736 3115 1812 3157 &e
2535 3136 2536 3164 ἢ

437 3174 502 3225 (h)
534 3171 628 3212 Vid.
647 3171 800 3223 Georg.
823 3169 992 3211 Martia.
1015 3168 1064 3209 de
1087 3168 1231 3209 Graec.
1254 3167 1399 3211 Litter.
1423 3169 1622 3210 Pronunt.
1649 3182 1686 3222 p.
1707 3182 1771 3212 22.
1794 3171 1842 3213 ad
1868 3174 2024 3214 calcem
2043 3167 2230 3210 Moeridis
2250 3167 2326 3210 Ed.
2347 3168 2485 3212 Oxon‘.
2534 3187 2536 3198 .

436 3227 490 3278 (i)
521 3225 568 3268 In
593 3225 695 3268 Add.
716 3223 765 3266 ad
785 3222 841 3265 T.
870 3236 902 3265 ι.
924 3223 973 3265 de
994 3222 1137 3265 Praest.
1164 3220 1300 3267 Num.
1322 3236 1360 3275 p.

2534 2866 2537 2878 -
2535 2720 2546 2834 ..xm-¹..
