2547 3708
794 177 818 234 I
961 176 1008 234 B

1157 178 1186 235 1-
1326 181 1378 238 S.

232 304 335 358 475
372 279 447 337 Ut
471 281 612 336 ferus
640 276 927 343 AeolideS,
963 289 1023 360 ut
1046 279 1297 350 sanguine
1322 293 1499 336 cretus
1525 276 1752 348 eodem,

446 355 576 426 Quo
602 353 780 426 genita
816 351 916 415 est,
953 352 1166 423 liquidis
1193 370 1329 423 quae
1357 368 1503 408 caret
1534 355 1722 410 Areios
1748 357 1909 428 aquis.

374 427 449 482 Ut
476 425 714 481 Macedo
739 426 933 496 rapidis
958 424 1058 479 ista
1084 424 1156 479 est
1183 443 1307 479 cum
1335 426 1564 498 conjuge
1591 427 1849 494 flammiS,

444 499 563 563 Sic,
598 515 820 571 precor,
858 498 1083 552 aetherii
1109 498 1335 552 vindicis
1358 499 1482 570 igne
1509 504 1680 556 cadas.

58 626 71 645 Χ

78 714 215 760 tentia,
242 710 547 762 quodsacrorum
559 717 685 748 arcana
706 704 926 754 evulgaffet,
954 713 993 743 ut
1015 705 1110 743 Pau-

82 767 193 806 sanias
213 766 250 803 in
272 762 456 801 Boeoticis
477 762 515 798 &
541 756 910 795 Laertiustradidere.
965 757 1023 794 De
1034 757 1109 794 hoc

80 817 182 856 enim
206 816 243 853 &
263 814 500 862 Epigramma
527 809 616 847 illud
629 815 749 845 extat:
778 809 911 849 Θρήϊκιι
932 809 1111 854 χρυσολύ-

81 880 138 914 ρην
160 862 237 912 7223·
248 861 382 910 Ο“ρφέοε
393 862 528 898 Μοῦσαι
544 858 698 903 ἔθαψαν,
729 855 925 895 omnnem
937 857 1112 904 ὑψιμέδων

80 921 170 960 Ζεῡς
201 915 492 960 ψολοέντιΒέλει.
544 912 653 959 Quae
677 921 723 946 eo
754 910 814 947 hic
844 909 996 958 subjicio
1022 937 1033 954 ,
1071 918 1112 947 ut

77 968 209 1008 leerori
227 965 380 1015 amplius
398 962 585 1012 cogitandi
602 960 746 998 occasio
768 961 992 1008 praebeatur.
1029 960 1111 997 Mr-

80 1030 194 1058 crtr..
218 1018 335 1055 Vetus
363 1015 540 1061 Interpres
563 1013 736 1049 Atracem
760 1010 974 1048 Thessalum
1003 1010 1111 1048 intel-

79 1070 158 1120 ligit
172 1097 182 1114 ,
208 1069 271 1119 qui
294 1077 377 1106 cum
399 1063 509 1102 filiam
524 1062 736 1102 Dofithoe'n
758 1061 830 1099 slve
843 1061 1080 1109 Thefiphilen
1095 1089 1105 1106 ,

79 1130 122 1159 ut
131 1121 299 1158 Zarottus
311 1117 398 1164 legit
412 1143 422 1159 ,
436 1113 456 1152 a
468 1115 563 1161 Jove
574 1111 1027 1160 compress'am'dimisiffet,
1040 1113 1109 1150 ful-

79 1172 181 1209 mine
192 1169 281 1208 iiius
293 1168 345 1205 fit.
357 1167 482 1205 Alium
496 1165 706 1202 Authorem
720 1163 897 1201 desidero.
911 1164 1107 1200 Sarvaen.

127 1231 216 1268 473.
243 1225 285 1256 Ut
300 1219 394 1267 soror
414 1213 633 1262 Autonoes.]
664 1214 706 1251 Id
740 1213 789 1250 est
808 1241 817 1258 ,
854 1213 1012 1252 Semele.
1065 1218 1108 1250 Ut

79 1271 134 1308 cui
154 1279 344 1306 matertera
366 1267 469 1304 Maia
487 1265 532 1310 est
546 1293 556 1309 ‚
584 1264 620 1301 id
643 1264 714 1309 est,
743 1264 893 1302 Teucer
915 1293 926 1309 ,
953 1267 1016 1313 qui
1039 1265 1109 1302 fuit

75 1321 168 1359 filius
192 1318 356 1357 Eleetrae
379 1316 508 1356 sororis
530 1315 653 1353 Maiae
672 1343 682 1359 ‚
722 1313 742 1352 a
765 1315 859 1361 Jove
882 1315 1108 1353 fulminatus.

75 1376 122 1409 Et
143 1380 266 1408 temere
283 1378 436 1418 optatos,
463 1366 500 1404 id
530 1367 603 1410 est,
632 1366 812 1404 Pha'e'ton.
865 1366 1041 1404 lunam<
1053 1378 1108 1404 es.

74 1423 183 1460 Haec
203 1421 252 1459 est
272 1418 417 1458 Semele
429 1417 563 1455 Bacchi
584 1418 706 1454 Mater
719 1445 729 1461 ‚
755 1417 955 1455 Autonoes
970 1416 1108 1455 &Inus

76 1472 177 1510 soror
206 1483 251 1510 ex
284 1468 490 1520 parentibus
521 1467 669 1506 Cadmo
707 1469 745 1506 ὃ(
778 1468 1000 1506 Hermione.
1053 1467 1108 1506 Illi

77 1523 181 1571 Jovis
203 1518 408 1570 comprefl‘u
426 1518 599 1568 gravidae
619 1519 732 1556 etiam
760 1518 804 1557 ad
824 1518 1038 1568 pariendum
1051 1519 1107 1557 vi-

77 1574 204 1618 cinae,
230 1573 329 1620 Juno
353 1599 364 1615 ,
399 1582 495 1620 quae
524 1569 587 1608 fibi
614 1570 714 1607 illam
745 1569 1021 1619 disperdendam
1043 1569 1107 1608 de-

74 1633 239 1663 creverat
265 1651 275 1668 ,
310 1623 347 1660 in
378 1633 488 1660 anum
521 1619 719 1665 conversa,
748 1620 996 1669 persuaserat,
1025 1628 1065 1658 ut
1084 1620 1103 1658 a

75 1674 197 1723 Jove,
224 1686 287 1724 per
316 1673 480 1722 Stygiam
511 1671 682 1720 paludem
712 1671 858 1720 jurato,
887 1672 1104 1720 complexus

76 1724 227 1764 eosdem
248 1732 409 1773 peteret,
435 1722 565 1773 quibus
586 1722 657 1770 ipse
678 1722 866 1768 Junonem
890 1723 995 1760 beare
1015 1723 1107 1760 sole-

76 1783 142 1814 ret.
169 1775 300 1825 Itaque
321 1775 482 1822 Jupiter,
511 1775 574 1823 qui
594 1774 627 1810 ei
649 1773 832 1822 pollicitus
853 1782 928 1811 erat
950 1774 983 1810 se
997 1772 1104 1822 quid-

73 1826 165 1876 quid
181 1827 239 1865 illa
269 1833 408 1875 peteret
436 1822 690 1862 concessurum
711 1851 722 1869 ‚
760 1825 895 1862 invitus
926 1824 971 1862 ad
992 1824 1105 1872 ipsam

78 1877 267 1915 fulmineis
300 1875 481 1913 manubiis
510 1883 669 1913 armatus
698 1875 841 1913 acceffit
863 1902 874 1920 ,
911 1874 1106 1924 statimque

78 1927 224 1964 Semele
245 1926 408 1964 fulminis
441 1927 518 1964 vim
550 1937 628 1963 non
657 1925 850 1970 sustinens,
881 1927 915 1963 in
941 1928 1105 1964 cinerem

78 1976 252 2014 conversa
272 1978 332 2014 est.
383 1976 517 2013 Fabula
536 1976 718 2012 notiffima
740 1989 784 2014 ex
806 1976 950 2013 Ovidio
970 1977 1027 2013 lib.
1044 1989 1107 2016 ux.

77 2026 329 2074 Metamorpb.
384 2026 584 2062 sarviam.
613 2026 655 2062 In
670 2025 916 2075 Mff.legitur‚
945 2025 1105 2070 Desitoes,

77 2078 239 2114 Dexitoer
251 2105 262 2121 ,
290 2074 445 2124 Destodes
459 2103 469 2120 ‚
481 2075 671 2124 Theophiles
684 2103 694 2120 ,
711 2081 875 2114 Dextroes
889 2104 899 2120 ,
923 2076 1108 2114 Dexithoos

77 2128 153 2166 ὅτε.
178 2128 331 2165 nomina
348 2126 562 2174 ignorabilia
576 2126 784 2162 Dexitheam
798 2126 937 2163 Minois
951 2138 1105 2164 uxorem

78 2185 264 2216 memorat
287 2176 509 2224 Apollodor.
537 2176 597 2213 lib.
621 2188 684 2213 111.
712 2176 802 2214 Bibl.
833 2178 913 2217 §.2.
940 2177 1011 2215 Sed
1027 2178 1106 2225 quis

81 2229 156 2276 ejus
179 2237 278 2277 pater
297 2227 405 2265 fuerit
425 2238 500 2263 non
522 2226 642 2263 addit.
671 2227 812 2264 Atracis
826 2227 939 2263 filiam
967 2229 1105 2264 Dama-

80 2278 202 2328 fippen
228 2306 238 2323 ,
288 2276 472 2315 Cassandri
504 2277 658 2314 Thracii
689 2278 783 2325 regis
808 2288 963 2315 uxorem
994 2286 1105 2316 vocat

80 2329 246 2368 Plutarch
266 2328 311 2367 de
334 2328 493 2366 Flumin.
511 2328 547 2364 in
564 2326 683 2364 Hebro.
726 2327 851 2366 Euam.

133 2390 216 2428 473.
242 2386 285 2416 Ut
305 2379 359 2416 cm'
380 2388 567 2415 matertera
591 2380 696 2414 Maia
720 2377 802 2428 est.]
842 2378 915 2416 Alii
934 2379 1106 2417 alioshoc

82 2429 186 2474 loco,
219 2441 288 2479 ego
308 2429 494 2476 Jasionem
519 2427 844 2475 Electraefflovis
863 2429 1000 2475 filium,
1014 2431 1108 2467 Dara

83 2480 166 2518 dani
188 2481 331 2518 fratrem
349 2480 513 2529 intelligo
528 2507 538 2524 ,
566 2480 629 2528 qui
649 2481 752 2529 quod
782 2480 959 2518 Cererem
981 2480 1108 2518 violas-

83 2530 154 2576 set,
182 2531 336 2570 fulmine
357 2531 446 2568 iritus
474 2531 648 2575 traditur,
686 2540 725 2568 ut
743 2531 961 2569 Comment.
989 2532 1107 2580 Apol-

81 2580 194 2626 lonii,
221 2593 268 2620 ex
287 2581 480 2619 Hellanico
502 2582 539 2618 ὅ(
564 2581 770 2619 idomeneo
794 2583 1107 2620 autoribusanno-

85 2637 150 2685 tat.
182 2632 266 2670 Fuit
287 2642 411 2670 autem
438 2632 578 2670 Electra
602 2632 758 2670 Atlantis
781 2633 850 2670 filia
865 2660 875 2676 ,
901 2631 1002 2671 soror
1024 2634 1107 2671 Ma·-

84 2689 156 2735 Jae.
202 2683 377 2721 Micrtr„
402 2683 523 2729 Jasion
552 2683 653 2730 Jovis
675 2684 712 2720 &
732 2683 898 2721 Elecstrae
918 2683 1109 2729 filius,cu-

84 2740 146 2778 Jus
169 2731 272 2770 Ma'ia
289 2742 504 2777 matertera,
533 2745 617 2783 cum
640 2734 711 2781 ipsa
740 2736 779 2772 &
809 2734 950 2772 Elestra
973 2735 1111 2773 sorores

89 2780 226 2836 fuerint
246 2791 290 2818 ex
308 2783 466 2822 Atlante.
518 2784 625 2823 Illum
646 2784 668 2822 a
687 2785 783 2832 Jove
813 2783 1017 2834 percussum
1044 2785 1111 2824 ful-

90 2841 214 2875 mine,
239 2831 340 2878 quod
369 2844 452 2870 cum
480 2835 613 2873 Cerere
644 2836 844 2875 conrueflet
865 2864 875 2880 ,
913 2837 1045 2874 author
1065 2837 1113 2874 est

90 2880 279 2918 Homerus
301 2880 532 2930 libroquinto
559 2886 686 2935 Odyff.
725 2887 913 2925 Diodorus
947 2888 1108 2931 Siculus.

89 2931 284 2988 ῌΥὲῐῦϋὸ,
317 2931 522 2988 Tletlesjn
544 2935 844 2985 Lycophronem.
866 2949 989 2987 x1.29.
1018 2938 1110 2975 Scri-

91 2980 143 3020 bit
162 2991 286 3020 autem
309 2981 498 3030 Apollonii
520 2983 775 3025 Scholiastesin
793 2989 886 3026 libro
908 2992 1028 3038 primo
1044 2991 1111 3026 Ar·

90 3042 240 3080 gonaut.
267 3032 308 3075 ᾧ.
330 3034 415 3080 916.
439 3044 483 3070 ex
507 3033 700 3073 Hellanico
719 3039 756 3074 δε
779 3038 986 3077 Idomeneo
999 3040 1111 3086 Jafio-

92 3094 179 3122 nem
208 3084 364 3122 fulmine
385 3083 498 3122 trium
516 3112 525 3128 ‚
555 3085 656 3132 quod
678 3087 828 3134 imagini
851 3090 993 3128 Cereris
1015 3091 1112 3137 inju-

91 3134 338 3173 riamfecisset.
365 3135 666 3172 sarvaemvid.
686 3135 731 3172 de
745 3137 942 3182 Jasionead
956 3142 1115 3178 1x,Met‚

94 3194 180 3232 422.
203 3185 295 3224 adde
316 3186 466 3223 Conon.
495 3186 637 3222 Narrat.
658 3197 718 3222 xx.

145 3246 226 3281 474.
252 3242 294 3272 Ut
318 3235 616 3286 remereoptatos.]
646 3236 811 3273 phaeton
825 3238 996 3277 nimirum
1013 3269 1022 3282 ‚
1053 3253 1115 3278 cu-

89 3283 147 3334 jus
174 3285 330 3326 fabulam
362 3286 508 3326 adducit
538 3287 672 3325 Cicero
709 3287 766 3326 lib.
789 3299 851 3327 ιιι.
885 3289 1117 3339 deOfficiis,

2042 576 2208 635 Prae-

1166 706 1228 744 ubi
1249 705 1359 744 docet
1379 718 1456 745 non
1483 708 1553 747 effe
1572 708 1745 747 servanda
1775 711 1968 759 promissa,
1998 724 2093 762 quae
2112 697 2221 753 nihil.

1167 757 1382 794 conducunt
1402 759 1532 806 quibus
1558 762 1775 806 promiseris.
1812 764 1891 807 Sol,
1928 764 1976 801 ait
1993 792 2004 808 ,
2030 764 2208 802 Pha'e'ton·

1167 809 1196 844 ti
1210 811 1246 855 se
1266 808 1444 845 sacrarum
1467 810 1522 856 esse
1545 810 1637 846 dixit
1659 812 1831 862 quidquid
1849 814 2000 862 optasset.
2054 808 2205 864 optavit

1168 869 1208 894 ut
1230 859 1267 894 in
1286 871 1427 895 currum
1446 861 1558 908 patris
1581 861 1770 899 tolleretur.
1822 865 1985 901 Sublatus
2005 865 2069 913 est,
2098 867 2204 916 atque

1167 909 1310 957 insanus
1340 918 1532 960 antequam
1562 912 1710 957 constitit
1739 913 1808 949 infru
1823 914 1993 960 fnlmjnis
2016 915 2204 965 confz'agra'

1168 961 1237 997 vit.
1287 961 1433 1007 §Quanto
1454 960 1576 998 melius
1591 965 1713 1007 fuerat
1734 963 1771 999 in
1800 963 1859 1000 hac
1874 967 2071 1014 promissum
2089 968 2202 1016 patris

1170 1023 1236 1046 non
1259 1012 1315 1059 effe
1330 1014 1533 1059 servatum.
1589 1012 1678 1050 Fuse
1701 1013 1799 1050 Naso
1817 1015 1875 1051 lib.
1891 1028 1934 1052 11.
1950 1016 2204 1067 Metamorph.

1163 1061 1254 1099 Sunt
1282 1064 1345 1110 qui
1367 1070 1496 1110 putant
1526 1062 1726 1101 fabulosam
1757 1064 1854 1102 illam
1885 1067 2151 1115 aurigationem
2176 1068 2197 1106 a

1163 1111 1312 1149 Graecis
1333 1124 1377 1149 ex
1398 1113 1566 1151 historiae
1590 1114 1720 1152 l-leliae
1739 1127 1793 1152 1v.
1823 1116 1968 1165 Regum
1994 1130 2114 1166 capa.
2138 1119 2204 1156 de-

1163 1163 1366 1210 sumptam,
1397 1165 1456 1200 ubi
1480 1164 1537 1201 ille
1568 1176 1675 1201 curru
1705 1166 1815 1214 igneo
1835 1167 1870 1203 iu
1894 1168 2054 1206 Coelum
2078 1178 2200 1216 raptus

1163 1222 1336 1251 narratur.
1400 1214 1480 1251 Nec
1512 1214 1688 1252 abludunt
1718 1217 1871 1254 nomina
1911 1220 2031 1261 Ηλέκς
2068 1220 2202 1262 water.

1164 1264 1414 1303 Tertullianus
1436 1263 1455 1301 a
1470 1265 1677 1313 Pentapolis
1696 1266 1869 1304 incendio
1884 1295 1893 1311 ,
1922 1270 1967 1306 de
1985 1281 2060 1318 quo
2074 1272 2109 1307 in
2123 1271 2202 1308 Ge-

1163 1315 1262 1359 nesi,
1290 1325 1415 1353 natam
1438 1316 1629 1354 existimat.
1681 1317 1758 1354 Alii
1779 1318 1894 1355 aliter.
1922 1319 2121 1357 SALVAGN.

1214 1378 1256 1411 47
1267 1380 1297 1415 ς.
1312 1368 1457 1413 Utferus
1475 1366 1670 1416 Aeolides]
1682 1368 1899 1406 Salmoneus
1912 1369 2002 1408 filius
2021 1371 2142 1408 Aeoli.
2157 1376 2199 1409 Ut

1156 1417 1327 1465 sanguine
1357 1426 1462 1455 natus
1490 1418 1615 1455 eodem.
1668 1418 1709 1456 Id
1730 1418 1802 1462 est,
1835 1421 2015 1468 Lycaon,
2043 1422 2106 1469 qui
2134 1432 2201 1469 ge-

1162 1469 1242 1504 nuit
1266 1468 1492 1506 Calistonem
1518 1467 1645 1513 alove
1668 1469 1924 1517 compressam.
1955 1468 2199 1512 infirmes.

1163 1518 1381 1556 Salmoneus
1410 1518 1513 1556 AEoli
1543 1518 1637 1557 filius
1658 1547 1669 1564 ,
1694 1519 1797 1569 quod
1826 1520 1928 1567 super
1950 1533 2059 1560 aereo
2083 1533 2198 1571 ponte

1163 1581 1286 1607 currus
1306 1571 1454 1618 agitaret
1476 1595 1487 1615 ,
1522 1571 1651 1617 quibus
1674 1571 1810 1617 Jovem
1833 1572 2092 1610 fulminantem
2114 1575 2199 1612 imi-

1161 1627 1318 1663 taretur,
1346 1620 1389 1656 ab
1410 1620 1488 1669 ipso
1510 1621 1665 1658 fulmine
1693 1620 1873 1670 percussus
1896 1623 1956 1660 est.
2011 1624 2199 1662 Authores

1160 1672 1336 1720 Virgilius
1363 1671 1423 1709 lib.
1450 1682 1506 1709 vr.
1545 1671 1697 1709 AEneid.
1728 1673 1902 1710 Manilius
1924 1674 1984 1711 lib.
2010 1687 2045 1711 v.
2074 1674 2202 1712 Astro-

1160 1733 1266 1760 nom.
1295 1722 1462 1759 Valerius
1481 1722 1628 1760 Flaccus
1656 1723 1715 1760 lib·
1738 1735 1764 1760 1·
1793 1725 1998 1772 Argonaut.
2029 1725 2201 1763 Claudia-

1161 1785 1229 1812 nus
1242 1774 1279 1810 in
1293 1774 1575 1821 Epigrammatis
1588 1801 1598 1816 ,
1624 1774 1784 1820 Joannes
1796 1774 1958 1812 Tzeizes
1969 1775 2111 1813 chiliad.
2125 1789 2200 1814 vu.

1162 1823 1298 1862 Histor.
1327 1834 1410 1868 107.
1440 1824 1540 1861 Hinc
1558 1824 1744 1873 Adagium
1761 1853 1771 1869 ,
1798 1825 1996 1862 Salmoneus
2008 1825 2122 1867 alter,
2154 1827 2199 1864 de

1162 1887 1239 1924 quo
1261 1875 1597 1923 Paroemiograplii.
1653 1875 1762 1913 Ferus
1784 1885 1907 1914 autem
1932 1876 1950 1912 a
1975 1877 2123 1914 Nasone
2144 1877 2199 1914 di·

1163 1927 1279 1971 citur,
1307 1926 1409 1974 quod
1432 1926 1592 1973 superbia
1614 1925 1651 1962 &
1672 1926 1860 1973 impietate
1881 1927 2102 1965 subditorum
2116 1927 2199 1965 odia

1163 1976 1227 2014 sibi
1247 1976 1436 2018 conflarit,
1466 1977 1552 2012 telle
1574 1976 1747 2012 Diodoro
1759 1977 1894 2014 Siculo.
1949 1977 2147 2014 SALVAGN.

1213 2039 1299 2073 475.
1327 2033 1368 2062 Ut
1387 2026 1464 2062 nati
1477 2026 1646 2073 sanguine
1665 2025 1817 2074 aalma]
1856 2027 1934 2074 Qui
1958 2027 2065 2064 libelli
2088 2029 2194 2076 hujus

1161 2077 1502 2123 interpretationem
1535 2077 1641 2123 primi
1669 2075 1917 2124 susceperunt,
1955 2077 2078 2114 nescio
2101 2079 2193 2126 quid

1162 2128 1208 2165 de
1237 2128 1406 2165 Ismeneo
1430 2127 1617 2174 Lycaonis
1633 2125 1708 2163 filio
1739 2126 2095 2171 comminiscuntur,
2125 2130 2190 2176 qui

1163 2190 1245 2215 curn
1271 2179 1372 2214 Deos
1391 2177 1656 2220 floccifaceret,
1686 2176 1842 2214 fulmine
1854 2177 2195 2225 percussusinteriir.

1163 2228 1327 2265 Santstius
1349 2227 1393 2264 de
1417 2226 1493 2275 ipso
1515 2226 1696 2275 Lycaone
1717 2228 1986 2274 interpretatur.
2041 2229 2194 2266 Valerio

1161 2279 1286 2316 haeret
1317 2289 1408 2326 aqua
1436 2305 1447 2322 ,
1484 2277 1610 2325 utipse
1631 2279 1764 2315 fatetur
1787 2279 1841 2315 his
1865 2279 2000 2315 verbis:
2027 2281 2196 2329 Equidem

1163 2339 1248 2366 certe
1268 2330 1306 2366 de
1328 2328 1387 2365 hoc
1407 2327 1527 2377 afferre
1555 2327 1645 2364 nihil
1667 2330 1794 2377 possum
1815 2356 1824 2372 ,
1863 2328 2079 2366 authoritate
2101 2331 2197 2367 omni

1164 2381 1356 2424 destitutus.
1408 2379 1490 2427 hgo
1518 2379 1612 2416 lianc
1643 2379 1719 2416 libri
1747 2379 2046 2417 San-Victoriam
2067 2381 2196 2418 lec'lio-

1163 2443 1247 2468 nem
1260 2434 1390 2479 sequor
1406 2458 1414 2474 ,
1428 2441 1466 2466 ut
1477 2429 1731 2479 natisanguine
1744 2430 1856 2467 eodem
1871 2458 1881 2474 ‚
1893 2430 2102 2479 qualiberos
2120 2433 2196 2480 Ly-

1165 2483 1290 2520 caonis
1306 2481 1485 2529 intelligo.
1512 2480 1585 2517 Eos
1600 2482 1697 2517 enirn
1710 2482 1840 2527 partim
1861 2481 1896 2517 in
1913 2482 2018 2528 lupos
2039 2493 2194 2519 conver-

1163 2533 1218 2570 sos
1230 2561 1240 2576 ,
1253 2529 1752 2581 partimfuiminepercufi'os,
1781 2530 1912 2569 author
1926 2532 1972 2569 est
1988 2532 2195 2570 Hecataeus

1165 2583 1326 2621 Milesius
1348 2582 1408 2620 lib.
1424 2594 1466 2621 11.
1494 2582 1803 2631 Genealogiarum
1823 2611 1832 2625 ,
1862 2582 2038 2630 idemque
2051 2584 2197 2621 tradunt

1166 2635 1337 2683 Hyginus
1349 2633 1420 2671 fab.
1437 2631 1858 2679 176.Suiclasjr2{Avxaaeu
1876 2662 1884 2677 ‚
1897 2633 2057 2670 Tzetzes
2069 2634 2102 2670 in
2120 2635 2197 2682 Ly-

1167 2688 1495 2733 copnronem,pag-
1511 2682 1824 2731 83.Germanicus
1837 2683 1964 2720 Caesar
1975 2683 2011 2720 in
2026 2686 2196 2729 Aratum,

1165 2735 1418 2784 Apollodorus
1437 2742 1561 2771 autem
1589 2733 1722 2780 libau.
1743 2734 1914 2772 Biblioth.
1943 2733 2058 2781 ipsum
2082 2736 2193 2773 etiarn

1169 2789 1344 2836 Lycaona
1360 2796 1443 2822 cum
1456 2784 1734 2832 liberi3,praeter
1743 2785 2072 2833 Nyctimuxnmatu
2085 2787 2197 2824 mini-

1168 2849 1296 2879 mum,
1328 2836 1484 2873 fulmine
1516 2835 1748 2884 conflagrasse
1775 2836 1874 2873 dicit.
1928 2836 2076 2873 Horum
2098 2836 2199 2874 soror

1167 2889 1234 2925 fuit
1259 2886 1418 2924 Calllisto
1439 2886 1476 2923 in
1494 2886 1622 2923 Ursam
1642 2888 1832 2924 mutata&
1851 2886 2063 2930 in,Coelum
2085 2897 2199 2925 trans-

1164 2939 1233 2976 lata
1257 2966 1266 2982 ,
1315 2949 1426 2986 quam
1455 2937 1603 2986 liquidis
1635 2938 1738 2984 aquis
1766 2949 1884 2975 carere
1906 2937 1993 2974 dicit
2016 2938 2198 2981 Ovidius,

1166 2998 1360 3038 propterea
1389 2987 1491 3036 quod
1521 2988 1624 3025 Sidus
1654 2989 1740 3026 illud
1768 3000 1958 3037 nunquam
1993 2989 2128 3026 occidit
2149 2991 2196 3025 ob

1167 3041 1242 3089 poli
1271 3040 1518 3077 elevationem
1556 3040 1614 3076 cui
1648 3040 1813 3077 vicinum
1848 3039 1895 3076 est
1919 3067 1928 3083 ‚
1959 3038 2120 3087 ideoque
2138 3039 2198 3075 sub

1168 3090 1395 3128 horisontem
1413 3117 1422 3133 ,
1451 3090 1510 3126 seu
1522 3087 1705 3127 finitorem
1719 3101 1907 3138 nunquam
1924 3090 2054 3127 labitur
2069 3117 2078 3131 ‚
2096 3088 2198 3136 quod

1168 3142 1215 3179 ad
1235 3141 1391 3179 fabulam
1420 3139 1578 3177 traduxit
1602 3140 1761 3178 Ovidius
1785 3141 1847 3179 lib.
1871 3153 1921 3178 Π.
1950 3139 2200 3185 Metamorpli.

1171 3193 1272 3229 Hinc
1291 3189 1466 3240 Virgilius
1486 3193 1613 3227 Oceani
1632 3202 1817 3228 metuentes
1828 3189 2080 3240 aequoretingi.
2109 3188 2201 3225 SAL-

1172 3254 1297 3280 VAGN.
1326 3241 1495 3289 Sanguine
1514 3252 1622 3278 cretas
1640 3242 1753 3278 eodem
1774 3251 1843 3278 tres
1864 3241 1990 3287 scripti.
2014 3242 2151 3276 Huius.

1224 3305 1309 3340 477.
1336 3298 1379 3329 Ut
1405 3292 1536 3330 Macelo
1556 3292 1682 3340 rapidis
1708 3293 1723 3340 ]
1752 3290 1936 3329 Nicander
1966 3290 2052 3329 dicit
2074 3289 2202 3379 Mafe-

2158 3353 2209 3379 on
