2547 3708
761 153 823 210 P.
899 146 1311 207 OVIDII

268 183 361 223 122

1384 150 1917 211 NASONIS

555 253 739 325 Qualis
764 250 1194 307 Achaemenides
1221 250 1397 305 Sicula
1420 250 1658 307 desertus
1683 254 1739 309 in
1776 257 1988 319 Aetna,

632 324 841 381 Troica
867 341 1034 397 quum
1061 322 1193 378 vidit
1220 326 1334 378 vela
1360 324 1539 377 venire
1558 364 1572 389 ,
1612 324 1729 380 fuit.

554 400 740 474 Qualis
770 411 880 453 erat
904 415 1005 453 nec
1031 414 1143 452 non
1165 396 1382 453 fortuna
1410 397 1695 455 binominis
1716 398 1818 466 Iri,

259 619 416 668 opidum
435 619 689 658 Hermionem
714 616 876 654 occisum
901 613 972 653 esse
993 614 1186 653 Diodorus
1206 614 1303 652 affir-

263 680 341 709 mat
364 700 374 716 ‚
408 671 594 709 Pausanias
625 670 669 707 ad
691 667 841 716 Cephisi
866 667 1028 705 alveum.
1085 667 1180 705 Item
1206 667 1306 705 Ovi-

262 720 343 760 dius
370 723 429 760 lib.
450 735 521 759 vu.
548 720 797 767 Metamorph.
814 730 897 755 cum
921 718 992 755 ait:

317 787 410 825 Vidit
429 800 470 828 ω’
490 786 663 824 immitem
686 783 858 834 Cephisias
876 796 935 821 ora
957 780 1167 827 Procrusten.

263 852 392 899 Quem
416 860 542 888 autem
560 850 657 887 Naso
679 861 742 897 per
760 848 874 887 filium
889 846 1156 896 Polypemonis
1174 845 1305 902 innuat

264 903 471 940 etiamnum
506 903 718 950 quaeritur,
750 901 835 938 licet
868 898 1144 948 Appollodorus
1173 907 1210 934 in
1229 894 1303 932 fine

257 951 324 992 lib.
347 965 408 990 111.
447 953 551 991 Sinin
582 953 850 1001 Polypemonis
883 952 919 988 ὃ(
943 947 1199 1004 Syleaefilium
1230 944 1301 1004 esse

263 1004 470 1051 prodiderit
495 1032 506 1048 ,
546 1005 603 1040 cui
627 1003 809 1041 subscribit
832 1000 1009 1049 Euripidis
1029 997 1242 1037 Scholiastes
1264 1009 1300 1034 in

262 1054 490 1104 Hippolyto.
523 1055 620 1091 Nam
645 1067 728 1093 cum
754 1053 799 1091 de
827 1053 901 1090 Sini
924 1051 1082 1089 Ovidius
1101 1051 1179 1097 jam
1198 1049 1303 1086 locu-

261 1112 320 1143 tus
336 1105 401 1150 fit,
429 1106 541 1143 alium
564 1105 732 1152 profesto
753 1103 928 1153 defignari
953 1099 1095 1140 necesse
1117 1100 1177 1138 est.
1233 1100 1302 1136 lta-

261 1167 336 1204 que
356 1157 452 1194 forte
471 1168 515 1193 an
537 1156 760 1194 unaliterula
783 1153 925 1193 mutata
944 1151 1200 1200 liclegendum
1218 1164 1227 1187 ε
1259 1154 1304 1187 Et

264 1219 341 1244 cum
367 1207 588 1256 Polypemone
611 1217 748 1245 natam.
803 1207 855 1244 Ut
879 1206 997 1243 Phaea
1034 1204 1164 1241 mulier
1195 1201 1302 1240 intel-

262 1257 396 1306 ligatur
418 1286 428 1302 ,
465 1258 510 1296 de
537 1269 609 1306 qua
630 1257 677 1295 sie
705 1258 913 1296 Plutarchus
936 1258 970 1293 in
995 1254 1146 1293 Theseo
1168 1266 1246 1301 pag.
1267 1264 1303 1297 9.

265 1308 439 1345 editionis
460 1309 708 1357 Stephaneae:
740 1305 831 1348 Ε”νιοι
849 1307 984 1347 >imao-t
1002 1305 1069 1345 rba)
1079 1303 1304 1357 φοιιοὲνληςςί.

265 1361 311 1402 θοι
332 1362 446 1414 ῃῇέοῧς
467 1368 614 1410 γυναῖκα
626 1362 794 1410 venida),
824 1369 854 1417 ις
876 1364 1045 1403 dudm-nv
1060 1391 1069 1409 ,
1101 1359 1306 1400 limosana-

264 1423 468 1457 τοικὲσ-οινέν
483 1422 655 1472 Kgopevdvt
682 1425 744 1458 Σῧν
757 1419 1101 1469 ὃὲένιονομοισθεῑσοιν.
1138 1425 1224 1453 Sunt
1243 1417 1303 1466 qui

267 1473 424 1510 Phaeam
452 1474 630 1510 mulierem
659 1473 830 1511 latronem
852 1476 950 1522 jmffe
973 1484 1122 1510 atrocem
1145 1484 1188 1511 ω’
1207 1471 1307 1518 lasci-

268 1536 358 1561 vam
378 1525 530 1570 referant
544 1553 555 1569 ‚
575 1538 663 1575 quae
680 1525 805 1563 ebidem
818 1524 1004 1562 habitabat
1031 1523 1067 1560 in
1098 1528 1287 1572 Cromyone
1300 1551 1310 1567 ‚

267 1584 361 1621 [uem
381 1575 588 1623 appellatam
608 1590 650 1613 ex
681 1578 829 1614 moribus
851 1587 894 1615 ω’
924 1576 1004 1611 vita
1025 1602 1035 1617 ‚
1064 1587 1151 1623 quae
1163 1572 1212 1622 fit
1232 1575 1313 1611 inde

268 1627 295 1663 ὰ
315 1626 435 1673 Theseo
457 1627 650 1665 trucidata.
680 1628 871 1676 Cujusque
891 1627 1060 1664 meminit
1081 1624 1312 1663 Ovidiuslib.

271 1688 346 1715 v11.
376 1678 629 1726 Metamorph.
656 1679 692 1716 in
715 1680 770 1716 his
790 1678 836 1716 de
856 1678 1031 1716 Theseo:

323 1741 497 1789 Qodque
512 1741 619 1788 suam
632 1746 774 1788 securus
792 1754 873 1779 arat
895 1747 1093 1790 Cromyona
1113 1741 1268 1789 colonus,

328 1798 465 1828 Munus
486 1799 631 1842 opusque
652 1804 753 1829 tuum
773 1793 827 1836 ell.

274 1858 366 1905 Quo
387 1856 460 1893 loci
477 1855 563 1891 οἰντῖ
576 1856 640 1892 τοῦ
650 1856 886 1905 suam,quod
904 1856 1220 1895 omneshatstenus
1234 1858 1313 1894 edi·

272 1909 396 1945 tiones
414 1907 553 1944 obsedit
572 1935 582 1951 ,
618 1906 818 1954 legendum
840 1907 1037 1951 existimo,
1058 1908 1154 1953 sais,
1184 1908 1218 1945 id
1241 1909 1313 1953 est,

271 1957 410 1995 Phaeae
422 1964 584 2006 securus,
612 1969 707 2006 quae
734 1958 788 1996 sus
816 1958 993 2005 appellata
1022 1958 1080 1995 est.
1135 1960 1227 1996 Eam
1251 1971 1315 1997 au-

272 2017 351 2047 tem
376 2009 645 2058 Polypemonis
661 2007 772 2045 filiam
796 2007 899 2045 fuiffe
917 2009 1079 2045 alienum
1097 2008 1118 2046 a
1141 2022 1229 2047 vero
1245 2012 1315 2048 mi-

274 2060 313 2097 hi
336 2072 413 2098 non
435 2059 595 2096 videtur.
649 2059 749 2096 Nam
776 2071 863 2096 cum
896 2059 1181 2108 Pytiocampten
1206 2062 1317 2110 Poly·

275 2112 447 2159 pemonis
467 2111 504 2147 &
526 2110 653 2157 Syleae
674 2109 790 2147 filium
821 2109 891 2147 effe
908 2110 1023 2147 tradat
1041 2111 1293 2159 Apollodorus
1308 2142 1318 2158 ,

277 2161 519 2208 eundemque
542 2160 648 2197 Pausa
679 2161 728 2197 ias
750 2161 859 2197 initio
885 2160 1058 2197 Corinth.
1095 2162 1320 2211 Cromyone

277 2212 477 2249 educatum
489 2211 650 2253 testetur,
682 2210 838 2247 haeailla
857 2221 968 2259 quam
982 2210 1148 2247 Theseus
1159 2213 1320 2258 Cromy-

280 2274 355 2300 one
377 2263 562 2299 interfecit
576 2289 585 2303 ‚
615 2260 686 2297 filia
706 2260 1129 2310 Polypemonis&soror
1145 2261 1319 2301 Siniseffe

279 2314 415 2363 potuit.
445 2313 578 2349 Obiter
589 2312 764 2360 Virgilius
778 2324 861 2348 cum
877 2311 922 2348 de
937 2311 1029 2358 Sylla
1042 2312 1137 2348 canit
1148 2312 1186 2349 ln
1199 2313 1319 2352 Ceiri:

337 2370 509 2401 Praeterit
530 2363 695 2411 abruptas
717 2362 862 2398 Scironis
878 2362 1034 2409 protinus
1054 2373 1160 2400 arces.

333 2415 565 2463 Infestuqute
580 2414 653 2462 suis
673 2415 769 2450 (lirae
790 2413 969 2458 testudinis
996 2414 1068 2450 exit

334 2467 530 2515 Spelaeum,
561 2465 738 2515 multoque
757 2475 914 2502 cruentas
934 2463 1058 2510 hospite
1076 2474 1205 2502 cautes.

284 2535 378 2582 Quo
399 2534 486 2571 loco
509 2532 683 2580 Iosephus
706 2532 861 2580 Scaliger
874 2542 939 2578 pro
953 2529 1148 2573 testudinis,
1167 2529 1268 2578 quod
1281 2531 1318 2568 in

286 2585 460 2623 omnibus
485 2585 580 2622 libris
597 2612 607 2627 ‚
646 2592 726 2621 tum
752 2582 890 2620 excusis
906 2610 914 2623 ‚
942 2590 1021 2617 tum
1053 2583 1204 2618 exaratis
1229 2582 1317 2629 legi-

285 2643 367 2678 tur,
395 2636 460 2674 suo
491 2634 655 2684 periculo
685 2633 949 2672 rescribendum
979 2635 1201 2680 pronunciat
1234 2633 1316 2669 'she-

284 2686 389 2735 seidis
413 2715 422 2730 ‚
463 2695 504 2723 ut
538 2685 602 2722 Sus
634 2685 870 2733 Cromyonia
898 2684 1120 2730 intelligatur
1143 2711 1153 2727 ,
1181 2683 1225 2720 de
1249 2695 1321 2732 qua

288 2737 407 2775 modo
424 2738 596 2776 diximus.
649 2735 718 2773 Sed
736 2736 838 2773 enim
860 2734 1004 2782 vulgata
1027 2733 1139 2772 lectio
1161 2735 1321 2772 retinen-

289 2787 359 2832 da,
389 2789 425 2824 &
455 2798 525 2826 tres
550 2788 599 2825 illi
628 2786 748 2825 versus
780 2787 825 2824 de
847 2797 924 2823 uno
954 2784 1108 2823 Scirone
1129 2785 1321 2833 capiendi,

287 2839 352 2887 qui
374 2847 458 2875 ante
482 2840 629 2886 Megara
646 2838 825 2875 Scironias
853 2845 968 2886 petras
988 2835 1144 2874 insidens
1165 2836 1323 2884 hospites

292 2887 357 2926 {ise
377 2890 632 2937 praecipitatos
656 2889 819 2925 marinae
841 2885 1011 2925 testudini
1037 2886 1254 2934 objiciebat,
1285 2895 1323 2924 ut

289 2939 423 2977 author
442 2940 487 2976 est
521 2940 708 2976 Diodorus
737 2939 875 2976 Siculus
903 2937 964 2974 lib.
987 2949 1038 2974 lv.
1068 2940 1103 2973 &
1136 2937 1324 2973 Pausanias

289 2990 353 3028 snb
372 2989 482 3027 finem
504 2991 740 3033 Atticorum,
768 2991 822 3026 his
852 2988 967 3025 verbis
999 3000 1006 3022 ε
1062 2987 1132 3028 Tale
1161 2986 1192 3025 δὲ
1232 2987 1325 3036 pes-cx*

293 3047 418 3091 ‘toev'rnu
439 3049 601 3099 νομίζεις-ιν
615 3046 818 3096 ἒνοινιῖς,“ο’τι
847 3048 1008 3096 πκςοικιῖν
1028 3043 1162 3088 &qvia-lvd
1179 3047 1323 3094 Σκίξων,

288 3106 417 3146 ὁπόσοις
429 3109 490 3143 τῶν
502 3099 820 3155 ξένωνέπετῦγχοινεν
844 3098 1031 3149 Mileto-<pie
1054 3104 1088 3139 ἐς
1107 3094 1161 3139 *miv
1182 3101 1326 3136 θαλωσ-

290 3177 365 3198 σαν.
381 3158 506 3208 χελώνη
517 3164 546 3209 ⁷13
567 3156 747 3206 ιῖπενῆχετο
759 3160 830 3197 ταῖς
841 3157 974 3207 πέτραις
988 3156 1042 3197 τέ’,
1054 3151 1256 3193 io-Casffe‘vme
1270 3153 1327 3201 εἱρ-

290 3214 413 3266 ποίζειν,
476 3221 568 3251 Nam
582 3212 759 3260 aciasaxa
776 3225 880 3261 ‚quae
908 3214 922 3257 (
941 3209 1139 3255 uiolandi)
1168 3209 1330 3257 adjacent

287 3268 439 3314 infamia
459 3283 500 3312 ο·
514 3269 682 3317 scelerasa
698 3276 828 3318 peltant
843 3294 855 3314 ‚
883 3266 973 3318 quod
1002 3279 1082 3305 cum
1102 3276 1141 3304 ea
1162 3264 1325 3304 acceleret

2109 493 2218 546 420
2255 473 2393 549 Qui-⁴

1357 614 1472 651 sciron
1485 643 1496 661 ,
1524 614 1606 652 inde
1625 627 1855 667 quoscumque
1875 616 1999 654 nab‘ius
2017 617 2093 666 effet
2112 617 2252 669 hospites
2270 620 2308 658 in
2319 621 2399 657 mal

1358 679 1393 703 re
1420 665 1627 704 detruderet.
1683 673 1746 705 Eos
1772 681 1855 704 vero
1890 671 2070 706 adnatans
2099 671 2225 713 testudo
2255 672 2398 708 marina

1357 717 1516 766 conficere
1554 717 1745 758 dicebatur.
1816 721 1931 768 Quod
1976 721 2088 757 etiam
2130 722 2288 769 prodidit
2322 723 2399 761 Eu-

1359 769 1481 817 ripidis
1506 769 1717 808 Scholiastes
1749 771 1976 819 Hippolyto.
2032 773 2291 821 Quamobrem
2314 773 2401 812 Vir-

1359 821 1465 867 gilius
1489 820 1646 869 Scyllam
1678 822 1724 860 de
1756 834 1860 870 prora
1890 824 2017 868 navis,
2044 821 2115 872 qua
2140 824 2266 861 Minos
2287 825 2401 861 vehe-

1362 871 1489 914 batur,
1516 871 1718 919 suspensam
1742 874 1780 911 &
1805 886 1868 922 per
1891 885 1991 911 mare
2007 874 2159 912 tractam
2182 873 2401 922 praeteriisse

1362 920 1451 960 dicit
1470 923 1651 960 Scironias
1670 931 1807 971 petras,
1836 926 1875 963 ὃς
1899 925 2093 974 Spelaeum
2115 925 2300 964 testudinis
2322 938 2402 964 ma·

1360 972 1645 1011 rinaeinfellum
1671 974 1759 1018 suis,
1789 975 1827 1013 id
1851 976 1922 1020 est,
1954 977 2230 1025 Megarensibus
2257 978 2325 1014 suis
2352 976 2403 1014 ci-

1361 1026 1486 1066 vibus.
1515 1024 1685 1072 cumipsa
1701 1025 2066 1075 NisiMegarenfium
2094 1030 2205 1076 Regis
2217 1028 2289 1066 filia
2302 1027 2404 1068 effer.

1357 1076 1464 1113 Haec
1492 1075 1540 1112 est
1573 1084 1696 1113 autem
1726 1088 1903 1125 germana
1936 1079 2129 1126 virgiliani
2159 1081 2232 1118 loci
2260 1091 2405 1118 enarra-

1357 1126 1423 1164 tio.
1491 1126 1676 1164 SALVAGN
1726 1127 2271 1177 PolypemonenatiMediceus;
2296 1141 2339 1170 c9‘
2363 1130 2405 1168 de

1359 1176 1578 1227 Polypemone
1606 1189 1739 1222 natas,
1777 1180 1854 1217 duo
1885 1180 2031 1218 codices
2054 1182 2122 1218 alii.
2163 1183 2261 1220 forte
2284 1180 2403 1219 bene:

1358 1237 1398 1266 ut
1414 1239 1573 1278 quatuor
1594 1231 1668 1267 hoc
1681 1230 1835 1268 disticho
1847 1229 2138 1280 comprehendat
2159 1233 2259 1270 Sinin
2273 1260 2284 1277 ,
2314 1232 2405 1281 Scy-

1359 1291 1490 1318 ronem
1510 1309 1520 1324 ‚
1561 1282 1774 1319 Procrusten
1801 1283 1838 1319 δε
1869 1283 2129 1321 Minotaurum
2146 1311 2157 1329 ,
2185 1292 2225 1322 ut
2253 1285 2291 1321 δί
2313 1284 2404 1322 fecit

1359 1332 1478 1369 Poeta
1504 1332 1613 1379 Epist.
1639 1332 1757 1379 11.69.
1789 1333 1919 1370 Banu.

1413 1394 1497 1428 411.
1529 1395 1549 1416 o
1568 1385 1668 1433 utqne
1700 1384 1799 1420 homo
1821 1393 1923 1434 parte
1952 1384 2042 1435 suh]
2106 1385 2344 1424 Minotaurus
2383 1384 2405 1424 ᾗ

1363 1433 1516 1472 Theseo
1538 1434 1699 1478 occisus,
1730 1435 1776 1473 de
1796 1447 1873 1486 quo
1894 1436 1997 1484 supra
2025 1435 2165 1474 dietum
2185 1436 2234 1474 est
2262 1436 2308 1475 ad
2327 1446 2411 1485 ver2

1364 1484 1443 1523 sum
1468 1497 1551 1534 375.
1581 1486 1780 1524 Samma.

1419 1549 1502 1582 411.
1530 1538 1670 1587 {Quique
1690 1537 1841 1587 rrabes.]
1877 1539 2080 1576 Latronem
2112 1540 2229 1587 tangit
2255 1538 2411 1577 interf&

1370 1587 1470 1625 ‘stum
1506 1587 1526 1624 a
1566 1589 1717 1626 Theseo
1739 1617 1748 1633 ‚
1792 1590 1853 1638 qui
1894 1590 2065 1627 arborum
2104 1589 2331 1628 summitates
2369 1591 2409 1628 in

1372 1639 1509 1676 Isthmo
1537 1639 1579 1676 ad
1610 1648 1742 1677 terram
1773 1641 1930 1689 plicabat
1954 1669 1964 1684 ‚
2011 1643 2047 1678 ὃ(
2079 1642 2252 1678 homines
2289 1642 2337 1678 ibi
2369 1641 2410 1678 in

1370 1690 1581 1727 summitate
1599 1690 1712 1739 ligans
1735 1695 1868 1729 iterum
1898 1691 2044 1728 arbores
2065 1691 2287 1731 dimittebat.
2344 1691 2412 1728 ΙΝ-

1374 1754 1522 1779 Teum.
1552 1741 1837 1790 Pityocampten
1860 1741 2027 1790 intelligit
2048 1742 2165 1780 Poe'ta
2180 1773 2188 1786 ‚
2217 1743 2280 1791 qui
2299 1742 2343 1779 ab
2362 1753 2410 1780 eo

1371 1805 1512 1830 nomen
1526 1793 1674 1835 habuit,
1703 1793 1805 1842 quod
1832 1793 1990 1842 hospites
2012 1791 2033 1830 >a
2063 1793 2095 1830 se
2127 1795 2331 1831 certamine
2357 1793 2412 1830 vi-

1371 1844 1470 1888 ctos,
1499 1842 1646 1881 diversis
1672 1845 1828 1891 pinubus
1848 1845 2030 1882 interram
2046 1846 2202 1882 curvatis
2224 1844 2410 1892 alligabat,

1369 1902 1480 1944 atque
1503 1896 1551 1932 ita
1570 1895 1718 1942 ligatos,
1749 1896 1876 1933 iisdem
1910 1896 2096 1933 arboribus
2119 1895 2251 1933 sursum
2274 1895 2427 1934 iterum'

1370 1957 1412 1983 ac
1435 1946 1564 1992 pariter
1584 1947 1717 1984 emissis
1734 1975 1743 1990 ,
1769 1947 1962 1986 lacerabat.
1995 1947 2067 1984 l-Iic
2091 1947 2215 1984 Isthmi
2234 1946 2413 1994 angustias

1372 1996 1582 2040 obsidebat,
1610 2009 1723 2045 quate
1742 1995 1959 2035 hicaPoe'ta
1971 1998 2124 2042 dicitur,
2151 1997 2414 2046 hujusce-illius

1374 2060 1528 2098 aequorzs
1547 2061 1680 2093 aquas,
1710 2049 1782 2085 hoc
1805 2049 1852 2086 est
1876 2050 2026 2093 ‚lonium
2042 2049 2080 2085 &
2104 2049 2294 2098 Aegaeum
2311 2058 2412 2085 mare

1375 2097 1555 2145 aspexisse.
1611 2100 1812 2137 Caeterum
1851 2099 2011 2136 eundem
2047 2100 2146 2136 hunc
2185 2099 2243 2136 alii
2272 2099 2412 2136 faciunt

1378 2161 1462 2187 cum
1487 2161 1534 2186 eo
1550 2177 1560 2193 ,
1588 2162 1701 2198 quem
1724 2151 1837 2189 Sinim
1861 2150 1962 2196 supra
1981 2150 2107 2186 vocari
2126 2149 2299 2187 diximus.
2353 2149 2414 2186 Ac

1377 2200 1527 2247 proprio
1559 2200 1710 2245 quidem
1752 2201 1910 2236 nomine
1941 2200 2075 2242 sinim,
2104 2199 2147 2237 ab
2180 2208 2318 2237 eventu
2348 2211 2415 2238 au-

1378 2257 1454 2286 tem
1472 2251 1509 2284 &
1523 2250 1625 2286 faffls
1642 2252 1932 2290 Πιτυοκάμπτην
1945 2250 2166 2298 appellatum
2181 2251 2333 2288 volunt:
2348 2252 2415 2300 qui

1376 2299 1513 2336 eodem
1542 2311 1620 2349 quo
1654 2300 1726 2346 ipse
1755 2301 1790 2337 in
1820 2301 1910 2338 alios
1943 2306 2022 2339 ulus
2053 2302 2171 2339 fuerat
2197 2301 2415 2350 supplicioa

1376 2350 1527 2387 Theseo
1558 2351 1745 2398 postremo
1774 2360 1923 2389 necatus
1951 2352 2042 2397 fuit,
2072 2361 2111 2388 ut
2130 2353 2177 2389 est
2200 2352 2294 2401 apud
2319 2353 2417 2391 Dio-

1376 2401 1509 2439 dorum
1533 2401 1591 2438 lib.
1616 2414 1648 2438 v.
1678 2403 1715 2438 δε
1736 2400 1968 2439 Plutarchum
2002 2404 2036 2439 in
2060 2403 2234 2448 Theseo,
2262 2405 2349 2453 qui,
2377 2404 2417 2441 ἒν

1376 2452 1408 2489 δ’
1425 2449 1567 2498 Γιτθμῷ,
1597 2453 1736 2500 inquit,
1766 2452 1875 2488 Σῑννιν
1898 2454 1957 2489 τὸν
1982 2456 2276 2499 Πιτυοκάμπτην
2296 2449 2418 2502 ᾧτρᾶ-

1377 2517 1430 2550 πῳ
1448 2505 1607 2545 πολλοῦς
1628 2500 1757 2547 ἀνῄρει,
1775 2505 1886 2552 τούτῳ
1896 2503 2085 2551 διέφθειρεν
2103 2504 2225 2546 αὐτός.
2255 2506 2418 2544 Ovidius

1376 2564 1501 2591 autem
1528 2554 1649 2591 nescio
1666 2566 1760 2602 quos
1780 2563 1924 2592 autores
1940 2584 1948 2598 ‚
1979 2565 2098 2592 certos
2117 2564 2244 2593 tamen
2273 2557 2334 2604 (ut
2348 2569 2418 2604 pu-

1373 2605 1440 2651 to)
1471 2604 1611 2642 secutus
1632 2632 1642 2648 ‚
1681 2605 1862 2649 diversos,
1902 2606 2004 2643 Sinin
2037 2606 2073 2642 &
2107 2606 2239 2651 hunc,
2275 2612 2319 2644 de
2338 2618 2417 2655 quo

1374 2655 1438 2693 hic
1455 2655 1587 2692 dicitur
1611 2683 1619 2698 ,
1655 2655 1940 2704 Pityocampten
1972 2657 2091 2692 facere
2121 2657 2296 2694 videtur:
2329 2670 2417 2697 cum

1376 2707 1477 2753 supra
1498 2705 1595 2742 sinin
1616 2734 1625 2749 ‚
1663 2707 1727 2743 suo
1759 2719 1801 2744 ac
1820 2708 1968 2755 proprio
1989 2709 2173 2745 nomine:
2204 2708 2268 2745 hic
2287 2718 2415 2747 autem

1377 2770 1487 2801 eum,
1516 2757 1577 2804 qui
1601 2756 1746 2795 arbores
1768 2759 1803 2794 in
1835 2767 1965 2795 terram
1992 2767 2180 2803 curvatas,
2209 2759 2347 2797 rursum
2376 2762 2415 2799 in

1380 2820 1480 2846 auras
1500 2806 1643 2852 emisit,
1671 2806 1852 2855 suppresso
1876 2810 2032 2846 nomine
2055 2809 2214 2856 posuerit
2280 2811 2416 2859 Neque

1380 2861 1477 2896 enim
1498 2858 1593 2900 hoc,
1621 2866 1660 2895 ut
1680 2858 1752 2905 ipse
1784 2858 1960 2902 arbitror,
1990 2859 2148 2898 fac‘iutus
2183 2862 2320 2906 fuerat,
2349 2861 2416 2900 nisi

1381 2912 1426 2947 de
1456 2907 1602 2946 diversis
1633 2907 1874 2946 intellexisset.
1929 2910 1999 2948 Sed
2020 2910 2065 2947 de
2089 2911 2161 2948 hoc
2184 2911 2240 2948 alii
2261 2923 2417 2960 quoque

1376 2960 1555 3009 judicent.
1610 2960 1785 2996 Micnr„
1819 2960 1976 2998 Ovidius
1997 2962 2116 3009 priore
2128 2961 2280 2999 disticho
2305 2962 2349 2999 de
2364 2963 2419 3000 Si-

1382 3012 1418 3048 ni
1438 3011 1582 3048 locutus
1597 3036 1606 3052 ,
1634 3022 1733 3048 nunc
1752 3011 1796 3049 de
1822 3012 2080 3060 Pityocampte
2091 3012 2243 3058 subjicit.
2301 3014 2351 3051 At
2363 3013 2420 3052 Si-

1383 3063 1435 3099 nis
1459 3062 1556 3098 idem
1573 3062 1642 3102 est.
1670 3062 2043 3110 quiPityocamptes,
2074 3062 2109 3100 id
2123 3062 2193 3107 est,
2223 3064 2419 3103 incurvans

1383 3114 1486 3160 pinus
1501 3139 1510 3156 ,
1540 3113 1586 3148 ita
1608 3113 1743 3151 scilicet
1760 3113 1980 3162 appellatus,
2008 3113 2110 3161 quod
2131 3113 2315 3160 hospitum
2341 3115 2420 3153 bra-

1383 3164 1461 3200 chia
1493 3164 1599 3199 ramis
1621 3163 1725 3210 pinus
1748 3165 1784 3201 in
1816 3174 1946 3202 terram
1977 3163 2139 3201 adductis
2167 3165 2349 3213 alligaret,
2379 3175 2420 3205 ut

1385 3212 1619 3251 redeuntibus
1635 3217 1669 3251 in
1685 3215 1797 3252 altum
1812 3216 1918 3253 ramis
1933 3243 1943 3259 ‚
1957 3214 2136 3261 discerpto
2153 3227 2324 3264 corpore,
2339 3229 2420 3263 par-

1383 3273 1436 3304 tes
1458 3266 1496 3304 in
1516 3265 1652 3305 diversa
1671 3265 1857 3307 caderent.
1912 3266 2013 3304 Hinc
2032 3266 2243 3306 Plutarchus
2260 3268 2300 3306 in
2314 3270 2420 3306 The-

2356 3318 2421 3357 seo
