<?xml version="1.0" encoding="UTF-8"?>
<!DOCTYPE html PUBLIC "-//W3C//DTD XHTML 1.0 Transitional//EN"
    "http://www.w3.org/TR/xhtml1/DTD/xhtml1-transitional.dtd">
<html xmlns="http://www.w3.org/1999/xhtml" xml:lang="en" lang="en">
 <head>
  <title>
</title>
<meta http-equiv="Content-Type" content="text/html;charset=utf-8" />
  <meta name='ocr-system' content='tesseract 3.04.00' />
  <meta name='ocr-capabilities' content='ocr_page ocr_carea ocr_par ocr_line ocrx_word'/>
</head>
<body>
  <div class='ocr_page' id='page_1' title='image "./publiiovidiinaso04ovid_0372.png"; bbox 0 0 2547 3708; ppageno 0'>
   <div class='ocr_carea' id='block_1_1' title="bbox 2444 0 2547 114">
    <p class='ocr_par' dir='ltr' id='par_1_1' title="bbox 2444 0 2547 114">
     <span class='ocr_line' id='line_1_1' title="bbox 2444 0 2547 114; baseline 0 0"><span class='ocrx_word' id='word_1_1' title='bbox 2444 90 2449 93; x_wconf 36' lang='lat'><em>1</em></span> <span class='ocrx_word' id='word_1_2' title='bbox 2518 0 2547 114; x_wconf 72' lang='lat' dir='ltr'>ll</span> 
     </span>
    </p>
   </div>
   <div class='ocr_carea' id='block_1_2' title="bbox 381 118 2526 206">
    <p class='ocr_par' dir='ltr' id='par_1_2' title="bbox 381 118 2526 206">
     <span class='ocr_line' id='line_1_2' title="bbox 381 118 2526 206; baseline 0.001 -15"><span class='ocrx_word' id='word_1_3' title='bbox 381 161 473 206; x_wconf 54' lang='grc' dir='ltr'>,ρῳ</span> <span class='ocrx_word' id='word_1_4' title='bbox 905 141 1966 200; x_wconf 63' lang='lat' dir='ltr'>DEDICATIONESET</span> <span class='ocrx_word' id='word_1_5' title='bbox 2520 118 2526 206; x_wconf 55' lang='lat'>{¹</span> 
     </span>
    </p>
   </div>
   <div class='ocr_carea' id='block_1_3' title="bbox 372 232 2547 3334">
    <p class='ocr_par' dir='ltr' id='par_1_3' title="bbox 372 232 2547 3334">
     <span class='ocr_line' id='line_1_3' title="bbox 375 232 2524 299; baseline 0.003 -19"><span class='ocrx_word' id='word_1_6' title='bbox 375 233 465 281; x_wconf 89' lang='lat' dir='ltr'>hac</span> <span class='ocrx_word' id='word_1_7' title='bbox 489 233 756 296; x_wconf 88' lang='lat' dir='ltr'>audebunt,</span> <span class='ocrx_word' id='word_1_8' title='bbox 788 247 999 289; x_wconf 76' lang='lat' dir='ltr'><strong>verentes</strong></span> <span class='ocrx_word' id='word_1_9' title='bbox 1022 250 1080 281; x_wconf 90' lang='lat' dir='ltr'>ne</span> <span class='ocrx_word' id='word_1_10' title='bbox 1102 233 1148 280; x_wconf 90' lang='lat' dir='ltr'>id</span> <span class='ocrx_word' id='word_1_11' title='bbox 1176 232 1259 281; x_wconf 83' lang='lat' dir='ltr'>fibi</span> <span class='ocrx_word' id='word_1_12' title='bbox 1283 234 1492 295; x_wconf 87' lang='lat' dir='ltr'>accidat,</span> <span class='ocrx_word' id='word_1_13' title='bbox 1527 234 1654 299; x_wconf 85' lang='lat' dir='ltr'>quod</span> <span class='ocrx_word' id='word_1_14' title='bbox 1690 235 1807 290; x_wconf 86' lang='lat' dir='ltr'>mihi</span> <span class='ocrx_word' id='word_1_15' title='bbox 1839 234 2128 297; x_wconf 85' lang='lat' dir='ltr'>quorundam</span> <span class='ocrx_word' id='word_1_16' title='bbox 2162 234 2491 299; x_wconf 75' lang='lat' dir='ltr'>conspiratione</span> <span class='ocrx_word' id='word_1_17' title='bbox 2521 254 2524 267; x_wconf 72' lang='lat'><strong>⁴</strong></span> 
     </span>
     <span class='ocr_line' id='line_1_4' title="bbox 372 299 2490 363; baseline 0.003 -17"><span class='ocrx_word' id='word_1_18' title='bbox 372 301 543 347; x_wconf 85' lang='lat' dir='ltr'>evenit.</span> <span class='ocrx_word' id='word_1_19' title='bbox 577 300 898 359; x_wconf 81' lang='lat' dir='ltr'>Qiamobrem</span> <span class='ocrx_word' id='word_1_20' title='bbox 912 335 927 359; x_wconf 91' lang='lat'>,</span> <span class='ocrx_word' id='word_1_21' title='bbox 943 300 1231 363; x_wconf 76' lang='lat' dir='ltr'>integerrimi</span> <span class='ocrx_word' id='word_1_22' title='bbox 1260 299 1390 345; x_wconf 79' lang='lat' dir='ltr'>simul</span> <span class='ocrx_word' id='word_1_23' title='bbox 1405 299 1453 346; x_wconf 63' lang='grc' dir='ltr'>ὃς</span> <span class='ocrx_word' id='word_1_24' title='bbox 1464 299 1817 363; x_wconf 71' lang='lat' dir='ltr'>eloquentiflimi</span> <span class='ocrx_word' id='word_1_25' title='bbox 1832 299 2151 346; x_wconf 86' lang='lat' dir='ltr'>Advocatores</span> <span class='ocrx_word' id='word_1_26' title='bbox 2162 334 2178 358; x_wconf 94' lang='lat'>,</span> <span class='ocrx_word' id='word_1_27' title='bbox 2193 300 2490 353; x_wconf 84' lang='lat' dir='ltr'>studiosorum</span> 
     </span>
     <span class='ocr_line' id='line_1_5' title="bbox 380 363 2529 430; baseline 0.002 -20"><span class='ocrx_word' id='word_1_28' title='bbox 380 366 553 411; x_wconf 86' lang='lat' dir='ltr'>causam</span> <span class='ocrx_word' id='word_1_29' title='bbox 581 365 819 428; x_wconf 80' lang='lat' dir='ltr'>suscipite,</span> <span class='ocrx_word' id='word_1_30' title='bbox 844 366 1074 427; x_wconf 76' lang='lat' dir='ltr'>istumque</span> <span class='ocrx_word' id='word_1_31' title='bbox 1101 363 1323 413; x_wconf 69' lang='lat' dir='ltr'>falsarium</span> <span class='ocrx_word' id='word_1_32' title='bbox 1359 365 1421 411; x_wconf 81' lang='lat' dir='ltr'>ita</span> <span class='ocrx_word' id='word_1_33' title='bbox 1458 366 1701 423; x_wconf 73' lang='lat' dir='ltr'>coerce-te,</span> <span class='ocrx_word' id='word_1_34' title='bbox 1735 376 1789 410; x_wconf 90' lang='lat' dir='ltr'>ut</span> <span class='ocrx_word' id='word_1_35' title='bbox 1822 363 1918 410; x_wconf 87' lang='lat' dir='ltr'>aliis</span> <span class='ocrx_word' id='word_1_36' title='bbox 1941 365 2160 426; x_wconf 81' lang='lat' dir='ltr'>exemplo</span> <span class='ocrx_word' id='word_1_37' title='bbox 2191 363 2271 424; x_wconf 85' lang='lat' dir='ltr'>sit,</span> <span class='ocrx_word' id='word_1_38' title='bbox 2306 382 2363 413; x_wconf 91' lang='lat' dir='ltr'>ne</span> <span class='ocrx_word' id='word_1_39' title='bbox 2385 383 2488 430; x_wconf 82' lang='lat' dir='ltr'>cum</span> <span class='ocrx_word' id='word_1_40' title='bbox 2523 399 2529 403; x_wconf 19' lang='grc' dir='ltr'>ιη</span> 
     </span>
     <span class='ocr_line' id='line_1_6' title="bbox 376 428 2526 493; baseline 0.002 -17"><span class='ocrx_word' id='word_1_41' title='bbox 376 432 584 476; x_wconf 84' lang='lat' dir='ltr'>maximo</span> <span class='ocrx_word' id='word_1_42' title='bbox 612 431 659 477; x_wconf 59' lang='grc' dir='ltr'>ὃς</span> <span class='ocrx_word' id='word_1_43' title='bbox 685 430 927 477; x_wconf 60' lang='lat' dir='ltr'>attritorum</span> <span class='ocrx_word' id='word_1_44' title='bbox 951 429 1175 475; x_wconf 86' lang='lat' dir='ltr'>dedecore</span> <span class='ocrx_word' id='word_1_45' title='bbox 1199 428 1246 476; x_wconf 75' lang='grc' dir='ltr'>ὅζ</span> <span class='ocrx_word' id='word_1_46' title='bbox 1267 428 1610 493; x_wconf 89' lang='lat' dir='ltr'>disciplinarum</span> <span class='ocrx_word' id='word_1_47' title='bbox 1636 429 1920 474; x_wconf 90' lang='lat' dir='ltr'>detrimento</span> <span class='ocrx_word' id='word_1_48' title='bbox 1953 443 2004 474; x_wconf 87' lang='lat' dir='ltr'>ca</span> <span class='ocrx_word' id='word_1_49' title='bbox 2035 428 2259 492; x_wconf 87' lang='lat' dir='ltr'>flagitiose</span> <span class='ocrx_word' id='word_1_50' title='bbox 2285 446 2490 481; x_wconf 89' lang='lat' dir='ltr'>corrum-</span> <span class='ocrx_word' id='word_1_51' title='bbox 2524 430 2526 467; x_wconf 64' lang='lat'>³</span> 
     </span>
     <span class='ocr_line' id='line_1_7' title="bbox 375 490 2527 559; baseline 0.001 -19"><span class='ocrx_word' id='word_1_52' title='bbox 375 508 517 559; x_wconf 85' lang='lat' dir='ltr'>pant,</span> <span class='ocrx_word' id='word_1_53' title='bbox 553 512 666 559; x_wconf 71' lang='lat' dir='ltr'>quae</span> <span class='ocrx_word' id='word_1_54' title='bbox 691 496 745 540; x_wconf 84' lang='lat' dir='ltr'>ad</span> <span class='ocrx_word' id='word_1_55' title='bbox 772 495 1005 557; x_wconf 84' lang='lat' dir='ltr'>publicam</span> <span class='ocrx_word' id='word_1_56' title='bbox 1033 494 1283 541; x_wconf 82' lang='lat' dir='ltr'>utilitatem</span> <span class='ocrx_word' id='word_1_57' title='bbox 1308 494 1436 540; x_wconf 86' lang='lat' dir='ltr'>fuere</span> <span class='ocrx_word' id='word_1_58' title='bbox 1459 493 1735 556; x_wconf 83' lang='lat' dir='ltr'>conscripta.</span> <span class='ocrx_word' id='word_1_59' title='bbox 1792 492 1882 540; x_wconf 86' lang='lat' dir='ltr'>Sed</span> <span class='ocrx_word' id='word_1_60' title='bbox 1908 509 2015 540; x_wconf 90' lang='lat' dir='ltr'>cum</span> <span class='ocrx_word' id='word_1_61' title='bbox 2043 494 2327 558; x_wconf 86' lang='lat' dir='ltr'>praejudicio</span> <span class='ocrx_word' id='word_1_62' title='bbox 2349 497 2491 555; x_wconf 76' lang='lat' dir='ltr'>vesti-9</span> <span class='ocrx_word' id='word_1_63' title='bbox 2524 490 2527 546; x_wconf 64' lang='grc' dir='ltr'>ἶ</span> 
     </span>
     <span class='ocr_line' id='line_1_8' title="bbox 372 555 2531 624; baseline 0.002 -19"><span class='ocrx_word' id='word_1_64' title='bbox 372 563 467 624; x_wconf 84' lang='lat' dir='ltr'>jam</span> <span class='ocrx_word' id='word_1_65' title='bbox 491 560 545 606; x_wconf 86' lang='lat' dir='ltr'>fit</span> <span class='ocrx_word' id='word_1_66' title='bbox 570 559 806 606; x_wconf 82' lang='lat' dir='ltr'>damnatus</span> <span class='ocrx_word' id='word_1_67' title='bbox 824 593 839 618; x_wconf 85' lang='lat'>,</span> <span class='ocrx_word' id='word_1_68' title='bbox 861 559 1074 623; x_wconf 85' lang='lat' dir='ltr'>nullaque</span> <span class='ocrx_word' id='word_1_69' title='bbox 1099 559 1231 619; x_wconf 88' lang='lat' dir='ltr'>vobis</span> <span class='ocrx_word' id='word_1_70' title='bbox 1256 558 1312 606; x_wconf 88' lang='lat' dir='ltr'>fit</span> <span class='ocrx_word' id='word_1_71' title='bbox 1335 575 1452 623; x_wconf 88' lang='lat' dir='ltr'>opus</span> <span class='ocrx_word' id='word_1_72' title='bbox 1477 559 1835 617; x_wconf 74' lang='lat' dir='ltr'>exhortatione,</span> <span class='ocrx_word' id='word_1_73' title='bbox 1868 557 1923 605; x_wconf 89' lang='lat' dir='ltr'>ad</span> <span class='ocrx_word' id='word_1_74' title='bbox 1944 560 2193 606; x_wconf 89' lang='lat' dir='ltr'>nonnullos</span> <span class='ocrx_word' id='word_1_75' title='bbox 2217 575 2273 606; x_wconf 88' lang='lat' dir='ltr'>ex</span> <span class='ocrx_word' id='word_1_76' title='bbox 2300 556 2490 612; x_wconf 66' lang='lat' dir='ltr'>foediffil</span> <span class='ocrx_word' id='word_1_77' title='bbox 2525 555 2531 618; x_wconf 56' lang='lat' dir='ltr'>l</span> 
     </span>
     <span class='ocr_line' id='line_1_9' title="bbox 379 622 2533 688; baseline -0 -17"><span class='ocrx_word' id='word_1_78' title='bbox 379 627 466 671; x_wconf 87' lang='lat' dir='ltr'>mis</span> <span class='ocrx_word' id='word_1_79' title='bbox 489 625 608 670; x_wconf 85' lang='lat' dir='ltr'>illius</span> <span class='ocrx_word' id='word_1_80' title='bbox 635 625 838 688; x_wconf 80' lang='lat' dir='ltr'>imperiti</span> <span class='ocrx_word' id='word_1_81' title='bbox 863 623 1123 688; x_wconf 77' lang='lat' dir='ltr'>paedagogi</span> <span class='ocrx_word' id='word_1_82' title='bbox 1144 624 1402 682; x_wconf 87' lang='lat' dir='ltr'>erroribus,</span> <span class='ocrx_word' id='word_1_83' title='bbox 1437 625 1516 687; x_wconf 84' lang='lat' dir='ltr'>qui</span> <span class='ocrx_word' id='word_1_84' title='bbox 1541 624 1722 669; x_wconf 90' lang='lat' dir='ltr'>nomini</span> <span class='ocrx_word' id='word_1_85' title='bbox 1746 639 1852 669; x_wconf 89' lang='lat' dir='ltr'>meo</span> <span class='ocrx_word' id='word_1_86' title='bbox 1875 622 1984 669; x_wconf 88' lang='lat' dir='ltr'>falso</span> <span class='ocrx_word' id='word_1_87' title='bbox 2010 623 2191 687; x_wconf 86' lang='lat' dir='ltr'>ascripti</span> <span class='ocrx_word' id='word_1_88' title='bbox 2214 624 2401 673; x_wconf 85' lang='lat' dir='ltr'>fuerunt</span> <span class='ocrx_word' id='word_1_89' title='bbox 2419 629 2533 687; x_wconf 41' lang='lat' dir='ltr'>affui:</span> 
     </span>
     <span class='ocr_line' id='line_1_10' title="bbox 380 688 2547 756; baseline 0.001 -20"><span class='ocrx_word' id='word_1_90' title='bbox 380 690 606 736; x_wconf 83' lang='lat' dir='ltr'>notandos</span> <span class='ocrx_word' id='word_1_91' title='bbox 644 689 984 736; x_wconf 76' lang='lat' dir='ltr'>descendamus.</span> <span class='ocrx_word' id='word_1_92' title='bbox 1053 689 1275 753; x_wconf 82' lang='lat' dir='ltr'>Qisquis</span> <span class='ocrx_word' id='word_1_93' title='bbox 1300 690 1448 753; x_wconf 70' lang='lat' dir='ltr'>igitur</span> <span class='ocrx_word' id='word_1_94' title='bbox 1484 688 1565 738; x_wconf 79' lang='lat' dir='ltr'>iste</span> <span class='ocrx_word' id='word_1_95' title='bbox 1596 688 1717 748; x_wconf 81' lang='lat' dir='ltr'>fuit,</span> <span class='ocrx_word' id='word_1_96' title='bbox 1752 690 1832 752; x_wconf 90' lang='lat' dir='ltr'>qui</span> <span class='ocrx_word' id='word_1_97' title='bbox 1864 688 1987 734; x_wconf 88' lang='lat' dir='ltr'>nulla</span> <span class='ocrx_word' id='word_1_98' title='bbox 2022 689 2318 736; x_wconf 87' lang='lat' dir='ltr'>humanitatis</span> <span class='ocrx_word' id='word_1_99' title='bbox 2345 690 2494 743; x_wconf 83' lang='lat' dir='ltr'>habita</span> <span class='ocrx_word' id='word_1_100' title='bbox 2526 693 2547 756; x_wconf 58' lang='lat' dir='ltr'>l}</span> 
     </span>
     <span class='ocr_line' id='line_1_11' title="bbox 377 752 2547 843; baseline 0.001 -42"><span class='ocrx_word' id='word_1_101' title='bbox 377 756 555 801; x_wconf 83' lang='lat' dir='ltr'>ratione</span> <span class='ocrx_word' id='word_1_102' title='bbox 592 767 685 800; x_wconf 89' lang='lat' dir='ltr'>tam</span> <span class='ocrx_word' id='word_1_103' title='bbox 723 753 937 816; x_wconf 81' lang='lat' dir='ltr'>improbe</span> <span class='ocrx_word' id='word_1_104' title='bbox 975 755 1022 801; x_wconf 91' lang='lat' dir='ltr'>in</span> <span class='ocrx_word' id='word_1_105' title='bbox 1058 770 1158 800; x_wconf 89' lang='lat' dir='ltr'>mea</span> <span class='ocrx_word' id='word_1_106' title='bbox 1185 755 1377 813; x_wconf 83' lang='lat' dir='ltr'>invasit,</span> <span class='ocrx_word' id='word_1_107' title='bbox 1421 752 1588 816; x_wconf 75' lang='lat' dir='ltr'>suaque</span> <span class='ocrx_word' id='word_1_108' title='bbox 1613 753 1728 800; x_wconf 88' lang='lat' dir='ltr'>falce</span> <span class='ocrx_word' id='word_1_109' title='bbox 1765 752 1925 800; x_wconf 86' lang='lat' dir='ltr'>obtusa</span> <span class='ocrx_word' id='word_1_110' title='bbox 1957 753 2005 799; x_wconf 64' lang='grc' dir='ltr'>ὃς</span> <span class='ocrx_word' id='word_1_111' title='bbox 2041 754 2254 817; x_wconf 84' lang='lat' dir='ltr'>rubigine</span> <span class='ocrx_word' id='word_1_112' title='bbox 2291 756 2496 815; x_wconf 55' lang='lat' dir='ltr'>confesti}</span> <span class='ocrx_word' id='word_1_113' title='bbox 2525 757 2547 843; x_wconf 40' lang='grc' dir='ltr'>Ὶξ</span> 
     </span>
     <span class='ocr_line' id='line_1_12' title="bbox 381 811 2547 886; baseline 0.001 -21"><span class='ocrx_word' id='word_1_114' title='bbox 381 834 530 865; x_wconf 87' lang='lat' dir='ltr'>meam</span> <span class='ocrx_word' id='word_1_115' title='bbox 555 818 753 882; x_wconf 80' lang='lat' dir='ltr'>segetem</span> <span class='ocrx_word' id='word_1_116' title='bbox 779 818 1012 866; x_wconf 80' lang='lat' dir='ltr'>succidere</span> <span class='ocrx_word' id='word_1_117' title='bbox 1039 832 1234 866; x_wconf 84' lang='lat' dir='ltr'>conatus</span> <span class='ocrx_word' id='word_1_118' title='bbox 1255 819 1350 878; x_wconf 88' lang='lat' dir='ltr'>est,</span> <span class='ocrx_word' id='word_1_119' title='bbox 1386 835 1534 883; x_wconf 82' lang='lat' dir='ltr'>neque</span> <span class='ocrx_word' id='word_1_120' title='bbox 1553 818 1667 865; x_wconf 88' lang='lat' dir='ltr'>boni</span> <span class='ocrx_word' id='word_1_121' title='bbox 1693 834 1839 882; x_wconf 91' lang='lat' dir='ltr'>neque</span> <span class='ocrx_word' id='word_1_122' title='bbox 1863 817 1989 865; x_wconf 59' lang='lat' dir='ltr'>dosii</span> <span class='ocrx_word' id='word_1_123' title='bbox 2012 819 2099 867; x_wconf 91' lang='lat' dir='ltr'>viri</span> <span class='ocrx_word' id='word_1_124' title='bbox 2123 818 2283 866; x_wconf 88' lang='lat' dir='ltr'>officio</span> <span class='ocrx_word' id='word_1_125' title='bbox 2307 819 2373 867; x_wconf 92' lang='lat' dir='ltr'>est</span> <span class='ocrx_word' id='word_1_126' title='bbox 2395 811 2496 879; x_wconf 52' lang='lat' dir='ltr'>fun&#39;ss&#39;</span> <span class='ocrx_word' id='word_1_127' title='bbox 2531 821 2547 886; x_wconf 65' lang='grc' dir='ltr'><strong>ξ</strong></span> 
     </span>
     <span class='ocr_line' id='line_1_13' title="bbox 380 877 2536 949; baseline 0.002 -20"><span class='ocrx_word' id='word_1_128' title='bbox 380 883 496 930; x_wconf 63' lang='lat' dir='ltr'>stus</span> <span class='ocrx_word' id='word_1_129' title='bbox 566 883 724 943; x_wconf 78' lang='lat' dir='ltr'>Qiam</span> <span class='ocrx_word' id='word_1_130' title='bbox 747 900 857 931; x_wconf 90' lang='lat' dir='ltr'>vero</span> <span class='ocrx_word' id='word_1_131' title='bbox 884 883 938 931; x_wconf 84' lang='lat' dir='ltr'>fit</span> <span class='ocrx_word' id='word_1_132' title='bbox 963 884 1190 931; x_wconf 86' lang='lat' dir='ltr'>scribendi</span> <span class='ocrx_word' id='word_1_133' title='bbox 1215 885 1389 949; x_wconf 81' lang='lat' dir='ltr'>peritus</span> <span class='ocrx_word' id='word_1_134' title='bbox 1411 900 1468 932; x_wconf 86' lang='lat' dir='ltr'>ex</span> <span class='ocrx_word' id='word_1_135' title='bbox 1501 885 1651 948; x_wconf 80' lang='lat' dir='ltr'>prima</span> <span class='ocrx_word' id='word_1_136' title='bbox 1685 884 1837 931; x_wconf 88' lang='lat' dir='ltr'>statim</span> <span class='ocrx_word' id='word_1_137' title='bbox 1869 883 2007 946; x_wconf 82' lang='lat' dir='ltr'>ipsius</span> <span class='ocrx_word' id='word_1_138' title='bbox 2038 883 2331 948; x_wconf 83' lang='lat' dir='ltr'>expositione</span> <span class='ocrx_word' id='word_1_139' title='bbox 2368 877 2496 946; x_wconf 53' lang='lat' dir='ltr'>facile</span> <span class='ocrx_word' id='word_1_140' title='bbox 2520 917 2536 932; x_wconf 46' lang='lat' dir='ltr'>a</span> 
     </span>
     <span class='ocr_line' id='line_1_14' title="bbox 379 946 2547 1014; baseline 0.002 -21"><span class='ocrx_word' id='word_1_141' title='bbox 379 949 635 1012; x_wconf 83' lang='lat' dir='ltr'>unicuique</span> <span class='ocrx_word' id='word_1_142' title='bbox 658 949 731 996; x_wconf 84' lang='lat' dir='ltr'>vel</span> <span class='ocrx_word' id='word_1_143' title='bbox 756 949 1052 996; x_wconf 88' lang='lat' dir='ltr'>mediocriter</span> <span class='ocrx_word' id='word_1_144' title='bbox 1087 949 1228 996; x_wconf 54' lang='lat' dir='ltr'>doeio</span> <span class='ocrx_word' id='word_1_145' title='bbox 1262 950 1437 1014; x_wconf 85' lang='lat' dir='ltr'>liquere</span> <span class='ocrx_word' id='word_1_146' title='bbox 1473 949 1640 1012; x_wconf 85' lang='lat' dir='ltr'>potest.</span> <span class='ocrx_word' id='word_1_147' title='bbox 1710 949 1786 995; x_wconf 89' lang='lat' dir='ltr'>Ab</span> <span class='ocrx_word' id='word_1_148' title='bbox 1811 949 1904 995; x_wconf 91' lang='lat' dir='ltr'>hoc</span> <span class='ocrx_word' id='word_1_149' title='bbox 1933 965 2130 1013; x_wconf 89' lang='lat' dir='ltr'>namque</span> <span class='ocrx_word' id='word_1_150' title='bbox 2153 951 2280 997; x_wconf 89' lang='lat' dir='ltr'>versu</span> <span class='ocrx_word' id='word_1_151' title='bbox 2315 951 2499 1012; x_wconf 50' lang='lat' dir='ltr'>initium}¹</span> <span class='ocrx_word' id='word_1_152' title='bbox 2524 946 2547 998; x_wconf 76' lang='lat'>¹⁵.</span> 
     </span>
     <span class='ocr_line' id='line_1_15' title="bbox 378 1013 2541 1089; baseline 0.002 -30"><span class='ocrx_word' id='word_1_153' title='bbox 378 1013 544 1072; x_wconf 84' lang='lat' dir='ltr'>sumit,</span> <span class='ocrx_word' id='word_1_154' title='bbox 560 1016 750 1077; x_wconf 78' lang='lat' dir='ltr'>Oraque</span> <span class='ocrx_word' id='word_1_155' title='bbox 774 1016 979 1062; x_wconf 82' lang='lat' dir='ltr'>venturis</span> <span class='ocrx_word' id='word_1_156' title='bbox 994 1015 1168 1078; x_wconf 87' lang='lat' dir='ltr'>aperire</span> <span class='ocrx_word' id='word_1_157' title='bbox 1189 1016 1389 1061; x_wconf 73' lang='lat' dir='ltr'>recentia</span> <span class='ocrx_word' id='word_1_158' title='bbox 1415 1014 1529 1061; x_wconf 83' lang='lat' dir='ltr'>satis.</span> <span class='ocrx_word' id='word_1_159' title='bbox 1565 1015 1725 1078; x_wconf 86' lang='lat' dir='ltr'>Tages</span> <span class='ocrx_word' id='word_1_160' title='bbox 1739 1013 1986 1076; x_wconf 87' lang='lat' dir='ltr'>inquit,ut</span> <span class='ocrx_word' id='word_1_161' title='bbox 2009 1014 2166 1061; x_wconf 85' lang='lat' dir='ltr'>scribit</span> <span class='ocrx_word' id='word_1_162' title='bbox 2181 1014 2353 1061; x_wconf 91' lang='lat' dir='ltr'>Cicero</span> <span class='ocrx_word' id='word_1_163' title='bbox 2378 1015 2494 1081; x_wconf 69' lang='lat' dir='ltr'>libre}</span> <span class='ocrx_word' id='word_1_164' title='bbox 2531 1013 2541 1089; x_wconf 52' lang='lat'>3⁶</span> 
     </span>
     <span class='ocr_line' id='line_1_16' title="bbox 381 1077 2540 1143; baseline 0.001 -19"><span class='ocrx_word' id='word_1_165' title='bbox 381 1078 439 1124; x_wconf 88' lang='lat' dir='ltr'>de</span> <span class='ocrx_word' id='word_1_166' title='bbox 463 1078 778 1138; x_wconf 77' lang='lat' dir='ltr'>divinatione,</span> <span class='ocrx_word' id='word_1_167' title='bbox 809 1080 974 1143; x_wconf 85' lang='lat' dir='ltr'>puerili</span> <span class='ocrx_word' id='word_1_168' title='bbox 997 1080 1145 1142; x_wconf 85' lang='lat' dir='ltr'>specie</span> <span class='ocrx_word' id='word_1_169' title='bbox 1172 1079 1262 1126; x_wconf 87' lang='lat' dir='ltr'>fuit</span> <span class='ocrx_word' id='word_1_170' title='bbox 1288 1081 1540 1142; x_wconf 83' lang='lat' dir='ltr'>coepitque</span> <span class='ocrx_word' id='word_1_171' title='bbox 1561 1077 1689 1125; x_wconf 84' lang='lat' dir='ltr'>affari</span> <span class='ocrx_word' id='word_1_172' title='bbox 1713 1091 1957 1126; x_wconf 84' lang='lat' dir='ltr'>aratorem.</span> <span class='ocrx_word' id='word_1_173' title='bbox 1993 1080 2078 1126; x_wconf 86' lang='lat' dir='ltr'>Ille</span> <span class='ocrx_word' id='word_1_174' title='bbox 2097 1081 2282 1127; x_wconf 87' lang='lat' dir='ltr'>territus</span> <span class='ocrx_word' id='word_1_175' title='bbox 2304 1080 2500 1134; x_wconf 55' lang='lat' dir='ltr'>clamans*</span> <span class='ocrx_word' id='word_1_176' title='bbox 2525 1084 2540 1118; x_wconf 58' lang='lat'>³</span> 
     </span>
     <span class='ocr_line' id='line_1_17' title="bbox 384 1143 2542 1208; baseline 0.002 -19"><span class='ocrx_word' id='word_1_177' title='bbox 384 1144 611 1192; x_wconf 85' lang='lat' dir='ltr'>conscivit</span> <span class='ocrx_word' id='word_1_178' title='bbox 640 1157 786 1191; x_wconf 87' lang='lat' dir='ltr'>totam</span> <span class='ocrx_word' id='word_1_179' title='bbox 812 1145 1047 1191; x_wconf 83' lang='lat' dir='ltr'>Etruriam</span> <span class='ocrx_word' id='word_1_180' title='bbox 1065 1160 1208 1208; x_wconf 86' lang='lat' dir='ltr'>,quae</span> <span class='ocrx_word' id='word_1_181' title='bbox 1235 1161 1328 1191; x_wconf 89' lang='lat' dir='ltr'>uno</span> <span class='ocrx_word' id='word_1_182' title='bbox 1355 1158 1594 1192; x_wconf 88' lang='lat' dir='ltr'>conventu</span> <span class='ocrx_word' id='word_1_183' title='bbox 1607 1144 1792 1207; x_wconf 88' lang='lat' dir='ltr'>Tagem</span> <span class='ocrx_word' id='word_1_184' title='bbox 1815 1143 2082 1208; x_wconf 88' lang='lat' dir='ltr'>loquentem</span> <span class='ocrx_word' id='word_1_185' title='bbox 2107 1144 2299 1193; x_wconf 85' lang='lat' dir='ltr'>audivit.</span> <span class='ocrx_word' id='word_1_186' title='bbox 2336 1147 2495 1208; x_wconf 59' lang='lat' dir='ltr'>Sermo</span> <span class='ocrx_word' id='word_1_187' title='bbox 2526 1163 2542 1198; x_wconf 71' lang='lat'>2„</span> 
     </span>
     <span class='ocr_line' id='line_1_18' title="bbox 379 1208 2496 1274; baseline 0 -20"><span class='ocrx_word' id='word_1_188' title='bbox 379 1221 532 1254; x_wconf 84' lang='lat' dir='ltr'>autem</span> <span class='ocrx_word' id='word_1_189' title='bbox 556 1208 647 1256; x_wconf 83' lang='lat' dir='ltr'>fuit</span> <span class='ocrx_word' id='word_1_190' title='bbox 680 1222 904 1273; x_wconf 85' lang='lat' dir='ltr'>exceptus</span> <span class='ocrx_word' id='word_1_191' title='bbox 929 1208 1197 1273; x_wconf 86' lang='lat' dir='ltr'>&amp;scriptus</span> <span class='ocrx_word' id='word_1_192' title='bbox 1229 1209 1354 1257; x_wconf 87' lang='lat' dir='ltr'>libris</span> <span class='ocrx_word' id='word_1_193' title='bbox 1376 1210 1678 1257; x_wconf 88' lang='lat' dir='ltr'>Etruscorum</span> <span class='ocrx_word' id='word_1_194' title='bbox 1713 1208 1984 1273; x_wconf 87' lang='lat' dir='ltr'>habitusque</span> <span class='ocrx_word' id='word_1_195' title='bbox 2016 1210 2081 1256; x_wconf 85' lang='lat' dir='ltr'>est</span> <span class='ocrx_word' id='word_1_196' title='bbox 2112 1227 2199 1273; x_wconf 89' lang='lat' dir='ltr'>pro</span> <span class='ocrx_word' id='word_1_197' title='bbox 2235 1209 2496 1274; x_wconf 55' lang='lat' dir='ltr'>aruspicina}</span> 
     </span>
     <span class='ocr_line' id='line_1_19' title="bbox 386 1273 2499 1338; baseline 0.002 -19"><span class='ocrx_word' id='word_1_198' title='bbox 386 1273 502 1319; x_wconf 86' lang='lat' dir='ltr'>Inde</span> <span class='ocrx_word' id='word_1_199' title='bbox 526 1275 648 1320; x_wconf 89' lang='lat' dir='ltr'>enim</span> <span class='ocrx_word' id='word_1_200' title='bbox 676 1274 930 1337; x_wconf 78' lang='lat' dir='ltr'>aruspicina</span> <span class='ocrx_word' id='word_1_201' title='bbox 965 1274 1156 1338; x_wconf 73' lang='lat' dir='ltr'>sumpsit</span> <span class='ocrx_word' id='word_1_202' title='bbox 1187 1287 1328 1322; x_wconf 84' lang='lat' dir='ltr'>artem</span> <span class='ocrx_word' id='word_1_203' title='bbox 1356 1275 1404 1321; x_wconf 83' lang='lat'>&amp;</span> <span class='ocrx_word' id='word_1_204' title='bbox 1429 1275 1710 1338; x_wconf 88' lang='lat' dir='ltr'>principium</span> <span class='ocrx_word' id='word_1_205' title='bbox 1727 1309 1743 1334; x_wconf 91' lang='lat'>,</span> <span class='ocrx_word' id='word_1_206' title='bbox 1779 1275 2013 1322; x_wconf 87' lang='lat' dir='ltr'>Lucanus.</span> <span class='ocrx_word' id='word_1_207' title='bbox 2047 1275 2137 1323; x_wconf 90' lang='lat' dir='ltr'>Sed</span> <span class='ocrx_word' id='word_1_208' title='bbox 2159 1275 2379 1323; x_wconf 89' lang='lat' dir='ltr'>conditor</span> <span class='ocrx_word' id='word_1_209' title='bbox 2398 1277 2499 1336; x_wconf 60' lang='lat' dir='ltr'>artis</span> 
     </span>
     <span class='ocr_line' id='line_1_20' title="bbox 384 1338 2547 1404; baseline 0.002 -20"><span class='ocrx_word' id='word_1_210' title='bbox 384 1338 576 1386; x_wconf 82' lang='lat' dir='ltr'>finxerit</span> <span class='ocrx_word' id='word_1_211' title='bbox 597 1338 678 1387; x_wconf 83' lang='lat' dir='ltr'>iste</span> <span class='ocrx_word' id='word_1_212' title='bbox 701 1340 874 1402; x_wconf 80' lang='lat' dir='ltr'>Tages.</span> <span class='ocrx_word' id='word_1_213' title='bbox 921 1340 1095 1386; x_wconf 81' lang='lat' dir='ltr'>Plinius</span> <span class='ocrx_word' id='word_1_214' title='bbox 1119 1353 1273 1387; x_wconf 88' lang='lat' dir='ltr'>tamen</span> <span class='ocrx_word' id='word_1_215' title='bbox 1299 1357 1393 1386; x_wconf 90' lang='lat' dir='ltr'>non</span> <span class='ocrx_word' id='word_1_216' title='bbox 1414 1342 1608 1404; x_wconf 83' lang='lat' dir='ltr'>Tagen,</span> <span class='ocrx_word' id='word_1_217' title='bbox 1641 1339 1715 1386; x_wconf 92' lang='lat' dir='ltr'>sed</span> <span class='ocrx_word' id='word_1_218' title='bbox 1741 1340 1968 1402; x_wconf 86' lang='lat' dir='ltr'>Delphon</span> <span class='ocrx_word' id='word_1_219' title='bbox 2003 1338 2132 1387; x_wconf 81' lang='lat' dir='ltr'>fuisse</span> <span class='ocrx_word' id='word_1_220' title='bbox 2158 1339 2330 1387; x_wconf 87' lang='lat' dir='ltr'>scribit.</span> <span class='ocrx_word' id='word_1_221' title='bbox 2396 1338 2547 1402; x_wconf 53' lang='lat' dir='ltr'>Tot&#39;rff</span> 
     </span>
     <span class='ocr_line' id='line_1_21' title="bbox 383 1402 2547 1470; baseline 0.002 -22"><span class='ocrx_word' id='word_1_222' title='bbox 383 1402 524 1450; x_wconf 79' lang='lat' dir='ltr'>eil&#39;ent</span> <span class='ocrx_word' id='word_1_223' title='bbox 556 1404 603 1449; x_wconf 89' lang='lat' dir='ltr'>in</span> <span class='ocrx_word' id='word_1_224' title='bbox 643 1404 727 1450; x_wconf 84' lang='lat' dir='ltr'>hac</span> <span class='ocrx_word' id='word_1_225' title='bbox 760 1405 908 1466; x_wconf 78' lang='lat' dir='ltr'>prima</span> <span class='ocrx_word' id='word_1_226' title='bbox 938 1404 1063 1451; x_wconf 87' lang='lat' dir='ltr'>istius</span> <span class='ocrx_word' id='word_1_227' title='bbox 1098 1405 1298 1469; x_wconf 83' lang='lat' dir='ltr'>imperiti</span> <span class='ocrx_word' id='word_1_228' title='bbox 1332 1404 1624 1470; x_wconf 81' lang='lat' dir='ltr'>expositione</span> <span class='ocrx_word' id='word_1_229' title='bbox 1656 1404 1942 1463; x_wconf 87' lang='lat' dir='ltr'>annotanda,</span> <span class='ocrx_word' id='word_1_230' title='bbox 1977 1418 2032 1452; x_wconf 91' lang='lat' dir='ltr'>ut</span> <span class='ocrx_word' id='word_1_231' title='bbox 2068 1405 2188 1452; x_wconf 90' lang='lat' dir='ltr'>unde</span> <span class='ocrx_word' id='word_1_232' title='bbox 2217 1404 2547 1469; x_wconf 64' lang='lat' dir='ltr'>potiffimunii,</span> 
     </span>
     <span class='ocr_line' id='line_1_22' title="bbox 384 1464 2546 1536; baseline 0.005 -24"><span class='ocrx_word' id='word_1_233' title='bbox 384 1467 668 1531; x_wconf 84' lang='lat' dir='ltr'>principium</span> <span class='ocrx_word' id='word_1_234' title='bbox 694 1468 868 1515; x_wconf 88' lang='lat' dir='ltr'>sumam</span> <span class='ocrx_word' id='word_1_235' title='bbox 891 1470 1104 1532; x_wconf 88' lang='lat' dir='ltr'>ignorem</span> <span class='ocrx_word' id='word_1_236' title='bbox 1126 1504 1141 1529; x_wconf 92' lang='lat'>,</span> <span class='ocrx_word' id='word_1_237' title='bbox 1173 1469 1247 1516; x_wconf 91' lang='lat' dir='ltr'>sed</span> <span class='ocrx_word' id='word_1_238' title='bbox 1275 1486 1381 1516; x_wconf 86' lang='lat' dir='ltr'>cum</span> <span class='ocrx_word' id='word_1_239' title='bbox 1407 1470 1481 1518; x_wconf 83' lang='lat' dir='ltr'>vel</span> <span class='ocrx_word' id='word_1_240' title='bbox 1503 1470 1619 1517; x_wconf 58' lang='lat' dir='ltr'>lesia</span> <span class='ocrx_word' id='word_1_241' title='bbox 1639 1469 1784 1517; x_wconf 80' lang='lat' dir='ltr'>solum</span> <span class='ocrx_word' id='word_1_242' title='bbox 1813 1471 2126 1534; x_wconf 88' lang='lat' dir='ltr'>pulcherrime</span> <span class='ocrx_word' id='word_1_243' title='bbox 2146 1470 2374 1518; x_wconf 87' lang='lat' dir='ltr'>artificem</span> <span class='ocrx_word' id='word_1_244' title='bbox 2396 1464 2500 1536; x_wconf 53' lang='lat' dir='ltr'>pro}-</span> <span class='ocrx_word' id='word_1_245' title='bbox 2536 1486 2546 1527; x_wconf 72' lang='lat'><em>3</em></span> 
     </span>
     <span class='ocr_line' id='line_1_23' title="bbox 383 1531 2537 1600; baseline 0.003 -22"><span class='ocrx_word' id='word_1_246' title='bbox 383 1531 522 1593; x_wconf 86' lang='lat' dir='ltr'>dant,</span> <span class='ocrx_word' id='word_1_247' title='bbox 539 1534 694 1596; x_wconf 79' lang='lat' dir='ltr'>paucis</span> <span class='ocrx_word' id='word_1_248' title='bbox 705 1533 956 1581; x_wconf 85' lang='lat' dir='ltr'>admodum</span> <span class='ocrx_word' id='word_1_249' title='bbox 978 1551 1057 1582; x_wconf 90' lang='lat' dir='ltr'>ero</span> <span class='ocrx_word' id='word_1_250' title='bbox 1081 1547 1356 1595; x_wconf 88' lang='lat' dir='ltr'>contentus,</span> <span class='ocrx_word' id='word_1_251' title='bbox 1373 1535 1575 1599; x_wconf 83' lang='lat' dir='ltr'>illudque</span> <span class='ocrx_word' id='word_1_252' title='bbox 1598 1536 1809 1583; x_wconf 88' lang='lat' dir='ltr'>omittam</span> <span class='ocrx_word' id='word_1_253' title='bbox 1824 1570 1839 1595; x_wconf 89' lang='lat'>,</span> <span class='ocrx_word' id='word_1_254' title='bbox 1853 1535 1980 1599; x_wconf 87' lang='lat' dir='ltr'>quod</span> <span class='ocrx_word' id='word_1_255' title='bbox 1992 1536 2111 1583; x_wconf 87' lang='lat' dir='ltr'>hanc</span> <span class='ocrx_word' id='word_1_256' title='bbox 2135 1534 2191 1581; x_wconf 92' lang='lat' dir='ltr'>de</span> <span class='ocrx_word' id='word_1_257' title='bbox 2203 1536 2338 1600; x_wconf 88' lang='lat' dir='ltr'>Tage</span> <span class='ocrx_word' id='word_1_258' title='bbox 2359 1536 2501 1598; x_wconf 56' lang='lat' dir='ltr'>histoja‘</span> <span class='ocrx_word' id='word_1_259' title='bbox 2536 1594 2537 1598; x_wconf 10' lang='grc' dir='ltr'><strong>Ἰ</strong></span> 
     </span>
     <span class='ocr_line' id='line_1_24' title="bbox 383 1598 2538 1664; baseline 0.003 -21"><span class='ocrx_word' id='word_1_260' title='bbox 383 1598 497 1643; x_wconf 86' lang='lat' dir='ltr'>riam</span> <span class='ocrx_word' id='word_1_261' title='bbox 523 1598 637 1644; x_wconf 84' lang='lat' dir='ltr'>mihi</span> <span class='ocrx_word' id='word_1_262' title='bbox 662 1599 799 1662; x_wconf 87' lang='lat' dir='ltr'>paulo</span> <span class='ocrx_word' id='word_1_263' title='bbox 835 1612 969 1659; x_wconf 90' lang='lat' dir='ltr'>ante,</span> <span class='ocrx_word' id='word_1_264' title='bbox 1008 1600 1089 1647; x_wconf 87' lang='lat' dir='ltr'>ubi</span> <span class='ocrx_word' id='word_1_265' title='bbox 1122 1602 1264 1664; x_wconf 77' lang='lat' dir='ltr'>poeta</span> <span class='ocrx_word' id='word_1_266' title='bbox 1297 1601 1421 1647; x_wconf 86' lang='lat' dir='ltr'>illam</span> <span class='ocrx_word' id='word_1_267' title='bbox 1455 1599 1706 1647; x_wconf 85' lang='lat' dir='ltr'>describere</span> <span class='ocrx_word' id='word_1_268' title='bbox 1741 1602 1928 1663; x_wconf 88' lang='lat' dir='ltr'>coepit,</span> <span class='ocrx_word' id='word_1_269' title='bbox 1964 1600 2202 1664; x_wconf 85' lang='lat' dir='ltr'>perspicue</span> <span class='ocrx_word' id='word_1_270' title='bbox 2223 1615 2502 1661; x_wconf 84' lang='lat' dir='ltr'>enarratam,</span> <span class='ocrx_word' id='word_1_271' title='bbox 2535 1647 2538 1650; x_wconf 83' lang='lat'>.</span> 
     </span>
     <span class='ocr_line' id='line_1_25' title="bbox 383 1662 2500 1730; baseline 0.003 -23"><span class='ocrx_word' id='word_1_272' title='bbox 383 1662 467 1708; x_wconf 89' lang='lat' dir='ltr'>iste</span> <span class='ocrx_word' id='word_1_273' title='bbox 500 1679 640 1710; x_wconf 79' lang='lat' dir='ltr'>vanus</span> <span class='ocrx_word' id='word_1_274' title='bbox 671 1677 1043 1725; x_wconf 83' lang='lat' dir='ltr'>commentator,</span> <span class='ocrx_word' id='word_1_275' title='bbox 1077 1679 1131 1712; x_wconf 87' lang='lat' dir='ltr'>ut</span> <span class='ocrx_word' id='word_1_276' title='bbox 1166 1682 1257 1730; x_wconf 90' lang='lat' dir='ltr'>ego</span> <span class='ocrx_word' id='word_1_277' title='bbox 1283 1681 1470 1729; x_wconf 85' lang='lat' dir='ltr'>quoque</span> <span class='ocrx_word' id='word_1_278' title='bbox 1492 1665 1585 1712; x_wconf 89' lang='lat' dir='ltr'>hoc</span> <span class='ocrx_word' id='word_1_279' title='bbox 1608 1665 1753 1713; x_wconf 87' lang='lat' dir='ltr'>verbo</span> <span class='ocrx_word' id='word_1_280' title='bbox 1778 1680 1907 1725; x_wconf 85' lang='lat' dir='ltr'>utar,</span> <span class='ocrx_word' id='word_1_281' title='bbox 1944 1667 1991 1712; x_wconf 86' lang='lat' dir='ltr'>in</span> <span class='ocrx_word' id='word_1_282' title='bbox 2014 1682 2120 1712; x_wconf 89' lang='lat' dir='ltr'>eum</span> <span class='ocrx_word' id='word_1_283' title='bbox 2147 1666 2378 1713; x_wconf 85' lang='lat' dir='ltr'>transtulit</span> <span class='ocrx_word' id='word_1_284' title='bbox 2401 1682 2500 1728; x_wconf 85' lang='lat' dir='ltr'>ver·</span> 
     </span>
     <span class='ocr_line' id='line_1_26' title="bbox 381 1725 2545 1795; baseline 0.003 -22"><span class='ocrx_word' id='word_1_285' title='bbox 381 1725 507 1786; x_wconf 81' lang='lat' dir='ltr'>sum,</span> <span class='ocrx_word' id='word_1_286' title='bbox 529 1729 604 1774; x_wconf 82' lang='lat' dir='ltr'>cui</span> <span class='ocrx_word' id='word_1_287' title='bbox 631 1730 823 1775; x_wconf 86' lang='lat' dir='ltr'>minime</span> <span class='ocrx_word' id='word_1_288' title='bbox 849 1730 1243 1790; x_wconf 83' lang='lat' dir='ltr'>conveniebat,ut</span> <span class='ocrx_word' id='word_1_289' title='bbox 1265 1731 1312 1777; x_wconf 67' lang='grc' dir='ltr'>ὃ(</span> <span class='ocrx_word' id='word_1_290' title='bbox 1334 1747 1359 1776; x_wconf 91' lang='lat' dir='ltr'>a</span> <span class='ocrx_word' id='word_1_291' title='bbox 1380 1733 1518 1794; x_wconf 84' lang='lat' dir='ltr'>Tage</span> <span class='ocrx_word' id='word_1_292' title='bbox 1541 1747 1774 1795; x_wconf 83' lang='lat' dir='ltr'>exponere</span> <span class='ocrx_word' id='word_1_293' title='bbox 1796 1730 1993 1793; x_wconf 79' lang='lat' dir='ltr'>coepisse</span> <span class='ocrx_word' id='word_1_294' title='bbox 2017 1732 2280 1789; x_wconf 89' lang='lat' dir='ltr'>videretur,</span> <span class='ocrx_word' id='word_1_295' title='bbox 2295 1731 2342 1777; x_wconf 65' lang='grc' dir='ltr'>ὃ(</span> <span class='ocrx_word' id='word_1_296' title='bbox 2367 1730 2500 1779; x_wconf 67' lang='lat' dir='ltr'>Cice·⁴</span> <span class='ocrx_word' id='word_1_297' title='bbox 2538 1726 2545 1790; x_wconf 46' lang='grc' dir='ltr'>ἶ</span> 
     </span>
     <span class='ocr_line' id='line_1_27' title="bbox 388 1786 2539 1860; baseline 0.003 -22"><span class='ocrx_word' id='word_1_298' title='bbox 388 1786 549 1839; x_wconf 77' lang='lat' dir='ltr'>ronem</span> <span class='ocrx_word' id='word_1_299' title='bbox 585 1795 634 1839; x_wconf 85' lang='lat' dir='ltr'>in</span> <span class='ocrx_word' id='word_1_300' title='bbox 656 1793 776 1840; x_wconf 90' lang='lat' dir='ltr'>libro</span> <span class='ocrx_word' id='word_1_301' title='bbox 798 1794 855 1840; x_wconf 87' lang='lat' dir='ltr'>de</span> <span class='ocrx_word' id='word_1_302' title='bbox 878 1793 1167 1842; x_wconf 77' lang='lat' dir='ltr'>divinatione</span> <span class='ocrx_word' id='word_1_303' title='bbox 1191 1796 1432 1859; x_wconf 85' lang='lat' dir='ltr'>allegaret,</span> <span class='ocrx_word' id='word_1_304' title='bbox 1466 1796 1592 1858; x_wconf 92' lang='lat' dir='ltr'>quod</span> <span class='ocrx_word' id='word_1_305' title='bbox 1614 1795 1800 1860; x_wconf 88' lang='lat' dir='ltr'>quidem</span> <span class='ocrx_word' id='word_1_306' title='bbox 1822 1812 1939 1858; x_wconf 90' lang='lat' dir='ltr'>opus</span> <span class='ocrx_word' id='word_1_307' title='bbox 1961 1794 1993 1842; x_wconf 87' lang='lat' dir='ltr'>fi</span> <span class='ocrx_word' id='word_1_308' title='bbox 2019 1796 2293 1859; x_wconf 86' lang='lat' dir='ltr'>diligenter,</span> <span class='ocrx_word' id='word_1_309' title='bbox 2327 1809 2380 1843; x_wconf 92' lang='lat' dir='ltr'>ut</span> <span class='ocrx_word' id='word_1_310' title='bbox 2404 1796 2504 1848; x_wconf 75' lang='lat' dir='ltr'>vult</span> <span class='ocrx_word' id='word_1_311' title='bbox 2538 1851 2539 1854; x_wconf 7' lang='grc' dir='ltr'><strong>Ἰ</strong></span> 
     </span>
     <span class='ocr_line' id='line_1_28' title="bbox 387 1856 2539 1924; baseline 0.004 -22"><span class='ocrx_word' id='word_1_312' title='bbox 387 1856 562 1916; x_wconf 85' lang='lat' dir='ltr'>videri,</span> <span class='ocrx_word' id='word_1_313' title='bbox 596 1858 800 1921; x_wconf 76' lang='lat' dir='ltr'>legisset,</span> <span class='ocrx_word' id='word_1_314' title='bbox 836 1875 1072 1923; x_wconf 87' lang='lat' dir='ltr'>nunquam</span> <span class='ocrx_word' id='word_1_315' title='bbox 1111 1871 1204 1906; x_wconf 86' lang='lat' dir='ltr'>tam</span> <span class='ocrx_word' id='word_1_316' title='bbox 1241 1860 1406 1924; x_wconf 86' lang='lat' dir='ltr'>agresti</span> <span class='ocrx_word' id='word_1_317' title='bbox 1441 1861 1699 1924; x_wconf 87' lang='lat' dir='ltr'>rusticaque</span> <span class='ocrx_word' id='word_1_318' title='bbox 1732 1862 1940 1907; x_wconf 87' lang='lat' dir='ltr'>oratione</span> <span class='ocrx_word' id='word_1_319' title='bbox 1961 1860 2061 1907; x_wconf 87' lang='lat' dir='ltr'>usus</span> <span class='ocrx_word' id='word_1_320' title='bbox 2085 1860 2251 1907; x_wconf 73' lang='lat' dir='ltr'>fuisset.</span> <span class='ocrx_word' id='word_1_321' title='bbox 2284 1877 2432 1924; x_wconf 87' lang='lat' dir='ltr'>neque</span> <span class='ocrx_word' id='word_1_322' title='bbox 2450 1861 2501 1910; x_wconf 48' lang='lat' dir='ltr'>lia.</span> <span class='ocrx_word' id='word_1_323' title='bbox 2538 1875 2539 1911; x_wconf 35' lang='grc' dir='ltr'>ἦ</span> 
     </span>
     <span class='ocr_line' id='line_1_29' title="bbox 385 1921 2546 1989; baseline 0.002 -22"><span class='ocrx_word' id='word_1_324' title='bbox 385 1921 470 1968; x_wconf 90' lang='lat' dir='ltr'>bro</span> <span class='ocrx_word' id='word_1_325' title='bbox 507 1921 599 1969; x_wconf 86' lang='lat' dir='ltr'>fine</span> <span class='ocrx_word' id='word_1_326' title='bbox 629 1923 705 1970; x_wconf 81' lang='lat' dir='ltr'>illa</span> <span class='ocrx_word' id='word_1_327' title='bbox 738 1927 782 1971; x_wconf 77' lang='lat' dir='ltr'>in</span> <span class='ocrx_word' id='word_1_328' title='bbox 818 1924 1157 1988; x_wconf 73' lang='lat' dir='ltr'>praepositione</span> <span class='ocrx_word' id='word_1_329' title='bbox 1187 1926 1367 1971; x_wconf 77' lang='lat' dir='ltr'>dixisset</span> <span class='ocrx_word' id='word_1_330' title='bbox 1391 1960 1406 1985; x_wconf 85' lang='lat'>,</span> <span class='ocrx_word' id='word_1_331' title='bbox 1443 1925 1492 1972; x_wconf 83' lang='lat'>&amp;</span> <span class='ocrx_word' id='word_1_332' title='bbox 1523 1925 1723 1972; x_wconf 87' lang='lat' dir='ltr'>secundo</span> <span class='ocrx_word' id='word_1_333' title='bbox 1757 1924 2059 1989; x_wconf 79' lang='lat' dir='ltr'>apposuisset,</span> <span class='ocrx_word' id='word_1_334' title='bbox 2094 1941 2201 1972; x_wconf 90' lang='lat' dir='ltr'>cum</span> <span class='ocrx_word' id='word_1_335' title='bbox 2241 1942 2343 1986; x_wconf 69' lang='lat' dir='ltr'>non</span> <span class='ocrx_word' id='word_1_336' title='bbox 2359 1925 2546 1986; x_wconf 48' lang='lat' dir='ltr'>unumst.</span> 
     </span>
     <span class='ocr_line' id='line_1_30' title="bbox 382 1985 2506 2054; baseline 0.002 -22"><span class='ocrx_word' id='word_1_337' title='bbox 382 1985 456 2032; x_wconf 92' lang='lat' dir='ltr'>sed</span> <span class='ocrx_word' id='word_1_338' title='bbox 481 1987 597 2034; x_wconf 87' lang='lat' dir='ltr'>duos</span> <span class='ocrx_word' id='word_1_339' title='bbox 623 1987 867 2036; x_wconf 88' lang='lat' dir='ltr'>Ciceronis</span> <span class='ocrx_word' id='word_1_340' title='bbox 898 1989 954 2035; x_wconf 93' lang='lat' dir='ltr'>de</span> <span class='ocrx_word' id='word_1_341' title='bbox 979 1990 1265 2037; x_wconf 80' lang='lat' dir='ltr'>divinatione</span> <span class='ocrx_word' id='word_1_342' title='bbox 1296 1991 1436 2036; x_wconf 84' lang='lat' dir='ltr'>libros</span> <span class='ocrx_word' id='word_1_343' title='bbox 1461 2003 1618 2037; x_wconf 78' lang='lat' dir='ltr'>extare</span> <span class='ocrx_word' id='word_1_344' title='bbox 1643 1992 1781 2037; x_wconf 89' lang='lat' dir='ltr'>etiam</span> <span class='ocrx_word' id='word_1_345' title='bbox 1807 1990 1979 2036; x_wconf 86' lang='lat' dir='ltr'>librarii</span> <span class='ocrx_word' id='word_1_346' title='bbox 2001 2007 2096 2036; x_wconf 89' lang='lat' dir='ltr'>non</span> <span class='ocrx_word' id='word_1_347' title='bbox 2121 1991 2357 2054; x_wconf 82' lang='lat' dir='ltr'>ignorent.</span> <span class='ocrx_word' id='word_1_348' title='bbox 2426 1992 2506 2046; x_wconf 59' lang='lat' dir='ltr'>Ea.</span> 
     </span>
     <span class='ocr_line' id='line_1_31' title="bbox 383 2048 2547 2119; baseline 0 -19"><span class='ocrx_word' id='word_1_349' title='bbox 383 2051 480 2100; x_wconf 78' lang='lat' dir='ltr'>hoc</span> <span class='ocrx_word' id='word_1_350' title='bbox 513 2068 624 2098; x_wconf 79' lang='lat' dir='ltr'>vero</span> <span class='ocrx_word' id='word_1_351' title='bbox 660 2052 793 2099; x_wconf 84' lang='lat' dir='ltr'>facile</span> <span class='ocrx_word' id='word_1_352' title='bbox 827 2054 1164 2101; x_wconf 85' lang='lat' dir='ltr'>demonstratur</span> <span class='ocrx_word' id='word_1_353' title='bbox 1196 2056 1331 2102; x_wconf 87' lang='lat' dir='ltr'>istum</span> <span class='ocrx_word' id='word_1_354' title='bbox 1365 2056 1519 2101; x_wconf 85' lang='lat' dir='ltr'>alienis</span> <span class='ocrx_word' id='word_1_355' title='bbox 1541 2055 1732 2119; x_wconf 87' lang='lat' dir='ltr'>pedibus</span> <span class='ocrx_word' id='word_1_356' title='bbox 1754 2054 2022 2114; x_wconf 84' lang='lat' dir='ltr'>ambulasse,</span> <span class='ocrx_word' id='word_1_357' title='bbox 2057 2055 2269 2117; x_wconf 84' lang='lat' dir='ltr'>hancque</span> <span class='ocrx_word' id='word_1_358' title='bbox 2288 2054 2345 2100; x_wconf 90' lang='lat' dir='ltr'>de</span> <span class='ocrx_word' id='word_1_359' title='bbox 2368 2048 2545 2121; x_wconf 60' lang='grc' dir='ltr'>Τειὲὲ·</span> 
     </span>
     <span class='ocr_line' id='line_1_32' title="bbox 387 2112 2547 2181; baseline 0.003 -21"><span class='ocrx_word' id='word_1_360' title='bbox 387 2115 621 2163; x_wconf 74' lang='lat' dir='ltr'>historiam</span> <span class='ocrx_word' id='word_1_361' title='bbox 647 2118 857 2177; x_wconf 85' lang='lat' dir='ltr'>aliunde,</span> <span class='ocrx_word' id='word_1_362' title='bbox 894 2136 1030 2181; x_wconf 85' lang='lat' dir='ltr'>quam</span> <span class='ocrx_word' id='word_1_363' title='bbox 1056 2136 1113 2166; x_wconf 90' lang='lat' dir='ltr'>ex</span> <span class='ocrx_word' id='word_1_364' title='bbox 1139 2119 1338 2166; x_wconf 89' lang='lat' dir='ltr'>secundo</span> <span class='ocrx_word' id='word_1_365' title='bbox 1365 2120 1606 2167; x_wconf 84' lang='lat' dir='ltr'>Ciceronis</span> <span class='ocrx_word' id='word_1_366' title='bbox 1635 2121 1692 2166; x_wconf 90' lang='lat' dir='ltr'>de</span> <span class='ocrx_word' id='word_1_367' title='bbox 1715 2119 1997 2167; x_wconf 85' lang='lat' dir='ltr'>divinatione</span> <span class='ocrx_word' id='word_1_368' title='bbox 2018 2119 2139 2166; x_wconf 89' lang='lat' dir='ltr'>libro</span> <span class='ocrx_word' id='word_1_369' title='bbox 2160 2118 2388 2181; x_wconf 77' lang='lat' dir='ltr'>sumpsisse</span> <span class='ocrx_word' id='word_1_370' title='bbox 2402 2112 2503 2175; x_wconf 67' lang='lat' dir='ltr'>,sed</span> <span class='ocrx_word' id='word_1_371' title='bbox 2528 2124 2547 2147; x_wconf 79' lang='lat'>‘¹</span> 
     </span>
     <span class='ocr_line' id='line_1_33' title="bbox 386 2181 2541 2248; baseline 0.003 -23"><span class='ocrx_word' id='word_1_372' title='bbox 386 2196 484 2242; x_wconf 81' lang='lat' dir='ltr'>quis</span> <span class='ocrx_word' id='word_1_373' title='bbox 518 2181 582 2226; x_wconf 90' lang='lat' dir='ltr'>ita</span> <span class='ocrx_word' id='word_1_374' title='bbox 612 2181 852 2244; x_wconf 88' lang='lat' dir='ltr'>loquitur?</span> <span class='ocrx_word' id='word_1_375' title='bbox 887 2184 1044 2248; x_wconf 82' lang='lat' dir='ltr'>Tages</span> <span class='ocrx_word' id='word_1_376' title='bbox 1079 2185 1246 2248; x_wconf 88' lang='lat' dir='ltr'>puerili</span> <span class='ocrx_word' id='word_1_377' title='bbox 1276 2185 1425 2247; x_wconf 89' lang='lat' dir='ltr'>specie</span> <span class='ocrx_word' id='word_1_378' title='bbox 1456 2185 1546 2232; x_wconf 87' lang='lat' dir='ltr'>fuit</span> <span class='ocrx_word' id='word_1_379' title='bbox 1572 2186 1823 2248; x_wconf 88' lang='lat' dir='ltr'>coepitque</span> <span class='ocrx_word' id='word_1_380' title='bbox 1843 2183 1969 2230; x_wconf 85' lang='lat' dir='ltr'>affari</span> <span class='ocrx_word' id='word_1_381' title='bbox 1991 2195 2232 2230; x_wconf 85' lang='lat' dir='ltr'>aratorem.</span> <span class='ocrx_word' id='word_1_382' title='bbox 2305 2183 2388 2230; x_wconf 87' lang='lat' dir='ltr'>Ille</span> <span class='ocrx_word' id='word_1_383' title='bbox 2411 2196 2513 2237; x_wconf 50' lang='lat' dir='ltr'>ter·m</span> <span class='ocrx_word' id='word_1_384' title='bbox 2540 2199 2541 2207; x_wconf 59' lang='lat'>¹</span> 
     </span>
     <span class='ocr_line' id='line_1_34' title="bbox 386 2245 2541 2311; baseline 0.003 -22"><span class='ocrx_word' id='word_1_385' title='bbox 386 2246 499 2291; x_wconf 89' lang='lat' dir='ltr'>ritus</span> <span class='ocrx_word' id='word_1_386' title='bbox 534 2245 732 2293; x_wconf 87' lang='lat' dir='ltr'>clamans</span> <span class='ocrx_word' id='word_1_387' title='bbox 761 2247 986 2295; x_wconf 88' lang='lat' dir='ltr'>conscivit</span> <span class='ocrx_word' id='word_1_388' title='bbox 1010 2262 1160 2296; x_wconf 88' lang='lat' dir='ltr'>totam</span> <span class='ocrx_word' id='word_1_389' title='bbox 1187 2251 1438 2296; x_wconf 86' lang='lat' dir='ltr'>Etruriam.</span> <span class='ocrx_word' id='word_1_390' title='bbox 1504 2248 1725 2296; x_wconf 67' lang='lat' dir='ltr'>Profe&lt;sto</span> <span class='ocrx_word' id='word_1_391' title='bbox 1748 2264 1913 2306; x_wconf 76' lang='lat' dir='ltr'>neme,</span> <span class='ocrx_word' id='word_1_392' title='bbox 1949 2246 2032 2294; x_wconf 83' lang='lat' dir='ltr'>nisi</span> <span class='ocrx_word' id='word_1_393' title='bbox 2060 2248 2192 2311; x_wconf 85' lang='lat' dir='ltr'>plane</span> <span class='ocrx_word' id='word_1_394' title='bbox 2216 2247 2430 2296; x_wconf 81' lang='lat' dir='ltr'>barbarus</span> <span class='ocrx_word' id='word_1_395' title='bbox 2454 2249 2501 2309; x_wconf 70' lang='grc' dir='ltr'>ὃς</span> <span class='ocrx_word' id='word_1_396' title='bbox 2540 2273 2541 2276; x_wconf 79' lang='lat'>¹</span> 
     </span>
     <span class='ocr_line' id='line_1_35' title="bbox 385 2308 2511 2377; baseline 0.003 -23"><span class='ocrx_word' id='word_1_397' title='bbox 385 2308 572 2372; x_wconf 81' lang='lat' dir='ltr'>agrestis</span> <span class='ocrx_word' id='word_1_398' title='bbox 608 2310 662 2356; x_wconf 86' lang='lat' dir='ltr'>ab</span> <span class='ocrx_word' id='word_1_399' title='bbox 688 2313 910 2374; x_wconf 84' lang='lat' dir='ltr'>omnique</span> <span class='ocrx_word' id='word_1_400' title='bbox 935 2313 1160 2377; x_wconf 85' lang='lat' dir='ltr'>elegantia</span> <span class='ocrx_word' id='word_1_401' title='bbox 1183 2315 1366 2360; x_wconf 87' lang='lat' dir='ltr'>alienus.</span> <span class='ocrx_word' id='word_1_402' title='bbox 1438 2313 1542 2359; x_wconf 80' lang='lat' dir='ltr'>Cur</span> <span class='ocrx_word' id='word_1_403' title='bbox 1562 2329 1672 2360; x_wconf 90' lang='lat' dir='ltr'>vero</span> <span class='ocrx_word' id='word_1_404' title='bbox 1697 2313 1743 2358; x_wconf 91' lang='lat' dir='ltr'>id</span> <span class='ocrx_word' id='word_1_405' title='bbox 1767 2311 1970 2359; x_wconf 87' lang='lat' dir='ltr'>omiserit</span> <span class='ocrx_word' id='word_1_406' title='bbox 1994 2314 2041 2358; x_wconf 90' lang='lat' dir='ltr'>in</span> <span class='ocrx_word' id='word_1_407' title='bbox 2067 2313 2152 2359; x_wconf 87' lang='lat' dir='ltr'>hac</span> <span class='ocrx_word' id='word_1_408' title='bbox 2175 2313 2409 2373; x_wconf 81' lang='lat' dir='ltr'>referenda</span> <span class='ocrx_word' id='word_1_409' title='bbox 2432 2314 2511 2372; x_wconf 68' lang='lat' dir='ltr'>hi7‚</span> 
     </span>
     <span class='ocr_line' id='line_1_36' title="bbox 386 2374 2500 2441; baseline 0.003 -22"><span class='ocrx_word' id='word_1_410' title='bbox 386 2374 553 2432; x_wconf 82' lang='lat' dir='ltr'>storia,</span> <span class='ocrx_word' id='word_1_411' title='bbox 589 2375 717 2437; x_wconf 89' lang='lat' dir='ltr'>quod</span> <span class='ocrx_word' id='word_1_412' title='bbox 750 2378 948 2422; x_wconf 78' lang='lat' dir='ltr'>maxime</span> <span class='ocrx_word' id='word_1_413' title='bbox 983 2381 1036 2423; x_wconf 87' lang='lat' dir='ltr'>ad</span> <span class='ocrx_word' id='word_1_414' title='bbox 1066 2395 1258 2437; x_wconf 89' lang='lat' dir='ltr'>eorum,</span> <span class='ocrx_word' id='word_1_415' title='bbox 1295 2394 1410 2439; x_wconf 88' lang='lat' dir='ltr'>quae</span> <span class='ocrx_word' id='word_1_416' title='bbox 1440 2395 1465 2423; x_wconf 87' lang='lat' dir='ltr'>a</span> <span class='ocrx_word' id='word_1_417' title='bbox 1486 2379 1627 2441; x_wconf 82' lang='lat' dir='ltr'>po&#39;e&#39;ta</span> <span class='ocrx_word' id='word_1_418' title='bbox 1652 2391 1919 2435; x_wconf 87' lang='lat' dir='ltr'>narrantur,</span> <span class='ocrx_word' id='word_1_419' title='bbox 1946 2377 2284 2440; x_wconf 81' lang='lat' dir='ltr'>expositionem</span> <span class='ocrx_word' id='word_1_420' title='bbox 2312 2378 2500 2437; x_wconf 58' lang='lat' dir='ltr'>necefl&#39;aff</span> 
     </span>
     <span class='ocr_line' id='line_1_37' title="bbox 388 2437 2501 2501; baseline 0.004 -18"><span class='ocrx_word' id='word_1_421' title='bbox 388 2437 508 2485; x_wconf 88' lang='lat' dir='ltr'>rium</span> <span class='ocrx_word' id='word_1_422' title='bbox 535 2439 628 2497; x_wconf 88' lang='lat' dir='ltr'>est,</span> <span class='ocrx_word' id='word_1_423' title='bbox 668 2440 786 2486; x_wconf 85' lang='lat' dir='ltr'>haud</span> <span class='ocrx_word' id='word_1_424' title='bbox 820 2440 953 2486; x_wconf 84' lang='lat' dir='ltr'>facile</span> <span class='ocrx_word' id='word_1_425' title='bbox 984 2442 1210 2501; x_wconf 88' lang='lat' dir='ltr'>dixerim,</span> <span class='ocrx_word' id='word_1_426' title='bbox 1246 2442 1328 2488; x_wconf 86' lang='lat' dir='ltr'>nisi</span> <span class='ocrx_word' id='word_1_427' title='bbox 1363 2441 1553 2489; x_wconf 82' lang='lat' dir='ltr'>fortasiis</span> <span class='ocrx_word' id='word_1_428' title='bbox 1584 2458 1682 2488; x_wconf 88' lang='lat' dir='ltr'>eam</span> <span class='ocrx_word' id='word_1_429' title='bbox 1710 2442 1947 2489; x_wconf 85' lang='lat' dir='ltr'>brevitatis</span> <span class='ocrx_word' id='word_1_430' title='bbox 1974 2442 2136 2491; x_wconf 82' lang='lat' dir='ltr'>habuit</span> <span class='ocrx_word' id='word_1_431' title='bbox 2157 2445 2414 2490; x_wconf 86' lang='lat' dir='ltr'>rationem:</span> <span class='ocrx_word' id='word_1_432' title='bbox 2451 2440 2501 2491; x_wconf 65' lang='lat' dir='ltr'>uli</span> 
     </span>
     <span class='ocr_line' id='line_1_38' title="bbox 389 2501 2501 2571; baseline 0.003 -23"><span class='ocrx_word' id='word_1_433' title='bbox 389 2501 437 2548; x_wconf 85' lang='lat'>&amp;</span> <span class='ocrx_word' id='word_1_434' title='bbox 463 2501 740 2566; x_wconf 87' lang='lat' dir='ltr'>supervacua</span> <span class='ocrx_word' id='word_1_435' title='bbox 762 2503 983 2563; x_wconf 83' lang='lat' dir='ltr'>ascribat,</span> <span class='ocrx_word' id='word_1_436' title='bbox 1019 2506 1067 2551; x_wconf 70' lang='grc' dir='ltr'>δί</span> <span class='ocrx_word' id='word_1_437' title='bbox 1089 2506 1331 2553; x_wconf 76' lang='lat' dir='ltr'>necessaria</span> <span class='ocrx_word' id='word_1_438' title='bbox 1367 2509 1721 2570; x_wconf 85' lang='lat' dir='ltr'>praetermittat.</span> <span class='ocrx_word' id='word_1_439' title='bbox 1791 2506 1990 2554; x_wconf 86' lang='lat' dir='ltr'>Ovidius</span> <span class='ocrx_word' id='word_1_440' title='bbox 2013 2506 2198 2570; x_wconf 84' lang='lat' dir='ltr'>quidem</span> <span class='ocrx_word' id='word_1_441' title='bbox 2223 2507 2384 2571; x_wconf 85' lang='lat' dir='ltr'>glebae</span> <span class='ocrx_word' id='word_1_442' title='bbox 2411 2514 2501 2565; x_wconf 51' lang='lat' dir='ltr'>me?</span> 
     </span>
     <span class='ocr_line' id='line_1_39' title="bbox 389 2569 2516 2635; baseline 0.003 -22"><span class='ocrx_word' id='word_1_443' title='bbox 389 2569 710 2631; x_wconf 80' lang='lat' dir='ltr'>tamorphosin</span> <span class='ocrx_word' id='word_1_444' title='bbox 735 2571 780 2615; x_wconf 90' lang='lat' dir='ltr'>in</span> <span class='ocrx_word' id='word_1_445' title='bbox 807 2585 1003 2631; x_wconf 87' lang='lat' dir='ltr'>puerum</span> <span class='ocrx_word' id='word_1_446' title='bbox 1041 2569 1284 2627; x_wconf 85' lang='lat' dir='ltr'>describit,</span> <span class='ocrx_word' id='word_1_447' title='bbox 1319 2570 1375 2617; x_wconf 93' lang='lat' dir='ltr'>de</span> <span class='ocrx_word' id='word_1_448' title='bbox 1408 2588 1497 2635; x_wconf 88' lang='lat' dir='ltr'>qua</span> <span class='ocrx_word' id='word_1_449' title='bbox 1529 2570 1611 2617; x_wconf 87' lang='lat' dir='ltr'>iste</span> <span class='ocrx_word' id='word_1_450' title='bbox 1646 2587 1702 2617; x_wconf 92' lang='lat' dir='ltr'>ne</span> <span class='ocrx_word' id='word_1_451' title='bbox 1731 2571 1925 2618; x_wconf 88' lang='lat' dir='ltr'>verbum</span> <span class='ocrx_word' id='word_1_452' title='bbox 1960 2572 2145 2635; x_wconf 87' lang='lat' dir='ltr'>quidem</span> <span class='ocrx_word' id='word_1_453' title='bbox 2181 2573 2327 2619; x_wconf 89' lang='lat' dir='ltr'>ullum</span> <span class='ocrx_word' id='word_1_454' title='bbox 2362 2573 2516 2634; x_wconf 54' lang='lat' dir='ltr'>facit,¹&#39;.v&gt;</span> 
     </span>
     <span class='ocr_line' id='line_1_40' title="bbox 385 2633 2544 2697; baseline 0.004 -20"><span class='ocrx_word' id='word_1_455' title='bbox 385 2646 482 2678; x_wconf 82' lang='lat' dir='ltr'>non</span> <span class='ocrx_word' id='word_1_456' title='bbox 507 2634 756 2692; x_wconf 87' lang='lat' dir='ltr'>taciturus,</span> <span class='ocrx_word' id='word_1_457' title='bbox 794 2633 874 2681; x_wconf 85' lang='lat' dir='ltr'>nisi</span> <span class='ocrx_word' id='word_1_458' title='bbox 898 2633 1080 2697; x_wconf 89' lang='lat' dir='ltr'>prorsus</span> <span class='ocrx_word' id='word_1_459' title='bbox 1103 2635 1167 2681; x_wconf 85' lang='lat' dir='ltr'>est</span> <span class='ocrx_word' id='word_1_460' title='bbox 1194 2635 1412 2694; x_wconf 88' lang='lat' dir='ltr'>stolidus,</span> <span class='ocrx_word' id='word_1_461' title='bbox 1450 2635 1481 2683; x_wconf 87' lang='lat' dir='ltr'>fi</span> <span class='ocrx_word' id='word_1_462' title='bbox 1505 2652 1621 2697; x_wconf 86' lang='lat' dir='ltr'>quae</span> <span class='ocrx_word' id='word_1_463' title='bbox 1643 2637 1689 2682; x_wconf 89' lang='lat' dir='ltr'>in</span> <span class='ocrx_word' id='word_1_464' title='bbox 1716 2635 1915 2683; x_wconf 87' lang='lat' dir='ltr'>secundo</span> <span class='ocrx_word' id='word_1_465' title='bbox 1942 2637 1999 2684; x_wconf 87' lang='lat' dir='ltr'>de</span> <span class='ocrx_word' id='word_1_466' title='bbox 2022 2637 2308 2685; x_wconf 84' lang='lat' dir='ltr'>divinatione</span> <span class='ocrx_word' id='word_1_467' title='bbox 2333 2637 2452 2685; x_wconf 88' lang='lat' dir='ltr'>libro</span> <span class='ocrx_word' id='word_1_468' title='bbox 2475 2635 2505 2686; x_wconf 66' lang='grc' dir='ltr'>ὲ·</span> <span class='ocrx_word' id='word_1_469' title='bbox 2540 2674 2544 2694; x_wconf 71' lang='grc'>,</span> 
     </span>
     <span class='ocr_line' id='line_1_41' title="bbox 388 2695 2543 2767; baseline 0.005 -25"><span class='ocrx_word' id='word_1_470' title='bbox 388 2695 621 2743; x_wconf 89' lang='lat' dir='ltr'>Cicerone</span> <span class='ocrx_word' id='word_1_471' title='bbox 644 2698 699 2743; x_wconf 90' lang='lat' dir='ltr'>de</span> <span class='ocrx_word' id='word_1_472' title='bbox 722 2699 859 2762; x_wconf 85' lang='lat' dir='ltr'>Tage</span> <span class='ocrx_word' id='word_1_473' title='bbox 881 2698 1173 2758; x_wconf 85' lang='lat' dir='ltr'>scribuntur,</span> <span class='ocrx_word' id='word_1_474' title='bbox 1207 2699 1398 2762; x_wconf 74' lang='lat' dir='ltr'>legisset.</span> <span class='ocrx_word' id='word_1_475' title='bbox 1468 2700 1580 2747; x_wconf 89' lang='lat' dir='ltr'>Inde</span> <span class='ocrx_word' id='word_1_476' title='bbox 1610 2701 1733 2747; x_wconf 86' lang='lat' dir='ltr'>enim</span> <span class='ocrx_word' id='word_1_477' title='bbox 1768 2702 1968 2748; x_wconf 88' lang='lat' dir='ltr'>Ovidius</span> <span class='ocrx_word' id='word_1_478' title='bbox 2000 2719 2113 2765; x_wconf 88' lang='lat' dir='ltr'>quae</span> <span class='ocrx_word' id='word_1_479' title='bbox 2146 2702 2203 2749; x_wconf 89' lang='lat' dir='ltr'>de</span> <span class='ocrx_word' id='word_1_480' title='bbox 2235 2704 2374 2767; x_wconf 78' lang='lat' dir='ltr'>Tage</span> <span class='ocrx_word' id='word_1_481' title='bbox 2404 2701 2513 2766; x_wconf 58' lang='lat' dir='ltr'>ipso.¹</span> <span class='ocrx_word' id='word_1_482' title='bbox 2540 2698 2543 2720; x_wconf 62' lang='lat'>³</span> 
     </span>
     <span class='ocr_line' id='line_1_42' title="bbox 386 2761 2546 2831; baseline 0.005 -25"><span class='ocrx_word' id='word_1_483' title='bbox 386 2775 538 2807; x_wconf 83' lang='lat' dir='ltr'>narrat</span> <span class='ocrx_word' id='word_1_484' title='bbox 574 2761 802 2825; x_wconf 74' lang='lat' dir='ltr'>sumpsisse</span> <span class='ocrx_word' id='word_1_485' title='bbox 838 2763 1047 2810; x_wconf 69' lang='lat' dir='ltr'>videtur:</span> <span class='ocrx_word' id='word_1_486' title='bbox 1087 2765 1149 2811; x_wconf 92' lang='lat' dir='ltr'>ita</span> <span class='ocrx_word' id='word_1_487' title='bbox 1181 2780 1377 2827; x_wconf 85' lang='lat' dir='ltr'>namque</span> <span class='ocrx_word' id='word_1_488' title='bbox 1412 2765 1583 2811; x_wconf 81' lang='lat' dir='ltr'>Cicero</span> <span class='ocrx_word' id='word_1_489' title='bbox 1619 2765 1792 2813; x_wconf 89' lang='lat' dir='ltr'>scribit.</span> <span class='ocrx_word' id='word_1_490' title='bbox 1858 2769 2014 2831; x_wconf 82' lang='lat' dir='ltr'>Tages</span> <span class='ocrx_word' id='word_1_491' title='bbox 2047 2767 2230 2830; x_wconf 81' lang='lat' dir='ltr'>quidam</span> <span class='ocrx_word' id='word_1_492' title='bbox 2259 2767 2432 2814; x_wconf 90' lang='lat' dir='ltr'>dicitur</span> <span class='ocrx_word' id='word_1_493' title='bbox 2455 2768 2500 2814; x_wconf 77' lang='lat' dir='ltr'>iri</span> <span class='ocrx_word' id='word_1_494' title='bbox 2543 2794 2546 2817; x_wconf 58' lang='grc' dir='ltr'><strong><em>ε</em></strong></span> 
     </span>
     <span class='ocr_line' id='line_1_43' title="bbox 388 2826 2499 2895; baseline 0.005 -24"><span class='ocrx_word' id='word_1_495' title='bbox 388 2826 698 2888; x_wconf 79' lang='lat' dir='ltr'>Tarquinensi</span> <span class='ocrx_word' id='word_1_496' title='bbox 735 2842 848 2890; x_wconf 82' lang='lat' dir='ltr'>agro</span> <span class='ocrx_word' id='word_1_497' title='bbox 882 2844 989 2873; x_wconf 89' lang='lat' dir='ltr'>cum</span> <span class='ocrx_word' id='word_1_498' title='bbox 1023 2842 1143 2875; x_wconf 87' lang='lat' dir='ltr'>terra</span> <span class='ocrx_word' id='word_1_499' title='bbox 1171 2842 1401 2887; x_wconf 86' lang='lat' dir='ltr'>araretur,</span> <span class='ocrx_word' id='word_1_500' title='bbox 1439 2830 1488 2877; x_wconf 65' lang='grc' dir='ltr'>ὃς</span> <span class='ocrx_word' id='word_1_501' title='bbox 1510 2829 1656 2877; x_wconf 81' lang='lat' dir='ltr'>sulcus</span> <span class='ocrx_word' id='word_1_502' title='bbox 1689 2832 1832 2886; x_wconf 30' lang='lat' dir='ltr'>altius·</span> <span class='ocrx_word' id='word_1_503' title='bbox 1859 2833 1966 2878; x_wconf 80' lang='lat' dir='ltr'>esset</span> <span class='ocrx_word' id='word_1_504' title='bbox 2001 2833 2271 2895; x_wconf 71' lang='lat' dir='ltr'>impressus,</span> <span class='ocrx_word' id='word_1_505' title='bbox 2305 2831 2499 2893; x_wconf 57' lang='lat' dir='ltr'>extitisse</span> 
     </span>
     <span class='ocr_line' id='line_1_44' title="bbox 388 2891 2547 2958; baseline 0.005 -24"><span class='ocrx_word' id='word_1_506' title='bbox 388 2904 577 2951; x_wconf 87' lang='lat' dir='ltr'>repente</span> <span class='ocrx_word' id='word_1_507' title='bbox 593 2925 607 2948; x_wconf 92' lang='lat'>,</span> <span class='ocrx_word' id='word_1_508' title='bbox 645 2892 693 2937; x_wconf 55' lang='grc' dir='ltr'>ἃ</span> <span class='ocrx_word' id='word_1_509' title='bbox 720 2907 825 2937; x_wconf 85' lang='lat' dir='ltr'>cum</span> <span class='ocrx_word' id='word_1_510' title='bbox 848 2891 1010 2938; x_wconf 78' lang='lat' dir='ltr'>affatus</span> <span class='ocrx_word' id='word_1_511' title='bbox 1037 2896 1115 2956; x_wconf 83' lang='lat' dir='ltr'>qui</span> <span class='ocrx_word' id='word_1_512' title='bbox 1137 2894 1302 2940; x_wconf 88' lang='lat' dir='ltr'>arabat.</span> <span class='ocrx_word' id='word_1_513' title='bbox 1373 2895 1462 2941; x_wconf 89' lang='lat' dir='ltr'>Sed</span> <span class='ocrx_word' id='word_1_514' title='bbox 1485 2897 1562 2958; x_wconf 87' lang='lat' dir='ltr'>qui</span> <span class='ocrx_word' id='word_1_515' title='bbox 1583 2896 1765 2957; x_wconf 83' lang='lat' dir='ltr'>judicio</span> <span class='ocrx_word' id='word_1_516' title='bbox 1789 2910 1943 2942; x_wconf 84' lang='lat' dir='ltr'>carent</span> <span class='ocrx_word' id='word_1_517' title='bbox 1960 2931 1974 2955; x_wconf 93' lang='lat'>,</span> <span class='ocrx_word' id='word_1_518' title='bbox 1998 2899 2042 2943; x_wconf 88' lang='lat' dir='ltr'>in</span> <span class='ocrx_word' id='word_1_519' title='bbox 2065 2897 2280 2943; x_wconf 79' lang='lat' dir='ltr'>omnibus</span> <span class='ocrx_word' id='word_1_520' title='bbox 2304 2896 2399 2943; x_wconf 86' lang='lat' dir='ltr'>fere</span> <span class='ocrx_word' id='word_1_521' title='bbox 2430 2894 2499 2944; x_wconf 68' lang='lat' dir='ltr'>vel</span> <span class='ocrx_word' id='word_1_522' title='bbox 2544 2902 2547 2952; x_wconf 68' lang='grc' dir='ltr'>ζ</span> 
     </span>
     <span class='ocr_line' id='line_1_45' title="bbox 394 2954 2547 3024; baseline 0.005 -26"><span class='ocrx_word' id='word_1_523' title='bbox 394 2955 593 3000; x_wconf 85' lang='lat' dir='ltr'>minimis</span> <span class='ocrx_word' id='word_1_524' title='bbox 620 2954 849 3001; x_wconf 80' lang='lat' dir='ltr'>labuntur.</span> <span class='ocrx_word' id='word_1_525' title='bbox 921 2957 1084 3019; x_wconf 88' lang='lat' dir='ltr'>quue</span> <span class='ocrx_word' id='word_1_526' title='bbox 1119 2960 1265 3023; x_wconf 83' lang='lat' dir='ltr'>magis</span> <span class='ocrx_word' id='word_1_527' title='bbox 1288 2957 1319 3004; x_wconf 89' lang='lat' dir='ltr'><strong>fi</strong></span> <span class='ocrx_word' id='word_1_528' title='bbox 1345 2959 1603 3023; x_wconf 83' lang='lat' dir='ltr'>malignitas</span> <span class='ocrx_word' id='word_1_529' title='bbox 1635 2977 1819 3024; x_wconf 84' lang='lat' dir='ltr'>quoque</span> <span class='ocrx_word' id='word_1_530' title='bbox 1852 2962 2027 3024; x_wconf 84' lang='lat' dir='ltr'>ingenii</span> <span class='ocrx_word' id='word_1_531' title='bbox 2059 2961 2261 3008; x_wconf 88' lang='lat' dir='ltr'>tarditati</span> <span class='ocrx_word' id='word_1_532' title='bbox 2294 2961 2498 3020; x_wconf 67' lang='lat' dir='ltr'>accedit,</span> <span class='ocrx_word' id='word_1_533' title='bbox 2545 2997 2547 3018; x_wconf 70' lang='lat'><em>÷</em></span> 
     </span>
     <span class='ocr_line' id='line_1_46' title="bbox 390 3017 2547 3088; baseline 0.005 -26"><span class='ocrx_word' id='word_1_534' title='bbox 390 3017 436 3064; x_wconf 84' lang='lat' dir='ltr'>id</span> <span class='ocrx_word' id='word_1_535' title='bbox 461 3018 586 3079; x_wconf 81' lang='lat' dir='ltr'>quod</span> <span class='ocrx_word' id='word_1_536' title='bbox 611 3018 741 3064; x_wconf 84' lang='lat' dir='ltr'>facile</span> <span class='ocrx_word' id='word_1_537' title='bbox 771 3034 827 3065; x_wconf 83' lang='lat' dir='ltr'>ex</span> <span class='ocrx_word' id='word_1_538' title='bbox 852 3019 1008 3067; x_wconf 87' lang='lat' dir='ltr'>eadem</span> <span class='ocrx_word' id='word_1_539' title='bbox 1043 3023 1334 3086; x_wconf 85' lang='lat' dir='ltr'>expositione</span> <span class='ocrx_word' id='word_1_540' title='bbox 1368 3024 1718 3072; x_wconf 86' lang='lat' dir='ltr'>demonstratur.</span> <span class='ocrx_word' id='word_1_541' title='bbox 1787 3025 1870 3072; x_wconf 88' lang='lat' dir='ltr'>Ille</span> <span class='ocrx_word' id='word_1_542' title='bbox 1903 3027 2088 3072; x_wconf 89' lang='lat' dir='ltr'>territus</span> <span class='ocrx_word' id='word_1_543' title='bbox 2120 3026 2273 3088; x_wconf 87' lang='lat' dir='ltr'>inquit</span> <span class='ocrx_word' id='word_1_544' title='bbox 2306 3025 2510 3072; x_wconf 82' lang='lat' dir='ltr'>clamans·</span> <span class='ocrx_word' id='word_1_545' title='bbox 2544 3052 2547 3082; x_wconf 47' lang='grc' dir='ltr'><strong><em>ῃ</em></strong></span> 
     </span>
     <span class='ocr_line' id='line_1_47' title="bbox 389 3081 2497 3154; baseline 0.004 -27"><span class='ocrx_word' id='word_1_546' title='bbox 389 3081 616 3129; x_wconf 83' lang='lat' dir='ltr'>conscivit</span> <span class='ocrx_word' id='word_1_547' title='bbox 648 3096 794 3129; x_wconf 87' lang='lat' dir='ltr'>totam</span> <span class='ocrx_word' id='word_1_548' title='bbox 812 3084 1074 3145; x_wconf 79' lang='lat' dir='ltr'>Etruriam,</span> <span class='ocrx_word' id='word_1_549' title='bbox 1110 3087 1184 3134; x_wconf 90' lang='lat' dir='ltr'>illa</span> <span class='ocrx_word' id='word_1_550' title='bbox 1209 3104 1404 3150; x_wconf 85' lang='lat' dir='ltr'>namque</span> <span class='ocrx_word' id='word_1_551' title='bbox 1427 3089 1519 3135; x_wconf 89' lang='lat' dir='ltr'>duo</span> <span class='ocrx_word' id='word_1_552' title='bbox 1545 3090 1785 3154; x_wconf 83' lang='lat' dir='ltr'>participia</span> <span class='ocrx_word' id='word_1_553' title='bbox 1808 3091 2022 3154; x_wconf 88' lang='lat' dir='ltr'>imperite</span> <span class='ocrx_word' id='word_1_554' title='bbox 2049 3089 2235 3138; x_wconf 83' lang='lat' dir='ltr'>fuerunt</span> <span class='ocrx_word' id='word_1_555' title='bbox 2258 3091 2497 3154; x_wconf 78' lang='lat' dir='ltr'>copulata;</span> 
     </span>
     <span class='ocr_line' id='line_1_48' title="bbox 391 3146 2497 3203; baseline 0.003 -10"><span class='ocrx_word' id='word_1_556' title='bbox 391 3146 593 3197; x_wconf 70' lang='lat' dir='ltr'>&amp;sillud</span> <span class='ocrx_word' id='word_1_557' title='bbox 625 3147 818 3194; x_wconf 88' lang='lat' dir='ltr'>verbum</span> <span class='ocrx_word' id='word_1_558' title='bbox 855 3149 1079 3198; x_wconf 75' lang='lat' dir='ltr'>consCIVit</span> <span class='ocrx_word' id='word_1_559' title='bbox 1114 3153 1230 3198; x_wconf 86' lang='lat' dir='ltr'>citra</span> <span class='ocrx_word' id='word_1_560' title='bbox 1263 3152 1293 3198; x_wconf 92' lang='lat' dir='ltr'>s.</span> <span class='ocrx_word' id='word_1_561' title='bbox 1321 3153 1523 3200; x_wconf 88' lang='lat' dir='ltr'>litteram</span> <span class='ocrx_word' id='word_1_562' title='bbox 1558 3154 1704 3202; x_wconf 86' lang='lat' dir='ltr'>fuerat</span> <span class='ocrx_word' id='word_1_563' title='bbox 1738 3154 2042 3202; x_wconf 86' lang='lat' dir='ltr'>scribendum.</span> <span class='ocrx_word' id='word_1_564' title='bbox 2121 3154 2211 3202; x_wconf 88' lang='lat' dir='ltr'>Sed</span> <span class='ocrx_word' id='word_1_565' title='bbox 2241 3153 2497 3203; x_wconf 85' lang='lat' dir='ltr'>barbarismi</span> 
     </span>
     <span class='ocr_line' id='line_1_49' title="bbox 390 3211 2547 3285; baseline 0.003 -27"><span class='ocrx_word' id='word_1_566' title='bbox 390 3226 580 3272; x_wconf 87' lang='lat' dir='ltr'>omnes,</span> <span class='ocrx_word' id='word_1_567' title='bbox 602 3211 899 3277; x_wconf 86' lang='lat' dir='ltr'>quoscunque</span> <span class='ocrx_word' id='word_1_568' title='bbox 923 3215 1003 3263; x_wconf 85' lang='lat' dir='ltr'>iste</span> <span class='ocrx_word' id='word_1_569' title='bbox 1023 3216 1228 3278; x_wconf 85' lang='lat' dir='ltr'>admisit,</span> <span class='ocrx_word' id='word_1_570' title='bbox 1250 3218 1295 3265; x_wconf 90' lang='lat' dir='ltr'>in</span> <span class='ocrx_word' id='word_1_571' title='bbox 1321 3217 1607 3267; x_wconf 83' lang='lat' dir='ltr'>librariorum</span> <span class='ocrx_word' id='word_1_572' title='bbox 1631 3220 1962 3285; x_wconf 81' lang='lat' dir='ltr'>negligentiam</span> <span class='ocrx_word' id='word_1_573' title='bbox 1990 3219 2257 3268; x_wconf 84' lang='lat' dir='ltr'>reserantur.</span> <span class='ocrx_word' id='word_1_574' title='bbox 2301 3221 2498 3269; x_wconf 82' lang='lat' dir='ltr'>Tantam</span> <span class='ocrx_word' id='word_1_575' title='bbox 2517 3235 2547 3263; x_wconf 43' lang='grc' dir='ltr'>,ἐ</span> 
     </span>
     <span class='ocr_line' id='line_1_50' title="bbox 1274 3292 2499 3334; baseline -0.002 -3"><span class='ocrx_word' id='word_1_576' title='bbox 1274 3292 1277 3294; x_wconf 84' lang='grc'><strong>’</strong></span> <span class='ocrx_word' id='word_1_577' title='bbox 2392 3296 2499 3334; x_wconf 80' lang='lat' dir='ltr'>vero</span> 
     </span>
    </p>
   </div>
   <div class='ocr_carea' id='block_1_4' title="bbox 2519 848 2547 3201">
    <p class='ocr_par' dir='ltr' id='par_1_4' title="bbox 2519 848 2547 3201">
     <span class='ocr_line' id='line_1_51' title="bbox 2519 848 2547 1127; baseline 0 -197"><span class='ocrx_word' id='word_1_578' title='bbox 2519 848 2531 914; x_wconf 95' lang='lat' dir='ltr'> </span> <span class='ocrx_word' id='word_1_579' title='bbox 2533 848 2547 1127; x_wconf 95' lang='lat' dir='ltr'>    </span> 
     </span>
     <span class='ocr_line' id='line_1_52' title="bbox 2519 1127 2547 3201; baseline 0 -1833"><span class='ocrx_word' id='word_1_580' title='bbox 2519 1127 2547 3201; x_wconf 95' lang='lat' dir='ltr'>   </span> 
     </span>
    </p>
   </div>
  </div>
 </body>
</html>
