2547 3708
963 116 1246 168 VITA.
2080 128 2143 175 χῖ

225 218 409 272 Xantippi)
430 223 579 268 captus,
608 209 759 265 Libycis
777 207 958 249 tolerarat
976 208 1017 247 in
1038 210 1110 247 oris

225 272 432 313 Servitium
451 267 639 314 Satricu53
670 277 759 302 mox
779 263 879 302 inter
887 261 1065 317 praemia
1084 261 1185 317 Regi

225 319 442 366 Autololum
470 321 559 360 dono
581 319 692 358 datus
715 317 755 357 ob
774 317 933 356 virtutis
950 315 1146 356 honorem:

211 376 327 419 'Huic
343 376 471 415 domus
484 403 495 422 ‚
524 371 575 418 ζῇ)
587 371 735 425 gemini
743 370 906 420 fuerant
923 368 1097 408 Sulmone
1113 367 1241 408 relidir'

222 429 371 470 Matris
394 428 434 466 in
461 427 634 466 uberibus
650 424 734 464 nati
746 454 757 475 ‚
782 420 990 462 Mancinus
1010 421 1062 467 ἐξ
1081 435 1158 460 una

221 481 389 523 Nomine
411 479 552 519 Rheteo
567 477 747 532 Solymus.
804 475 912 516 Nam
933 473 1123 514 Dardana
1139 475 1261 528 origo,

220 533 281 575 Et
302 533 465 588 Phrygio
478 526 600 587 getius
621 534 645 571 a
657 541 818 584 proavo,
843 528 909 581 qm·
927 529 1072 581 [Zeptra
1079 527 1234 579 secutus

170 590 174 594 ⁴
224 589 373 628 Aeneae
393 597 588 627 CLARAM
613 583 732 624 muris
737 580 978 633 fundaverat
1006 579 1199 634 URBEM‚

223 640 295 681 Ex
305 642 382 692 seſs?
402 640 542 680 a‘ic‘lam
560 638 749 692 Solymon‚
778 634 962 674 celebrata
983 634 1139 675 colonis:

224 687 326 735 Mox
346 694 455 733 Italis
468 690 658 746 paulatim
675 688 809 728 attrito
830 688 978 727 nomine
997 686 1175 728 SULMO.

224 749 279 787 At
298 761 383 787 cum
399 744 602 787 barbaricis
619 741 786 781 Satricus
799 755 886 780 cum
905 755 990 794 rege
1007 742 1171 779 catervis

225 795 440 847 Admetus,
469 811 538 851 quo
557 809 627 835 non
634 795 807 849 spretum
840 794 857 844 (
860 790 901 841 st
913 794 1072 846 posceret
1091 793 1203 845 usus)

221 854 384 904 ,Noscere
402 849 552 891 Getulis
571 848 708 888 Latias
725 848 930 900 interprete
947 858 1075 886 voces:

220 906 423 961 Postquam
436 901 531 958 poffe
549 901 682 942 datum
701 900 865 954 Peligna
880 900 1043 950 revisere
1060 900 1182 949 tetta,

221 958 279 1000 Et
284 960 460 1014 patrium
470 959 624 1010 sperare
641 953 784 1006 larem,
813 953 849 994 &
871 965 972 1005 quae
996 953 1033 993 se
1065 962 1230 994 uuntur.

47 1017 110 1059 Ex
136 1026 218 1068 quo
237 1012 468 1064 colligimus
489 1010 738 1051 Sulmonem
758 1006 1014 1049 conditume
1048 1020 1070 1046 e
1087 1017 1180 1047 ante
1193 1005 1358 1051 Urbem
1370 1004 1553 1047 Romam
1575 1017 1705 1046 annos
1727 1005 1887 1047 circiter
1909 1015 2032 1046 cccc.
2063 1007 2147 1047 Ac-

51 1071 156 1122 cipio
177 1076 310 1109 autem
329 1065 512 1107 Romam
531 1062 732 1116 originem
751 1059 901 1101 duxisse
921 1060 944 1100 ὲ
961 1060 1176 1113 Trojanis‚
1206 1070 1250 1101 ut
1273 1060 1422 1101 indicat
1446 1059 1652 1102 Sallustius
1668 1091 1680 1110 ,
1713 1072 1760 1100 ac
1781 1061 1973 1101 nonnulli
1992 1059 2058 1100 alii
2079 1072 2148 1100 au-

50 1125 195 1166 &ores
250 1119 438 1161 Somno
457 1126 590 1158 autem
612 1125 791 1156 AENEAS
815 1114 940 1154 filiam
961 1126 1132 1154 uxorem
1154 1114 1325 1155 tradidit.
1383 1114 1588 1166 Quattuor
1608 1114 1718 1154 enim
1734 1113 1847 1153 fuisse
1867 1115 2024 1154 Aeneae
2046 1114 2148 1153 filias

49 1178 241 1230 legimus:
275 1173 447 1225 primam
478 1171 517 1210 in
549 1168 748 1217 Thracia,
775 1170 943 1208 alteram
971 1168 1012 1208 in
1049 1167 1342 1220 Peloponesio,
1369 1168 1529 1208 tertiam
1557 1168 1598 1208 in
1633 1165 1757 1220 Epiro
1790 1174 1932 1219 nuptas
1964 1167 2147 1217 reliquit,

50 1239 232 1281 quartam
261 1238 358 1266 vero
379 1224 574 1276 Solymo,
604 1222 671 1274 qui
701 1222 839 1262 securn
870 1220 893 1261 ὲ
913 1220 1048 1273 Troja
1078 1232 1257 1269 venerat,
1289 1221 1471 1262 tradidit:
1500 1220 1630 1262 vietor
1664 1221 1798 1272 postea
1826 1221 1867 1260 in
1884 1219 2006 1261 Latio
2028 1219 2151 1272 Soly-

50 1294 164 1323 mum
196 1291 292 1321 cum
321 1288 428 1330 parte
461 1277 670 1329 copiarum
701 1276 749 1315 ad
772 1274 934 1317 Marsos
963 1276 1089 1325 milit,
1123 1276 1190 1326 qui
1213 1274 1374 1316 Urbem
1408 1275 1449 1315 in
1468 1273 1641 1328 Pelignis
1673 1273 1870 1314 fundavit.
1927 1271 2079 1312 Unum
2100 1285 2147 1312 ex

48 1330 361 1387 splendidiffimis
384 1330 520 1371 Italiae
540 1329 777 1381 Municipiis
805 1328 902 1376 fuit,
935 1338 980 1368 ut
1009 1341 1054 1370 ex
1080 1328 1129 1369 L.
1154 1328 1268 1368 Flori
1297 1328 1446 1379 verbis,
1476 1340 1577 1380 quae
1604 1325 1704 1367 infra
1738 1338 1888 1379 ponam
1906 1354 1917 1375 ,
1945 1326 2154 1377 perspicue

51 1398 219 1440 apparet.
259 1383 328 1425 De
347 1384 568 1433 Sulmone,
596 1382 726 1434 deque
744 1383 831 1434 ejus
853 1381 946 1434 fitu‚
973 1394 1099 1433 quem
1120 1395 1231 1424 nunc
1252 1394 1417 1435 quoque
1438 1384 1556 1435 plane
1575 1381 1713 1433 refert,
1743 1380 1873 1432 deque
1895 1379 2019 1426 etiam.
2040 1391 2148 1428 came

51 1453 199 1494 porum
220 1448 380 1489 natura,
406 1449 454 1478 ac
470 1436 671 1477 fertilitate
691 1441 744 1477 ita
763 1437 884 1488 po‘e'ta
902 1436 1057 1476 noster:

227 1492 300 1532 Me
310 1497 403 1546 pars
421 1489 548 1530 Sulmo
567 1499 672 1529 tenet
692 1490 845 1545 Peligni
866 1491 982 1530 tertia
1003 1491 1125 1543 ruris,

279 1545 436 1597 Parva,
454 1544 527 1595 sed
543 1544 700 1596 irriguis
722 1558 786 1584 ora
797 1542 962 1594 salubris
979 1545 1106 1598 aquis,

223 1598 288 1638 Sol
304 1599 390 1639 licet
409 1598 554 1638 admoto
579 1597 755 1637 tellurem
761 1596 887 1646 fidere
897 1596 1049 1648 findat,

278 1651 335 1692 Et
353 1652 465 1692 micet
483 1651 599 1691 Icarii
606 1650 723 1703 stella
732 1660 918 1705 proterva
935 1652 1058 1692 canis:

225 1705 335 1747 Arva
346 1715 600 1761 pererrantur
620 1704 786 1758 Peligna
805 1704 1032 1759 liquentibus
1050 1706 1184 1756 undis,

278 1759 336 1799 Et
355 1761 456 1799 viret
475 1759 515 1798 in
535 1769 659 1798 tenero
672 1757 818 1809 fertilis
838 1758 952 1798 herba
957 1757 1047 1809 solo·

225 1809 347 1852 Terra
354 1814 475 1864 ferax
495 1812 662 1863 Cereris,
690 1812 882 1866 multoque
890 1812 1057 1862 feracior
1075 1813 1185 1863 uvis,

279 1866 366 1906 Dat
381 1880 523 1922 quoque
538 1867 762 1916 bacctferam
779 1864 947 1905 Pallada
963 1880 1072 1906 rarus
1089 1881 1192 1921 ager.

230 1917 382 1972 Perque
402 1922 630 1974 resurgentes
651 1920 749 1958 rivis
764 1919 972 1958 labentibus
988 1918 1122 1959 herbas

282 1971 512 2011 Gramineus
529 1973 720 2011 madidam
740 1975 854 2024 cey'pes
873 1974 1068 2011 obumbrat
1086 1973 1265 2015 humum,

53 2024 209 2066 Potitus
239 2024 290 2078 est
310 2024 458 2065 &almo
489 2026 528 2065 in
558 2025 695 2064 medio
713 2024 796 2075 fere
815 2025 997 2075 planiciei
1019 2038 1063 2066 xx
1078 2040 1110 2067 r.
1129 2027 1288 2067 milliar.
1320 2023 1528 2065 montibus
1550 2021 1844 2072 circumdatae,
1875 2032 1976 2072 quae
1999 2020 2148 2063 alicubi

53 2077 104 2118 ad
132 2086 233 2128 tres,
261 2078 404 2118 alicubi
431 2090 529 2117 vero
559 2077 606 2117 ad
635 2077 813 2128 quinque
841 2077 971 2117 millia
998 2079 1175 2128 passuum
1205 2078 1460 2119 latitudinem
1488 2075 1736 2123 extenditur,
1763 2085 1883 2126 atque
1914 2076 2016 2114 inter
2045 2074 2153 2115 duos

54 2142 217 2180 amnes3
247 2143 423 2182 quorum
451 2133 571 2179 alter,
599 2142 722 2181 quem
754 2140 905 2170 veteres
927 2131 1112 2182 Giptium
1141 2133 1235 2183 (qui
1258 2131 1304 2172 ex
1327 2130 1480 2180 Aufeja
1497 2142 1619 2180 aqua,
1650 2139 1750 2178 quae
1769 2128 1903 2178 postea
1921 2127 2073 2168 Martia
2092 2128 2152 2167 di-
2207 2137 2210 2141 “

56 2183 119 2224 &a
135 2184 208 2234 est,
236 2184 419 2230 emanat)
450 2182 630 2232 vocasse,
657 2183 776 2221 multi
799 2185 984 2232 tradunt,
1012 2185 1060 2223 ab
1081 2186 1300 2236 Apennino
1332 2183 1481 2234 (cujus
1502 2194 1610 2233 pars,
1638 2181 1834 2232 quadrato
1856 2179 1983 2231 lapide
2002 2181 2150 2222 struem

54 2249 178 2289 aquae
197 2236 343 2290 ductu,
373 2236 536 2277 summo
558 2244 823 2287 ornamento,
851 2235 1090 2287 summaque
1112 2237 1407 2278 commoditate
1428 2247 1494 2287 per
1516 2233 1693 2275 mediam
1715 2235 1855 2274 urbem
1877 2234 2041 2281 labitur,
2070 2246 2149 2284 qua

50 2288 93 2343 ,δι
111 2291 152 2331 in
179 2290 301 2331 hortis
323 2290 359 2331 ὅτ
386 2290 536 2342 campis
566 2288 743 2343 rigandis·
769 2298 937 2330 utuntur
967 2291 1140 2343 coloni)
1172 2293 1270 2331 alter
1298 2302 1418 2340 ver0,
1448 2301 1572 2339 quem
1595 2288 1761 2329 Venam
1783 2287 1979 2337 dicimus,
2015 2286 2151 2327 aMa-

53 2340 169 2394 jella,
199 2353 243 2384 ut
269 2356 378 2384 nunc
408 2343 638 2395 loquimur,
670 2342 861 2389 omniu‘m
888 2343 1120 2384 nostrorum
1151 2344 1359 2384 montium
1389 2341 1601 2392 altiflimo,
1630 2341 1720 2382 exit.
1776 2339 1929 2390 Estque
1950 2340 1989 2380 in
2012 2352 2151 2391 quarta

57 2393 191 2436 ltaliae
209 2397 391 2450 regione,
421 2399 515 2437 tesie
535 2396 691 2446 Plinio,
721 2404 841 2447 atque
861 2396 901 2435 in
921 2395 1118 2450 Peligni33
1148 2399 1303 2449 (vulgo
1334 2408 1445 2437 nunc
1470 2396 1628 2446 Valva)
1664 2394 1731 2445 qui
1763 2394 1811 2434 ab
1842 2393 2011 2434 Oriente
2037 2394 2154 2434 habet

57 2445 302 2495 Frentanos;
332 2451 351 2491 a
372 2449 548 2491 Meridie
570 2449 768 2490 Samnites
790 2449 828 2490 ὅ(
849 2449 1107 2503 Campano&
1134 2453 1182 2491 ab
1207 2451 1370 2492 Occasu
1390 2449 1553 2492 Marsos
1571 2462 1580 2489 :
1603 2448 1624 2489 a
1645 2446 1927 2499 Septentrione
1945 2445 2154 2487 Marruci-

56 2512 159 2551 nos,
194 2502 231 2543 &
253 2502 451 2544 Vestinos.
507 2502 606 2555 Ejus
636 2502 807 2543 ambitus
840 2502 889 2544 ad
921 2504 1036 2544 mille
1067 2505 1193 2557 passus
1212 2536 1224 2556 ,
1253 2517 1386 2557 eoque
1407 2503 1528 2544 etiam
1548 2502 1719 2554 amplius
1738 2501 1975 2554 porrigitur:
2005 2500 2152 2540 Portae

55 2555 233 2603 publicae
251 2557 480 2609 praecipuae
504 2557 602 2597 oelo
623 2556 737 2607 sunt,
766 2557 882 2597 urbes
903 2557 1039 2598 Italiae
1064 2558 1144 2599 fere
1163 2570 1332 2609 omnes,
1356 2570 1457 2609 quae
1479 2556 1792 2596 mediterraneae
1810 2554 1924 2606 sunt,
1945 2554 2152 2594 aedificio-

59 2618 149 2652 rum
180 2608 217 2649 &
239 2611 328 2651 fitus
351 2610 642 2663 pulchritudine
665 2610 846 2662 caelique
870 2611 1097 2652 salubritate
1116 2614 1164 2653 ab
1185 2613 1252 2663 iis,
1282 2612 1348 2663 qui
1375 2611 1532 2651 Italiam
1554 2610 1678 2661 ipsam
1698 2609 1884 2649 obierunt
1905 2607 2161 2656 universam,

59 2657 272 2710 adaequare
290 2664 533 2705 affirmatur:
557 2665 750 2715 habetque
772 2664 812 2703 in
834 2664 996 2717 singulis
1018 2666 1196 2716 viarum,
1222 2676 1265 2706 ut
1287 2666 1338 2706 ita
1360 2664 1551 2713 dixerim,
1573 2662 1764 2714 capitibus
1789 2663 1969 2716 ingentes
1992 2670 2152 2700 catenas

59 2709 223 2761 ferreas,
252 2716 474 2767 gladiorum
500 2716 639 2758 ictibus
671 2715 809 2769 paffim
845 2717 1006 2770 incisas3
1036 2720 1177 2770 quibus
1199 2719 1315 2770 jaelis
1345 2718 1382 2758 ἃ
1404 2717 1571 2758 extenfis
1591 2717 1714 2759 nostri
1738 2717 1843 2755 cives
1867 2713 1915 2754 ad
1940 2714 2092 2764 equites
2114 2715 2161 2759 &-

58 2764 254 2824 arcendos
284 2766 319 2807 ὅτ
349 2768 621 2820 impediendos
651 2784 701 2811 ne
731 2783 798 2822 per
835 2772 976 2812 urbem
1010 2774 1132 2813 libere
1163 2786 1210 2812 va
1240 2782 1422 2821 arentur,
1452 2770 1490 2810 <St
1524 2782 1577 2810 ne
1597 2769 1832 2821 diriperent,
1863 2769 1926 2807 vel
1952 2766 2153 2818 ejusmodi

55 2818 157 2867 alia,
187 2830 288 2878 quae
308 2819 451 2860 milites
469 2821 620 2874 solent,
647 2824 874 2875 efficerent,
903 2825 1121 2876 antiquitus
1144 2836 1210 2866 ute
1239 2835 1368 2866 antur.
1425 2823 1612 2876 Quarum
1634 2821 1800 2874 quidem
1821 2831 2052 2862 catenarum
2073 2833 2156 2862 una

61 2869 201 2920 (nunc
221 2883 261 2912 m
283 2871 440 2932 nodum
463 2873 661 2928 comesta)
690 2890 873 2919 mearum
895 2878 1055 2920 aedium
1070 2911 1081 2931 ,
1111 2892 1213 2931 quae
1233 2879 1273 2919 in
1296 2878 1456 2930 publica
1478 2877 1540 2917 via
1565 2877 1656 2917 {itae
1678 2875 1796 2926 sunt,
1823 2876 1922 2926 quae
1946 2876 2072 2927 vulgo
2093 2873 2153 2914 Le

55 2923 135 2983 case
146 2933 259 2976 pente
278 2924 444 2977 dicitur,
471 2926 675 2977 parietibus
695 2930 815 2972 affixa‘
831 2933 896 2972 est.
955 2931 1132 2985 Templa
1155 2933 1324 2973 summis
1346 2930 1536 2972 aedificiis
1558 2928 1738 2970 extrucm
1756 2929 1867 2979 sunt,
1892 2927 1947 2968 D.
1969 2927 2155 2979 Pamphi-

55 2976 85 3014 11
113 2976 357 3039 Εᾶῐῆθᾶῐᾶἲς,
388 2978 427 3018 fn
457 2988 539 3029 quo
569 2991 659 3018 xtr.
687 2981 997 3025 Canoni'corum
1031 2999 1224 3026 numerus
1256 2986 1308 3027 est
1321 2997 1341 3038 ,⁷⁷
1362 2984 1400 3026 &
1420 2983 1608 3037 Episcopi
1638 2983 1780 3032 aedes,
1812 2993 1982 3033 quarum
2007 2992 2154 3033 magna

55 3039 141 3080 pars
162 3030 445 3091 elfgannffime
466 3032 674 3072 instaurata
695 3035 769 3075 est:
797 3035 1020 3080 D.Mariae
1045 3040 1344 3088 Annuntiatae,
1376 3038 1497 3089 cujus
1515 3048 1653 3077 annuo
1675 3035 1803 3076 reditu
1826 3036 1862 3076 ἃ
1885 3034 2153 3085 eleemosynis

57 3092 204 3132 aegroti
231 3085 402 3136 hospites
432 3097 556 3136 quam
587 3084 877 3137 diligentissime
907 3102 1122 3133 curantur:
1150 3093 1259 3144 pueri
1286 3089 1575 3145 quamplurimi
1598 3088 1776 3141 undique
1798 3088 1980 3140 expoliti,
2010 3098 2152 3138 paupe-

55 3133 352 3198 resque‚0{11UeS
372 3148 459 3197 tam
477 3138 631 3178 nostrae
654 3138 804 3190 UrbiS,
830 3154 950 3193 quam
972 3146 1123 3186 externi
1143 3145 1232 3187 satis
1255 3142 1480 3186 commode
1501 3142 1539 3182 ὅ(
1560 3144 1745 3185 aluntur,
1777 3143 1813 3182 &
1832 3142 2069 3181 vestiuntur:
2098 3138 2140 3178 D

57 3183 288 3243 Frane1sc1,
304 3191 345 3233 in
363 3203 446 3245 quo
464 3190 621 3234 Fratres
650 3198 960 3250 conventuales,
986 3209 1035 3241 ut
1058 3209 1231 3253 vocant,
1258 3200 1384 3293 vitgrn
1415 3195 1587 3251 degunt:
1617 3195 1714 3237 Alia
1734 3193 1834 3238 DD.
1858 3191 2163 3286 AUgUstimlb&
2216 3243 2219 3245 Δ

1375 3262 1399 3303 3
2111 3256 2165 3284 os-
