2547 3708
782 168 795 183 .
862 134 887 192 I
1034 135 1080 193 Β

1228 135 1253 192 Ῑ
1396 136 1448 195 S.

457 242 676 300 Viscera
702 240 917 297 diversis
941 240 1083 297 scissa
1108 241 1345 297 ferantur
1367 244 1537 315 equis.

380 315 488 373 Vel
515 333 682 388 quae,
716 316 808 386 qui
834 315 1027 370 redimi
1051 315 1308 373 Romano
1334 329 1489 385 turpe
1516 314 1751 385 putavit,

454 393 507 442 A
532 390 672 442 duce
699 388 935 442 Puniceo
960 386 1208 458 pertulit,
1246 388 1351 458 ipse
1379 386 1532 441 feraS.

239 462 343 531 285
382 462 499 517 Nec
526 461 620 515 tibi
648 459 874 513 subsidio
903 461 962 512 fit
989 461 1228 530 praesens
1262 477 1487 513 numen:
1529 473 1586 514 ut
1613 460 1712 524 illi,

458 534 564 588 Cui
588 532 718 587 nihil
745 529 951 586 Hercei
978 532 1182 603 profuit
1208 549 1293 587 ara
1311 531 1476 602 JoviS.

90 710 324 754 Eorta-rius,
351 709 510 747 Metiuni
537 704 722 743 Fufetium
750 705 871 743 innuit
896 732 906 749 ,
946 707 1009 754 qui
1030 717 1127 755 quo-

89 765 191 800 niam
215 762 361 809 pactum
390 768 499 807 atque
524 756 737 794 condictum
762 767 846 793 cum
878 767 962 804 rege
992 757 1125 804 Populi

90 812 255 851 Romani
284 808 418 860 perfide
448 815 614 856 ruperat,
642 807 734 844 binis
755 806 936 856 quadrigis
958 807 1125 846 evinctus

89 864 129 901 in
160 863 294 901 diversa
322 859 518 898 nitentibus
547 858 719 895 laceratus
743 859 791 895 est
815 885 826 901 ‚
862 866 904 894 ut
925 857 1064 896 Gellius
1086 859 1123 896 in

87 914 222 952 ultimo
231 913 357 951 scribit.
378 909 603 957 Longiorem
617 908 802 946 historiam
817 908 923 946 habes
935 908 1031 956 apud
1044 910 1123 947 Ser-

90 965 192 1002 vium
217 964 261 1001 ad
287 974 376 1000 vm.
401 963 495 998 Aen.
515 961 597 1006 642.
634 960 674 996 ὃς
705 959 802 1007 apud
826 959 1060 996 Plutarchum
1084 962 1122 998 in

91 1013 266 1052 Paralellis
287 1014 339 1051 his
358 1011 498 1049 verbis:
527 1009 660 1047 Tullius
682 1009 843 1056 Hostilius
865 1016 936 1047 Rex
956 1015 1015 1047 Ro.
1041 1023 1120 1048 cum

89 1065 198 1102 Metio
225 1065 354 1112 Fufetio
385 1061 609 1098 Albanorum
630 1073 701 1108 rege
723 1061 851 1097 bellum
883 1059 1052 1105 habebat,
1080 1062 1119 1100 in

89 1128 153 1164 quo
169 1116 336 1163 praelium
354 1113 447 1161 saepe
476 1126 616 1149 numere
635 1111 767 1155 distulit
787 1140 798 1157 ‚
835 1124 934 1161 eoque
952 1112 1118 1161 aliquan-

89 1166 132 1202 do
160 1169 318 1215 superato
365 1164 501 1200 Albani
540 1162 588 1199 ad
627 1162 740 1211 epulas
779 1163 850 1211 sefi’
897 1175 1118 1202 convertunt.

84 1216 273 1264 Epulantes
317 1215 476 1251 adoritur
512 1241 522 1257 ,
578 1223 786 1262 captumque
833 1225 941 1261 regem
989 1214 1119 1252 duobus

81 1266 230 1314 alligans
246 1266 350 1314 pullis
376 1262 564 1314 discerpfit‚
592 1274 631 1300 ut
652 1263 861 1301 Mexarchus
880 1264 981 1301 tertio
1001 1280 1117 1303 rerum

74 1317 285 1354 'Italicarum
305 1318 422 1353 aanor
442 1316 496 1362 est.
525 1315 778 1352 ConsmFAN.
805 1315 942 1353 Metius
954 1315 1117 1356 Fufetius

77 1367 309 1405 Albanorum
342 1369 422 1404 Rex
441 1394 451 1410 ‚
487 1367 551 1415 qui
577 1365 674 1414 juffu
704 1366 806 1403 Tulli
835 1366 945 1414 Regis
978 1366 1115 1406 duabus

78 1418 260 1467 quadrigis
278 1418 449 1456 admotus
468 1429 510 1454 ac
521 1417 715 1464 discerptus
728 1416 797 1461 est,
824 1417 925 1466 quod
939 1429 999 1461 ex,
1013 1430 1113 1466 prae-

76 1469 210 1517 scripto
231 1468 388 1507 foederis
409 1469 454 1505 ad
476 1467 559 1505 belli
578 1468 792 1505 societatem
817 1477 944 1505 contra
959 1468 1112 1508 Fidena-

72 1525 129 1557 tes
151 1528 302 1558 vocatus
316 1547 326 1565 ‚
353 1520 521 1558 euntibus
541 1520 577 1556 in
600 1518 741 1555 hostem
776 1520 955 1556 Romanis
975 1522 1112 1567 praelio

71 1569 156 1607 suos
177 1570 364 1609 eduxifl'et.
416 1571 602 1607 Authores
623 1569 752 1607 Livius
773 1570 834 1608 lib.
849 1583 875 1607 1.
903 1570 1113 1610 Plutarchus

69 1619 194 1658 Parall.
223 1633 300 1670 cap.
326 1634 380 1668 14.
408 1620 563 1670 Dionys.
583 1619 818 1658 Halicarnaff.
845 1621 950 1668 lib.3.
972 1621 1111 1661 Gellius

68 1669 130 1709 lib.
150 1684 208 1709 zo.
236 1684 313 1720 cap.
340 1684 370 1710 1.
402 1672 551 1709 Author
572 1671 618 1708 de
639 1671 736 1709 Viris
759 1672 950 1710 illustribus
977 1673 1036 1710 lib.
1055 1687 1110 1713 ιν.

66 1720 198 1760 Paulus
227 1722 380 1761 Orosius
402 1722 461 1760 lib.
482 1735 526 1761 11.
554 1734 632 1771 cap.
653 1736 683 1771 ς.
713 1722 933 1771 Freculphus
966 1723 1108 1763 Chron.

65 1770 131 1812 lib.
150 1785 212 1811 111.
240 1785 317 1822 cap.
343 1785 400 1820 14.
436 1773 483 1811 Et
504 1774 546 1811 iis
575 1773 762 1822 antiquior
781 1775 898 1812 Varro
927 1774 986 1811 lib.
1008 1787 1033 1813 1.
1059 1777 1105 1814 de

66 1823 142 1861 vita
167 1825 294 1872 populi
326 1825 485 1862 Romani
518 1824 613 1873 apud
643 1825 816 1863 Nonium
846 1825 885 1863 in
903 1824 1103 1868 distrahere.

28 1911 30 1913 ,
67 1870 125 1912 Ex
144 1873 266 1913 Poe'tis
288 1876 427 1913 Ennius
447 1875 498 1912 his
519 1874 700 1913 versibus:

115 1938 266 1975 Vulturis
285 1940 323 1976 in
342 1940 446 1977 Silvis
458 1940 619 1989 miserum
640 1941 830 1978 mandebas
849 1941 1048 1982 homonem:

114 1995 191 2025 Heu
208 2002 315 2039 quam
337 1990 466 2026 crudeli
487 1991 651 2027 condebat
669 1992 824 2029 membra
840 1993 999 2041 sepulcro,

59 2048 240 2098 Virgilius
258 2050 319 2088 lib.
330 2063 419 2088 vm.
433 2050 583 2090 AEneid.
613 2052 771 2090 Ovidius
789 2053 861 2101 ipse
874 2054 933 2090 lib.
952 2066 979 2091 1.
991 2053 1102 2095 Trist.

61 2098 168 2149 Eleg.
196 2111 261 2138 111.
313 2101 535 2138 Claudianus
571 2102 632 2139 lib.
661 2102 705 2139 de
742 2103 845 2140 Bello
885 2104 1102 2143 Gildonico.

62 2150 155 2189 Sunt
175 2158 297 2188 autem
327 2152 392 2201 qui
421 2151 609 2189 Nasonem
638 2151 786 2188 subinde
815 2160 969 2196 notant,
996 2155 1101 2202 quod

60 2200 121 2239 ille
173 2201 359 2239 Fufetium
421 2201 596 2246 duntaxat
651 2201 726 2239 hoc
771 2201 934 2251 supplicii
986 2214 1099 2250 gene-

59 2262 101 2289 re
127 2251 297 2290 interiisse
332 2252 479 2290 dixerit.
531 2252 741 2290 Plutarchus
768 2253 861 2290 enim
902 2255 1097 2302 inquiunt,

61 2302 148 2339 dicit
177 2302 215 2339 in
247 2302 378 2340 Parall.
420 2303 528 2341 etiam
547 2303 783 2352 Pyraeclimen
804 2303 955 2340 Euboeae
978 2310 1098 2353 Regem

61 2352 206 2390 Hercule
217 2352 683 2404 jubenteaquadrigisfuiſje
701 2353 944 2392 dilaceratam.
973 2354 1092 2394 Iidem

61 2404 214 2441 Livium
238 2405 528 2452 reprehendant,
555 2407 619 2455 qui
639 2405 700 2443 lib.
721 2417 751 2444 1.
779 2405 824 2443 de
843 2406 991 2443 Fufetio
1010 2405 1094 2445 scri-

60 2453 171 2498 bens,
200 2458 371 2492 Avertere
395 2469 510 2493 omnes
529 2483 540 2500 ‚
577 2455 699 2505 inquit
718 2483 729 2500 ‚
765 2455 791 2493 ὰ
807 2466 912 2493 tanta
924 2457 1094 2503 foeditate

56 2503 239 2554 specs‘t‘aculi
265 2505 372 2543 oculos
395 2533 405 2550 ‚
437 2507 593 2555 primum
629 2506 865 2556 ultimumque
888 2507 1092 2557 ficpplicium

59 2555 203 2604 exempli
214 2563 340 2602 parum
361 2557 519 2594 memoris
544 2557 656 2605 legum
678 2556 917 2595 humanarum
929 2559 1027 2605 fuit3
1054 2560 1093 2596 in

64 2603 145 2641 aliis
163 2606 306 2654 gloriari
335 2607 413 2645 licet
442 2607 533 2645 nulli
555 2610 711 2656 gentium
741 2608 896 2646 mitiores
935 2609 1093 2659 placuiffe

58 2661 194 2702 poenas.
246 2659 374 2705 Quem
403 2658 501 2696 Livii
521 2658 648 2696 locum
679 2659 867 2697 Nasonem
899 2661 990 2698 haec
1009 2663 1092 2699 1011-

67 2704 215 2742 bcntem
241 2708 289 2743 ob
324 2709 452 2746 oculos
482 2708 642 2747 habuisse
678 2722 756 2747 non
791 2709 933 2748 dubito.
987 2713 1090 2749 Con-

61 2754 128 2791 stat
149 2757 246 2812 enim
268 2757 450 2796 Fufetium
463 2771 579 2797 unum
592 2761 688 2808 apud
704 2761 896 2799 Romanos
916 2763 988 2799 hoc
1000 2775 1091 2811 poe-

61 2815 132 2842 nae
164 2816 298 2853 genere
340 2810 539 2847 cruciatum
573 2810 655 2849 effe.
706 2812 821 2849 Porro
863 2813 1017 2858 Fufetius
1043 2825 1089 2851 an

59 2854 219 2904 Suffetius
246 2855 471 2895 scribendum
501 2860 543 2897 fit
561 2888 573 2905 ,
609 2863 628 2898 a
656 2862 848 2900 Francisco
870 2864 1089 2902 Robortello

59 2906 205 2944 Annot.
228 2906 287 2944 lib.
310 2917 352 2961 .¹¹·
371 2918 450 2955 cap.
469 2921 529 2954 42.
562 2913 600 2947 δε
621 2912 758 2950 Carolo
774 2914 928 2962 Sigonio
949 2915 1089 2952 Emen-

60 2957 256 2996 dationum
293 2957 354 2994 lib.
374 2970 402 2994 1.
423 2969 501 3006 cap.
530 2971 589 3005 47.
612 2970 787 3010 tanquam
809 2976 876 3011 pro
897 2967 963 3002 aris
977 2967 1012 3002 &
1028 2967 1088 3003 fo-

59 3009 110 3047 cis
123 3008 218 3046 ultro
237 3009 406 3057 citroque
433 3009 653 3057 disputatum
675 3013 736 3050 est.
790 3015 885 3052 Cum
909 3017 1009 3053 enim
1032 3016 1087 3054 Si-

58 3059 192 3108 gonius
218 3059 254 3096 111
285 3058 393 3096 Fastis
426 3060 687 3098 Romanorum
720 3065 870 3110 Fufetius
887 3066 1085 3104 dicendum

59 3108 260 3148 annotaffet
271 3110 307 3146 in
323 3109 528 3148 Robortelli
542 3112 688 3149 aculeos
698 3112 825 3152 incidit
840 3143 850 3159 ,
866 3118 926 3164 qui
941 3119 1087 3165 quodli-

62 3160 124 3198 bet
151 3162 269 3208 potius
279 3162 538 3199 vadimonium
552 3161 775 3207 deseruisset,
787 3176 896 3212 quam
910 3167 1018 3204 ullam
1033 3180 1089 3205 re·

59 3210 313 3260 prehendendi
324 3211 416 3252 illius
430 3212 677 3254 occasionem.
704 3214 801 3254 Mihi
811 3218 930 3255 verior
952 3218 1092 3266 sigonii

2033 604 2217 678 thue

1181 700 1327 749 scriptio
1343 700 1488 740 videtur
1501 701 1869 752 ‚quamPhilandrus,
1897 702 1953 747 δε,
1965 710 2193 746 anteomnes
2209 734 2219 752 o

1182 751 1319 789 Pierius
1341 752 1557 791 Valerianus
1570 754 1713 791 Annot.
1733 754 1770 791 in
1792 752 1827 791 8.
1847 752 1996 793 AEneid.
2023 769 2221 804 comment

1183 801 1303 840 davit.
1323 802 1497 841 sarvie.

1230 853 1315 890 282.
1343 853 1484 903 Sciffa.]
1514 857 1608 892 Sec‘ia
1638 855 1713 893 duo
1731 854 1822 893 libri.
1850 856 1954 906 aquis
1975 858 2085 895 etiam
2107 858 2220 907 Franss

1179 904 1254 941 cof.
1274 905 1311 942 ὃς
1328 911 1398 941 tres
1418 903 1489 942 alii.

1229 953 1316 1003 283.
1343 955 1495 1005 Veiquae
1507 954 1567 1003 qui
1578 954 1865 992 redimiRomano
1882 959 2148 1008 turpeputavit,
2176 964 2216 999 A

1177 1004 1261 1043 duce
1282 1005 1426 1042 Puniceo
1443 1004 1587 1054 pertulit
1607 1006 1815 1056 ipseferas.]
1843 1007 1900 1047 Μ.
1924 1010 2073 1046 Attilius
2095 1012 2218 1059 Regu-

1176 1054 1230 1093 lus
1265 1056 1457 1095 Romanus
1474 1065 1598 1105 captus
1625 1057 1669 1093 ab
1692 1058 1792 1094 Afris
1823 1058 1942 1096 noluit
1964 1060 2121 1104 redimi;
2151 1074 2216 1108 pus

1176 1108 1269 1144 tavit
1285 1106 1385 1144 enim
1414 1116 1520 1155 turpe
1543 1104 1636 1152 esse,
1663 1106 1689 1144 si
1719 1108 1910 1146 Romanus
1929 1110 1972 1146 ab
1994 1111 2095 1148 hoste
2120 1112 2216 1150 redi-

1176 1167 1350 1195 meretur.
1412 1156 1592 1206 Palpebris
1635 1158 1784 1196 abscissis
1820 1168 1986 1198 mortuus
2008 1161 2085 1206 est,
2112 1163 2215 1210 quod

1174 1210 1292 1256 tangit
1304 1209 1496 1246 Horatius.
1554 1209 1720 1246 INTERP.
1758 1210 1814 1246 M.
1846 1211 1995 1249 Attilius
2028 1213 2211 1261 Regulus,

1174 1258 1220 1295 de
1242 1270 1318 1308 quo
1339 1261 1393 1298 M.
1422 1259 1568 1298 Tullius
1588 1259 1679 1297 libro
1702 1272 1729 1297 1.
1758 1261 1853 1299 &11.
1874 1261 1984 1299 Offic.
2005 1263 2122 1301 lib.11.
2152 1265 2212 1303 De

1173 1308 1290 1348 Finib.
1307 1310 1452 1349 &alibi.
1478 1310 1640 1360 Agellius
1666 1310 1759 1348 libro
1773 1323 1826 1348 vr.
1857 1323 1984 1361 cap.4.
2014 1313 2214 1355 Floruslib.

1172 1373 1219 1398 11.
1248 1373 1325 1408 cap.
1345 1373 1381 1400 2.
1421 1362 1726 1399 ValJMaximus
1746 1362 1808 1401 111).
1833 1375 1886 1400 rx.
1923 1375 1999 1412 cap.
2022 1377 2052 1401 2.
2082 1365 2212 1412 Nepos

1171 1410 1263 1460 (qui
1294 1412 1313 1450 a
1336 1414 1515 1462 plerisque
1548 1413 1643 1450 male
1674 1422 1827 1450 vocatur
1856 1413 2013 1462 Plinius)
2050 1415 2095 1453 de
2114 1416 2211 1456 Viris

1169 1461 1374 1501 Illustribus.
1402 1464 1506 1501 Silius
1529 1464 1590 1501 lib.
1608 1475 1661 1501 Vl.
1688 1463 1737 1500 D.
1759 1464 1910 1513 August.
1939 1466 2037 1503 lib.1.
2056 1478 2137 1515 cap.
2154 1480 2211 1516 1ς.

1170 1513 1228 1551 De
1260 1515 1419 1552 Civitate
1443 1515 1529 1552 Dei.
1586 1515 1758 1552 CrorAN.
1787 1515 1844 1552 M.
1860 1515 2010 1554 Attilius
2032 1518 2210 1566 Regulus,

1168 1564 1214 1601 de
1234 1576 1311 1614 quo
1334 1566 1480 1604 Tullius
1505 1564 1565 1602 lib.
1585 1578 1646 1603 111.
1675 1566 1719 1603 de
1734 1566 1877 1604 Officiis
1896 1579 1903 1603 :
1932 1567 2078 1615 Regulus
2100 1570 2211 1616 primo

1168 1614 1253 1652 bello
1276 1619 1403 1654 Punico
1426 1625 1567 1666 captus,
1595 1616 1620 1653 a
1649 1618 1768 1653 Poenis
1792 1630 1867 1653 cum
1890 1618 1930 1653 de
1953 1618 2101 1666 captivis
2120 1633 2210 1656 com-

1168 1669 1350 1705 mutandis
1384 1675 1528 1706 Romam
1551 1667 1667 1717 missus
1687 1669 1761 1716 esset
1774 1694 1785 1712 ,
1797 1669 2009 1718 juraffetque
2020 1671 2059 1715 se
2075 1671 2208 1707 reditu-

1166 1731 1247 1754 rum
1260 1746 1270 1761 ‚
1293 1721 1447 1768 primum
1468 1730 1507 1754 ut
1528 1722 1628 1755 venit
1648 1721 1799 1767 captivos
1811 1720 1998 1756 reddendos
2017 1719 2055 1756 in
2077 1726 2207 1758 Senam

1166 1780 1235 1805 non
1258 1771 1408 1818 censuim
1437 1770 1558 1806 deinde
1578 1781 1656 1806 cum
1677 1770 1881 1807 retineretur
1907 1770 1932 1807 a
1947 1770 2140 1821 propinquis
2162 1783 2207 1812 ω’

1162 1821 1283 1857 amicis
1314 1822 1363 1857 ad
1381 1821 1587 1869 supplicium
1623 1820 1734 1857 redire
1761 1820 1889 1857 maluit
1909 1849 1919 1866 ‚
1966 1835 2073 1872 quam
2100 1823 2205 1867 fidem

1156 1868 1241 1918 hosti
1256 1873 1391 1916 fidatam
1410 1871 1549 1918 fallere.
1610 1871 1657 1908 Et
1681 1872 1858 1909 Horatius
1882 1873 1969 1912 Ode
1990 1887 2022 1923 ς.
2054 1873 2116 1913 lib.
2137 1886 2203 1926 111,

1258 1942 1331 1972 Hoc
1346 1946 1490 1972 caverat
1509 1948 1605 1971 mens
1623 1935 1770 1982 provida
1792 1934 1911 1982 Reguli
1923 1961 1934 1979 ,

1260 1985 1498 2033 Dissentientis
1520 1984 1772 2020 conditionibus

1310 2036 1448 2078 Foedis,
1476 2034 1680 2081 &exemplo
1702 2033 1859 2071 trahenti

1311 2086 1502 2123 Perniciem
1517 2084 1657 2120 veniens
1670 2085 1707 2120 in
1724 2097 1854 2120 aevum
1865 2110 1878 2130 ‚

1256 2135 1292 2171 Si
1313 2148 1381 2171 non
1393 2136 1520 2184 periret
1539 2134 1795 2182 immiserabilis

1255 2186 1412 2234 Captiva
1430 2185 1544 2233 pubes.

1153 2233 1204 2274 Et
1224 2236 1334 2283 paulo
1356 2236 1455 2284 post:

1253 2292 1355 2323 Auro
1377 2288 1531 2336 repensus
1544 2287 1676 2336 scilicet
1699 2287 1816 2325 acrior

1253 2337 1360 2375 Miles
1379 2337 1528 2383 redibit,

1150 2405 1188 2443 &
1208 2404 1420 2454 sequentia,
1457 2405 1588 2454 quibus
1609 2405 1696 2443 nihil
1722 2405 1922 2455 elegantius
1940 2408 2041 2448 scribi
2060 2414 2195 2458 poteris

1150 2455 1211 2493 Ad
1239 2456 1455 2505 supplicium
1493 2458 1597 2506 quod
1630 2458 1759 2494 attinet
1784 2485 1795 2501 ‚
1832 2458 1879 2495 fic
1910 2461 2018 2498 etiarn
2043 2462 2191 2506 Tullius

1148 2508 1319 2544 oratione
1335 2508 1371 2544 111
1393 2507 1563 2545 Pisonem
1592 2518 1601 2542 ε
1639 2514 1711 2544 Nec
1741 2508 1832 2546 mihi
1855 2509 1913 2545 ille
1942 2517 1996 2548 M.
2017 2515 2188 2562 Regulus,

1149 2571 1250 2608 quem
1287 2557 1594 2607 Carthaginienses
1635 2559 1765 2607 resellis
1779 2559 1945 2607 palpebris
1962 2562 2137 2611 illigatum
2148 2567 2189 2606 in

1149 2608 1316 2646 machina
1335 2609 1515 2657 vigilando
1536 2620 1749 2646 necaverunt
1764 2637 1773 2654 ‚
1789 2611 1948 2659 supplicio
1971 2615 2111 2653 videtur
2131 2620 2188 2665 as-

1138 2661 1283 2705 festus,
1321 2661 1394 2697 &c.
1434 2660 1587 2697 Variant
1614 2660 1880 2709 aliquantulum
1911 2662 2048 2702 Seneca
2076 2665 2188 2713 Epist.

1146 2709 1207 2750 68.
1229 2712 1267 2748 &
1287 2722 1347 2758 99.
1372 2710 1542 2749 Valerius
1559 2711 1746 2749 Maximus
1772 2711 1832 2750 lib.
1859 2724 1912 2752 111.
1942 2726 2018 2763 cap.
2042 2728 2075 2754 2.
2103 2718 2187 2758 Tu-

1144 2761 1289 2798 ditanus
1325 2761 1421 2809 apud
1452 2762 1614 2800 Gellium
1643 2762 1700 2800 lib.
1726 2775 1777 2800 vr.
1805 2774 1882 2811 cap.
1901 2776 1931 2810 4.
1962 2766 2110 2806 Author
2137 2771 2184 2809 de

1146 2812 1243 2849 Viris
1275 2811 1480 2851 illustribus.
1532 2812 1652 2850 Divus
1668 2813 1885 2861 Augustinus
1906 2815 1967 2853 lib.
1986 2829 2012 2854 1.
2034 2830 2110 2867 cap.
2128 2832 2185 2867 17,

1147 2863 1193 2900 de
1215 2863 1375 2901 Civitate
1397 2863 1483 2900 Dei.
1536 2864 1662 2901 Florus
1689 2864 1735 2901 lib
1763 2877 1807 2902 11.
1820 2877 1944 2913 capr..
1984 2868 2183 2910 SALVAGN.

1146 2919 1318 2951 Romanos
1348 2913 1437 2951 editi
1470 2914 1575 2952 multi
1608 2917 1646 2952 ὅ(
1666 2914 1795 2963 scripti.
1833 2922 2029 2956 Romanum
2057 2922 2182 2960 Petav.

1196 2964 1281 3010 284.
1309 2968 1347 3000 A
1376 2971 1473 3001 Duce
1504 2965 1683 3012 Puniceo.)
1710 2966 1899 3015 Nusquam
1935 2972 2091 3009 memini
2119 2984 2180 3010 me

1142 3014 1265 3064 legere
1284 3015 1428 3051 Puniceo
1451 3027 1516 3062 pro
1546 3023 1676 3060 Poeno,
1705 3026 1765 3054 aut
1794 3019 1934 3057 Punico.
1987 3021 2077 3058 ldeo
2099 3021 2182 3059 scri-

1142 3065 1303 3104 bendum
1327 3076 1441 3113 puto,
1473 3068 1646 3112 Poenicio,
1674 3068 1872 3116 quomodo
1891 3071 1928 3107 in
1950 3072 2180 3111 vetustiflima

1141 3117 1222 3165 lege
1254 3117 1420 3163 comperi
1442 3144 1453 3160 ‚
1490 3128 1584 3164 quae
1623 3119 1793 3166 proxime
1825 3128 1993 3168 tempor-a
2041 3123 2178 3162 Punica

1143 3166 1269 3215 scripta
1289 3166 1337 3203 est
1358 3179 1393 3203 in
1415 3166 1514 3203 hunc
1546 3169 1700 3205 modum
1718 3182 1724 3204 :
1755 3170 1906 3217 Populeis
1925 3171 2074 3214 libertis,
2100 3175 2181 3224 quei

1146 3218 1185 3257 in
1215 3217 1344 3259 Africa
1370 3217 1454 3266 sum
1475 3245 1487 3263 ,
1523 3218 1601 3268 quei
1628 3232 1743 3257 eorum
1773 3220 1810 3258 in
1831 3221 2023 3260 amicitiam
2046 3225 2183 3272 Populei

2053 3280 2182 3312 Roma-
