2547 3708
678 100 1412 164 PER-JMASSON.
2042 111 2111 174 '49

16 216 54 266 ri
67 226 134 264 ,ex
153 203 401 272 Equi-tibus
423 197 564 246 essent
584 193 846 242 desumendi
861 214 878 249 3
894 193 1282 256 quemadmodum
1307 195 1488 259 insuper
1510 196 1773 242 innumerae
1793 196 2106 248 demonstrant

14 275 215 341 lapidum
251 266 602 328 Inscriptiones,
637 259 801 323 quibus
839 257 904 304 X.
940 257 1131 305 Viratus
1170 260 1384 308 stilitibus
1411 259 1700 324 judicandis,
1735 277 1834 322 pars
1869 261 1960 308 scil.
1985 264 2102 310 XX.

15 341 227 395 Viratus,
269 330 365 395 ipso
389 330 597 377 Siccama
628 324 918 383 confitente,
953 320 1210 370 recensetur
1241 324 1362 372 inter
1392 325 1590 372 honores
1625 324 1947 372 Consularium
1978 328 2104 374 viro-

12 419 142 461 rum,
173 413 288 463 quos
325 409 483 441 omnes
516 407 574 437 ex
612 388 862 453 Equitibus
897 389 944 434 in
967 389 1187 436 Senatum
1221 388 1406 437 allectos
1442 387 1656 437 affirmari
1686 390 1877 453 nequit,
1913 406 2018 436 cum
2056 392 2104 437 &c

12 467 159 531 plures
181 479 239 510 ex
265 459 472 508 Patriciis
495 456 682 502 fuerint.

73 528 164 578 IV.
197 523 337 574 Haud
363 523 503 585 longe
528 520 583 567 ab
610 519 701 566 hoc
727 530 938 580 tempore
962 516 1268 565 removendae
1292 516 1396 566 sunt
1419 519 1593 582 priores
1616 520 1771 565 Ovidii
1796 520 2014 589 nuptiae,
2048 519 2105 566 de

9 594 174 660 quibus
196 589 286 655 ipse
311 587 454 635 Trist.
478 585 588 633 Lib.
614 583 704 630 IV.
729 583 864 646 Eleg.
896 596 969 627 10.
993 597 1109 628 vers.
1132 588 1210 637 69.

132 658 281 704 Paene
305 653 409 700 mihi
434 665 578 713 puero
596 663 666 694 nec
682 647 832 708 digna,
868 663 936 692 nec
961 649 1077 699 utilis
1097 663 1220 693 uxor

192 720 272 781 Est
294 720 423 766 data:
457 731 560 778 quae
579 723 732 771 tempus
743 713 944 772 perbreve
965 721 1094 770 nupta
1113 711 1218 772 fuit.

3 789 154 836 Paene
177 784 328 831 adhuc
352 796 464 847 puer
483 789 606 836 erat,
639 776 732 822 hoc
754 775 850 834 est,
887 776 1042 837 paucis
1069 789 1174 822 ante
1198 775 1325 822 annis
1351 775 1598 838 pueritiam
1623 776 1819 840 egressus
1842 787 1952 841 toga
1979 777 2102 825 virili

5 851 152 898 fuerat
183 847 365 902 indutus
380 868 396 902 3
431 859 516 892 nec
551 841 662 887 dum
696 852 851 887 tamen
870 841 1098 899 juventam
1117 853 1215 886 erat
1235 838 1453 902 adeptus,
1487 855 1600 902 quae
1613 842 1700 900 posi
1721 854 1785 887 ter
1797 841 1980 902 septenos
1993 844 2103 902 flore

6 931 130 962 annes
144 929 266 977 genas
288 911 437 972 vestit,
470 920 523 954 ut
548 905 685 952 habet
708 905 981 952 Macrobius
1007 902 1083 965 (a).
1151 903 1293 951 Unde
1317 904 1383 950 est
1408 903 1531 967 quod
1557 904 1728 951 Statius
1751 906 1861 951 Lib.
1887 907 1948 953 V.
1973 908 2102 970 Sylv.

6 995 48 1025 2.
84 979 254 1025 barbam
284 987 422 1025 vocat
456 971 582 1036 figna
612 969 784 1018 validae
803 970 1039 1031 juventae,
1074 984 1185 1016 cum
1217 969 1270 1016 ad
1302 968 1570 1034 Crispinum
1595 969 1738 1018 XV1.
1772 985 1914 1016 annos
1942 984 2101 1018 natum

8 1042 118 1105 (vid.
143 1057 253 1092 vers.
285 1038 375 1096 ιι.)
410 1039 522 1085 haec
545 1036 670 1082 canit
693 1050 807 1081 vers.
830 1041 936 1102 62..

130 1113 132 1115 ’
199 1105 294 1145 -’-
326 1105 527 1152 Nondum
554 1099 725 1148 validae
747 1100 959 1162 tibistgna
976 1099 1195 1163 juventae

133 1169 333 1231 Irrepsere
386 1170 479 1215 enis
493 1201 509 1227 ,
543 1166 597 1219 &⁸
620 1165 756 1211 adhuc
779 1166 894 1211 decor>
914 1168 1066 1226 integer
1087 1167 1200 1211 aevi.

66 1236 129 1282 V.
164 1235 288 1280 Cum
315 1185 384 1280 a?
391 1233 547 1279 alteras
572 1231 721 1276 statim
747 1228 970 1276 transierit
992 1231 1407 1293 nuptias,quarum
1434 1241 1617 1292 tempus
1644 1238 1774 1275 certo
1790 1227 1981 1275 definire
2009 1244 2101 1275 non

0 1299 159 1358 datur,
192 1298 519 1362 subjungamus
541 1297 678 1342 etiam
701 1310 815 1358 quae
833 1294 889 1340 de
911 1294 981 1341 his
1003 1293 1141 1341 habet
1163 1294 1364 1355 ibidem,
1397 1310 1509 1342 vers.
1531 1309 1612 1356 71.

131 1365 207 1411 Illi
217 1363 423 1425 ficcceffit,
458 1364 649 1424 quamvis
661 1364 751 1421 stne
770 1363 961 1419 crimine,
994 1358 1138 1419 conjux
1149 1381 1166 1419 3

195 1430 298 1475 Non
320 1441 458 1475 tamen
481 1432 525 1474 in
544 1427 674 1485 nostro
681 1427 816 1487 firma
830 1425 989 1487 futura
1011 1436 1112 1471 tore.

8 1491 358 1544 Alterutra‘suit
383 1493 593 1554 Phaliscis
627 1491 718 1554 (alii
745 1504 826 1554 per
847 1490 901 1537 F.
921 1489 1148 1549 scribunt)
1183 1503 1312 1551 orta,
1347 1489 1511 1537 Amor.
1537 1488 1648 1537 Lib.
1674 1488 1767 1536 III.
1794 1488 1870 1535 El.
1904 1501 1974 1552 13.
2000 1489 2100 1536 init,

137 1561 242 1605 Cum
262 1558 367 1604 mihi
379 1556 595 1619 pomiferis
613 1557 759 1618 conjux
771 1556 888 1619 foret
910 1567 1004 1604 orta
1026 1555 1268 1618 Phaliscis3

197 1624 371 1670 Asoenia
398 1626 634 1685 contigimus
654 1625 770 1669 vifi‘a
783 1657 799 1682 ,
834 1624 1010 1670 Camilla>
1023 1655 1038 1681 ,
1072 1621 1152 1668 tibi
1163 1654 1179 1678 .,
1215 1619 1308 1667 &a
1538 1646 1539 1649 =

5 1685 192 1750 Qibus
226 1699 380 1750 patet,
414 1704 639 1743 uxorem,
673 1703 761 1751 qua
795 1687 970 1734 comite
1005 1687 1050 1734 id
1084 1685 1280 1749 suscepit
1314 1685 1430 1745 iter,
1465 1686 1556 1748 jam
1592 1682 1672 1732 fibi
1695 1681 1919 1730 dimissam
1942 1681 2103 1742 fuisse,

4 1767 112 1813 qum
150 1752 195 1800 id
215 1753 312 1811 ¹hac
334 1752 497 1816 Elegia
530 1751 830 1800 describeret:
866 1765 1004 1815 atque
1035 1750 1149 1799 adeo
1184 1750 1241 1797 de
1261 1751 1398 1798 tertia
1422 1751 1653 1814 conjuge,
1688 1764 1803 1811 quae
1822 1747 1877 1794 ad
1899 1749 2021 1795 vitae
2045 1747 2105 1794 fi-

5 1832 110 1863 nem
143 1819 283 1883 usque
318 1816 588 1880 permansit,
623 1817 820 1882 intelligi
852 1818 1028 1878 nequit.
1093 1816 1385 1879 Phalzscoram
1415 1828 1568 1862 autem
1603 1815 1793 1861 nomine
1815 1813 2022 1877 plerique
2045 1828 2103 1860 ex

7 1879 225 1944 Antiquis
257 1883 484 1945 populum
515 1883 784 1945 intelligunt
809 1881 908 1943 (b),
943 1883 1074 1943 cujus
1109 1880 1354 1944 Oppidum
1388 1882 1548 1928 Falerii
1582 1878 1721 1925 fuerit
1755 1877 1959 1936 diffisum,
1995 1877 2043 1924 δε
2079 1878 2106 1923 a

7 1943 209 1993 Camillo
241 1959 576 2009 expugnatum.
642 1947 715 1992 lbi
748 1962 856 1994 cum
884 1948 1044 2004 Junom·
1080 1945 1247 1991 festum
1286 1945 1334 1991 ὃς
1361 1943 1492 1990 ludos
1518 1943 1880 1998 celebraverint,
1913 1954 1967 1986 ut
1991 1941 2104 1987 No-

8 2008 96 2056 ster
128 2023 330 2068 enarrat,
366 2012 443 2075 qui
479 2011 527 2059 &
553 2013 741 2071 Junonia
765 2011 894 2073 sacra
929 2021 1096 2065 vocat3
1134 2009 1246 2055 hinc
1270 2010 1526 2055 Frontinus
1558 2006 1615 2051 de
1649 2005 1845 2052 coloniis
1871 2003 2100 2051 Tusciae:

8 2074 205 2132 Colonia,
240 2075 421 2138 inquit,
454 2076 647 2134 Janonia
679 2089 781 2135 quae
815 2075 1049 2134 adpellatur
1071 2073 1260 2134 Faliscos.
1328 2072 1498 2119 Mirari
1525 2069 1603 2118 hic
1627 2070 1789 2127 liceat,
1825 2080 2006 2116 tantum
2034 2069 2106 2114 vi-

3 2151 105 2184 rum
142 2139 302 2184 Ezech.
338 2140 632 2198 Spanhemium
663 2137 860 2199 potuisse
893 2136 1070 2198 Faliscos
1100 2136 1236 2183 hosce
1260 2136 1472 2187 Etruriae
1506 2134 1706 2197 populos
1740 2148 1847 2177 cum
1873 2133 2027 2192 Falejis
2056 2133 2105 2179 in

7 2201 184 2265 Magna
206 2202 401 2250 Graecia
437 2201 530 2249 fitis
559 2201 872 2259 confundere,
897 2201 1007 2246 dum
1039 2214 1115 2247 tot
1136 2200 1377 2261 scriptores
1411 2208 1667 2256 memorat,
1702 2197 1783 2259 qui
1807 2195 1996 2242 meliora
2017 2196 2102 2242 do-

7 2265 226 2327 cuissent,
262 2265 295 2313 fi
331 2266 386 2313 ad
421 2281 581 2314 eorum
612 2265 753 2313 verba
785 2265 990 2312 animum
1023 2264 1298 2311 advertisset.
1332 2262 1410 2309 vid
1444 2262 1555 2310 Lib.
1591 2260 1647 2307 de
1672 2259 1838 2307 Praest.
1866 2259 2103 2308 Numism‚

6 2330 72 2376 T.
103 2346 141 2378 1.
165 2349 212 2397 p.
240 2347 467 2393 107-109.
503 2327 788 2379 &Harduim
822 2330 878 2376 de
900 2330 1054 2378 Num.
1076 2331 1228 2392 Popp.
1255 2330 1304 2375 in
1328 2343 1372 2376 v.
1397 2337 1642 2375 ΡΑΛΕῙΩΝ
1657 2348 1673 2384 5
1708 2325 1789 2372 ubi
1821 2325 2017 2372 eundem
2040 2325 2104 2372 se-

7 2395 165 2457 quitur
183 2412 413 2452 errorem3
451 2396 542 2443 &o

73 2459 163 2507 VI.
198 2461 428 2509 Addamus
460 2462 508 2510 ὃς
540 2462 634 2508 hoc
665 2462 775 2509 loco
802 2477 915 2525 quae
936 2461 993 2508 de
1014 2463 1142 2507 tertia
1164 2460 1368 2524 conjuge
1388 2457 1546 2522 prodit
1570 2456 1777 2515 Noster,
1812 2472 1919 2502 cum
1941 2456 2105 2503 verum

9 2537 91 2570 nos
112 2522 261 2589 fugiat
285 2540 495 2592 tempu8,
523 2540 622 2591 'quo
649 2543 748 2574 eam
771 2526 968 2573 duxerit.
989 2526 1037 2572 Τ
1042 2526 1135 2571 rist.
1160 2524 1271 2572 Lib.
1299 2524 1391 2572 IV.
1414 2523 1487 2571 El.
1521 2537 1592 2568 10.
1618 2538 1732 2571 vers.
1755 2535 1833 2583 73.
1857 2535 1938 2583 74.
1963 2521 2052 2568 ait:

131 2589 312 2638 Ultima
332 2609 435 2654 qaae
459 2609 609 2639 mecam
620 2592 734 2654 steros
744 2594 972 2653 permanstt
996 2593 1039 2639 in
1056 2605 1206 2650 annos,

201 2656 399 2715 Sustinuit
422 2659 596 2719 conjux
617 2657 767 2720 exsulis
789 2658 861 2718 effe
882 2659 983 2702 viri.

17 2711 158 2783 Qae·
177 2731 233 2785 an
262 2718 399 2766 fuerit
420 2723 542 2768 Fabii
563 2722 784 2781 Adaximi,
820 2720 902 2782 (de
933 2736 1027 2784 quo
1081 2722 1193 2781 lura
1224 2720 1277 2767 ad
1306 2720 1397 2765 An.
1421 2718 1488 2766 U.
1512 2717 1569 2765 C.
1594 2712 1992 2771 DCCLXVII.)
2027 2712 2103 2760 seu

15 2779 172 2841 p‘oti‘u's
195 2779 642 2846 C'onju‘gi's'Marciae
659 2786 828 2845 affinis,
862 2785 983 2833 haud
1003 2801 1048 2832 re
1100 2802 1123 2831 e
1150 2784 1333 2848 Lipfius
1361 2784 1424 2846 (c)
1459 2784 1574 2830 mihi
1594 2782 1778 2830 videtur
1803 2778 1968 2827 dubius
1996 2779 2103 2825 hae-

14 2857 138 2914 rere3
175 2843 390 2903 fiquidem
413 2847 528 2909 clare
548 2849 646 2896 satis
667 2853 851 2898 Ovidius
865 2885 881 2910 ,
914 2866 1011 2897 eam
1033 2850 1089 2897 ad
1111 2849 1256 2914 ipsum
1273 2852 1464 2897 'Fabium
1487 2847 1777 2912 pertinuisse,
1799 2846 1939 2893 docet
1963 2845 2107 2891 Pont.

14 2905 186 2954 Lib.1.
217 2909 306 2972 Ep.
334 2926 373 2956 ι.
408 2909 516 2956 huic
539 2912 774 2977 inscripta,
810 2932 921 2964 vers.
956 2916 1058 2975 138.
2045 2936 2047 2938 '

137 2971 216 3021 Ille
236 2991 302 3037 ego
316 3008 331 3034 ,
364 2976 412 3023 de
435 2973 578 3022 vestra
600 2981 661 3023 cai
685 2980 785 3026 data
806 2991 933 3044 napta
956 2979 1113 3028 domo.
1723 3004 1726 3005 ⁷

1259 3048 1309 3096 G
1888 3082 1891 3085 .
1984 3036 2102 3087 Cae-⁷

43 3146 46 3149 -
69 3117 130 3169 (a)
157 3117 204 3159 In
222 3117 355 3160 somn.
371 3116 479 3168 scip.
502 3117 591 3160 Lib.
611 3119 626 3160 I
661 3131 698 3160 e.
722 3120 761 3163 6.
935 3126 938 3128 ’
1672 3154 1689 3159 ,.

43 3212 46 3215 ,
70 3172 140 3226 (b)
166 3169 269 3213 Vide
288 3171 452 3230 Cellarii
471 3171 626 3226 Geogr.
649 3173 787 3225 Antiq.
813 3172 905 3223 Lib.
925 3175 977 3220 ΙΙ.
998 3188 1034 3223 c.
1053 3189 1092 3232 9.

73 3226 139 3279 (c)
167 3223 216 3266 In
230 3224 364 3269 Tacit.
382 3227 540 3270 :AnnaL
563 3227 650 3270 Lib.
671 3226 702 3271 1.
725 3239 760 3268 c.
789 3240 824 3269 z.
