2547 3708
342 151 425 206 Η..
968 121 1832 178 1³„0V1D11V1TA

469 220 572 273 Una
596 216 681 268 dies
705 213 840 266 media
863 213 942 277 est:
979 215 1034 268 ὃ
1049 216 1167 278 fiunt
1188 213 1308 263 sacra
1334 216 1601 266 Minervae:

528 284 833 347 Nominaque
855 283 884 330 ἰι
894 281 1057 338 junett's
1083 281 1284 345 quinque
1305 280 1465 328 diebus
1484 283 1651 328 hubent.

469 353 706 418 Sanguine
720 350 865 411 primu
891 357 1049 406 vacat,
1082 363 1152 394 nec
1166 346 1240 409 fas
1264 362 1495 395 concurrere
1503 346 1639 407 ferro.

537 417 694 476 Cuuffiz
710 447 726 474 ‚
760 413 869 475 quod
890 410 946 469 est
967 413 1044 459 illu
1066 422 1171 459 nutu
1193 412 1404 459 Affinervu
1424 411 1505 457 die.

425 507 428 510 >
466 481 652 538 Altera,
686 478 842 541 tresque
848 477 976 540 fitper
990 476 1131 539 strata
1153 479 1409 524 celebrantur
1430 476 1576 523 arena.

539 545 718 609 Enfibus
741 541 909 603 exsertis
931 543 1072 588 bellica
1091 544 1203 588 laeta
1226 542 1328 587 Dea
1353 540 1422 595 est.

407 614 475 664 V.
512 613 697 660 GEan
732 605 917 654 tandem
951 605 1122 654 Nostri
1163 620 1300 668 quam
1337 604 1479 652 fuerit
1511 604 1687 654 clarum
1708 639 1725 666 ‚
1757 622 1840 654 nos
1871 606 2012 654 latere
2045 606 2215 656 noluit.
2280 609 2468 661 Ibidem

344 681 467 734 enim
491 676 555 724 vs.
579 690 631 738 7,
647 672 693 721 8.

477 744 528 791 Si
550 740 652 804 quid
674 737 730 791 {9⁹
755 739 785 784 ὰ
808 735 992 801 proavis
1013 734 1134 798 usque
1155 735 1209 797 est
1229 746 1351 784 vetus
1370 735 1562 785 Ordinis
1583 737 1768 786 haeres:

540 807 645 853 Non
667 803 782 850 modo
805 805 1014 850 Fortunae
1038 817 1203 848 munere
1216 801 1365 863 faetus
1385 802 1540 864 Eques.

348 875 485 935 Qae
510 869 710 918 totidem
737 866 833 915 fere
851 865 1028 932 syllabis
1045 867 1142 930 jam
1165 868 1394 913 cecinerat
1418 871 1583 914 Amor.
1610 867 1723 915 Lib.
1748 868 1842 916 111.
1864 867 2002 934 Eleg.
2023 885 2102 919 xv.
2127 885 2240 920 vers.
2268 877 2373 933 52⁶·

479 938 532 991 Si
553 936 657 999 quid
674 935 722 981 id
737 933 819 994 est,
853 932 974 995 usque
995 933 1024 977 ἰι
1049 932 1229 995 proavis
1248 943 1370 979 vetus
1395 932 1589 979 Ordinis
1611 933 1767 981 haeres
1781 967 1799 994 ‚

541 1003 648 1050 Non
671 1000 786 1046 modo
807 998 999 1045 militiae
1020 998 1184 1044 turbine
1193 997 1341 1060 fufius
1364 997 1535 1060 Eques.

348 1069 415 1122 Et
438 1066 552 1115 Lib.
576 1068 613 1112 I.
640 1064 714 1111 El.
746 1079 761 1110 1
780 1079 855 1110 11..
878 1077 993 1110 vers.
1018 1061 1128 1122 7‚8.
1767 1070 1793 1081 ⁰

481 1133 532 1180 Si
552 1147 615 1178 nee
638 1146 717 1177 non
738 1140 949 1176 veterum
972 1128 1255 1175 commendant
1276 1143 1445 1192 magna
1469 1139 1714 1192 parentum

550 1196 765 1243 Nomina
780 1215 798 1252 3
832 1211 902 1241 nec
925 1193 1051 1255 nostri
1058 1193 1279 1256 sttnguinis
1297 1199 1442 1241 duetor
1464 1195 1633 1256 Eques,
1670 1195 1765 1242 &ct

355 1261 467 1313 Lib.
494 1262 564 1310 ΙΙ.
588 1276 705 1308 vers.
736 1273 842 1308 110.
866 1258 922 1306 de
947 1259 1091 1305 domo
1113 1258 1201 1306 sua.

553 1327 713 1374 Parva
739 1325 898 1387 quidem
915 1327 1074 1385 periit,
1097 1324 1179 1387 sed
1185 1329 1280 1387 stne
1298 1327 1418 1385 lube,
1452 1326 1609 1373 domus.

487 1393 562 1442 Sic
584 1408 738 1455 quoque
754 1405 899 1453 parva
921 1401 1086 1449 tumen,
1123 1391 1276 1455 patrio
1298 1392 1466 1438 dicutur
1485 1402 1534 1437 ut
1556 1407 1661 1438 aevo

558 1457 756 1505 CLARA
773 1491 790 1515 ,
823 1473 892 1503 nec
914 1457 1038 1502 ullius
1059 1455 1303 1502 nobilitate
1324 1459 1486 1515 minor,
1520 1455 1615 1503 &c.

360 1519 581 1587 Denique
604 1522 715 1569 Lib.
741 1521 830 1570 IV.
853 1537 913 1568 ex
933 1522 1088 1568 Ponto
1118 1521 1193 1568 El.
1216 1537 1323 1569 V111.
1341 1536 1437 1568 ver.
1468 1535 1544 1581 17,
1562 1519 1635 1567 18.

437 1608 440 1611 ’
491 1590 574 1645 Seu
600 1604 745 1651 genus
768 1591 982 1643 excutiu53
1016 1587 1210 1650 Equites
1225 1619 1240 1644 ‚
1273 1588 1328 1632 ab
1353 1589 1504 1650 origine
1515 1583 1688 1646 primu,

554 1653 691 1715 Usque
706 1667 783 1714 per
805 1653 1072 1699 innumeros
1092 1654 1351 1699 inveniemur
1374 1667 1499 1698 avos.

358 1715 548 1778 Qubus
571 1719 719 1782 palam
746 1717 841 1777 est,
876 1717 1113 1777 Nasonem
1139 1716 1374 1770 Nostrum
1399 1733 1496 1763 non
1521 1716 1664 1764 modo
1687 1713 1903 1777 Equestris
1927 1698 2056 1763 fuisse
2079 1714 2300 1776 Ordinis9
2333 1714 2406 1763 sed
2433 1717 2482 1765 Sc
2545 1689 2547 1706 i

358 1800 418 1831 ex
443 1783 557 1842 illis,
591 1784 673 1848 qui
693 1782 754 1830 ob
779 1784 959 1856 generis
981 1780 1306 1846 antiquitatem
1330 1781 1441 1829 dieti
1461 1781 1680 1829 videntur
1694 1780 1889 1845 Equites
1909 1782 2151 1842 Splendidi,
2188 1783 2384 1844 Speciost,
2418 1783 2484 1830 Il-

2545 1782 2547 1835 ff

360 1848 505 1910 lustres
531 1852 577 1908 *ζ
611 1849 683 1895 uti
699 1849 794 1912 jam
819 1864 868 1894 in
888 1848 1078 1895 Horatii
1095 1848 1209 1895 Vita
1234 1847 1294 1908 (a)
1315 1847 1607 1907 notavimus,
1640 1847 1774 1895 simul
1796 1862 1854 1894 ex
1879 1846 2064 1895 Nostro
2089 1859 2359 1906 monentes,
2383 1846 2489 1895 hos·
2546 1852 2547 1864 ¹

358 1930 414 1962 ce
437 1913 641 1961 multum
663 1914 758 1960 aliis
780 1914 1018 1960 Fortunae
1041 1911 1118 1959 seu
1143 1912 1343 1960 Militiae
1364 1928 1556 1960 munere
1581 1911 1710 1960 factis
1733 1912 1984 1976 Equitibus
2006 1912 2332 1976 praecelluisse.
2378 1913 2486 1961 Un-

2545 1895 2547 1964 ἒ

364 1978 422 2024 de
446 1979 540 2037 est,
574 1978 702 2040 quod
725 1977 929 2025 Ovidius
953 1979 1002 2024 in
1025 1977 1265 2025 mulierem
1285 1978 1551 2039 invehitur,
1586 1994 1702 2041 quae
1729 1977 1872 2024 alium
1897 1978 2064 2025 militia
2083 1993 2232 2041 nuper
2255 1977 2311 2024 ad-
2330 1977 2490 2042 Eque-

366 2043 506 2090 strem
530 2041 762 2090 Ordinem
795 2054 1071 2106 promotum
1102 2041 1187 2106 ipfi
1219 2043 1525 2106 praetulerat,
1560 2043 1727 2091 Amor.
1753 2040 1864 2089 Lib.
1886 2042 1979 2090 III.
2005 2043 2141 2107 Eieg.
2166 2057 2277 2091 vm.
2301 2057 2416 2090 vers.
2438 2058 2491 2098 9.
2539 2062 2547 2106 ¹s

369 2107 420 2155 ἃ
438 2107 483 2155 se
550 2125 567 2152 .’

485 2123 607 2218 ςὲσσε
628 2186 785 2218 recens
807 2170 933 2218 dives
947 2205 965 2230 ‚
988 2183 1117 2233 parto
1131 2188 1210 2234 per
1232 2172 1423 2222 vulnera
1444 2174 1604 2237 Censu,

562 2235 821 2298 Praefertur
841 2238 953 2284 nobis
961 2236 1166 2300 stmguine
1180 2238 1325 2297 pallus
1347 2239 1530 2301 Eques,
1566 2239 1659 2290 &c.

371 2298 508 2362 Qiae
533 2316 646 2349 vero
672 2300 729 2348 ad
750 2301 876 2349 hunc
902 2301 1132 2350 Ordinem
1167 2300 1428 2367 spectabant
1449 2303 1557 2365 jura
1582 2301 1632 2349 &c
1654 2298 1893 2362 instituta,
1923 2299 2079 2366 plures
2099 2301 2168 2365 (b)
2185 2302 2284 2368 jarn-
2316 2300 2492 2352 docue-
2518 2297 2547 2361 'ss'

371 2381 483 2434 runt
499 2402 517 2428 ,
549 2383 635 2413 nec
659 2366 799 2429 hujus
818 2366 885 2420 est
904 2367 997 2414 loci
1021 2384 1120 2415 rem
1145 2366 1403 2414 accuratius
1425 2365 1666 2414 discutere.

436 2433 545 2491 Vl.
562 2433 700 2480 Pater
722 2431 771 2481 &
796 2433 958 2480 Mater
986 2432 1138 2481 adhuc
1171 2433 1221 2478 in
1245 2432 1364 2481 vivis
1386 2444 1515 2478 erant
1536 2448 1646 2480 cum
1672 2432 1853 2479 Noster
1876 2429 2097 2480 scriberet
2119 2432 2285 2480 Amor.
2313 2433 2422 2481 Lib.
2449 2435 2495 2487 Ι..

373 2497 450 2546 El.
480 2513 498 2545 ι
516 2512 588 2555 ῃ.
623 2497 735 2560 (vid.
756 2496 838 2544 inf.
862 2498 955 2544 An.
976 2497 1043 2545 U.
1069 2497 1129 2546 C.
1152 2512 1415 2545 Dccxxxiv.
1437 2513 1483 2544 n.
1506 2497 1618 2555 ΙΙΙ.)
1656 2497 1767 2545 Nec
1792 2512 1993 2546 mortem
2026 2496 2113 2545 nisi
2146 2511 2293 2546 aetate
2323 2497 2497 2563 prove-2?

374 2561 446 2610 &a
476 2562 720 2622 obierunt,
753 2565 883 2626 prior
915 2562 992 2609 ille
1021 2564 1116 2626 jam
1151 2563 1515 2628 nonagenarhm,
1546 2562 1652 2627 post
1682 2576 1861 2624 mater,
1891 2576 2031 2630 atque
2051 2574 2249 2630 uterque
2275 2576 2381 2612 ante
2405 2563 2494 2612 filiis·

376 2626 616 2677 exsilium:
651 2630 702 2674 T
706 2627 800 2675 rist.
823 2628 935 2676 Lib.
962 2627 1053 2675 IV.
1079 2628 1220 2692 Eleg.
1238 2643 1284 2674 x.
1309 2627 1423 2675 vers.
1437 2643 1518 2689 77.

505 2696 571 2742 Et
581 2693 682 2755 jum
702 2695 921 2754 complerat
933 2695 1095 2755 genitor
1104 2692 1190 2756 fleu
1205 2691 1341 2755 futu3
1377 2709 1625 2756 novemque

574 2760 817 2807 Addiderat
837 2757 991 2806 lustris
1009 2762 1145 2805 alteru
1169 2757 1308 2806 lustra
1331 2774 1504 2808 novem

575 2852 673 2863 -—-
706 2854 803 2863 —-
836 2824 984 2870 Matri
1001 2826 1195 2884 proximu
1205 2823 1325 2886 justu
1346 2827 1442 2872 tuli.

515 2889 665 2934 Felices
686 2891 831 2948 ambo,
865 2889 1173 2951 tempestiveque
1184 2889 1370 2952 sepulti,

580 2958 696 3000 Ante
716 2955 821 3001 diern
837 2969 991 3016 poenae
1013 2955 1121 3016 quod
1133 2956 1294 3015 periere
1321 2955 1460 3004 meae!
1497 2953 1592 3002 &c.

2396 3020 2494 3068 An-

442 3080 463 3101 *
491 3076 558 3119 De
591 3081 734 3132 quibus
764 3085 966 3125 nonnulla
997 3093 1113 3126 notat
1133 3081 1290 3136 Lipsius
1318 3083 1367 3125 ad
1394 3081 1531 3126 Tacit.
1551 3083 1704 3126 Annal.
1722 3095 1788 3129 xr.
1806 3095 1844 3127 c.
1864 3097 1904 3140 4.
1937 3095 2039 3138 quae
2065 3082 2185 3125 nobis
2208 3094 2296 3126 non
2312 3084 2496 3141 placent,

387 3129 453 3173 sed
477 3133 691 3176 confutare
713 3148 780 3186 per
804 3139 985 3180 nostrum
1010 3150 1093 3180 non
1115 3138 1208 3179 licet
1233 3137 1473 3184 institutum.

441 3188 504 3238 (a)
540 3188 632 3242 Pag.
658 3201 745 3242 ¹14·
767 3189 805 3231 ὅ(
825 3191 907 3243 seq.

443 3240 507 3291 (b)
540 3241 632 3283 Vid.
661 3242 797 3284 Rofin.
825 3244 1025 3296 Antiquit.
1048 3246 1139 3289 Lib.
1163 3246 1194 3288 1.
1215 3260 1252 3287 c.
1271 3256 1330 3299 17.
1357 3247 1459 3295 Joan
1483 3246 1638 3288 Anton.
1661 3245 1882 3288 Valtrinius
1910 3243 1958 3284 de
1980 3242 2042 3284 Re
2059 3243 2177 3285 milit.
2200 3245 2292 3287 Lib.
2307 3245 2383 3289 111.
2401 3256 2439 3291 e.
2455 3235 2496 3298 4ἷ
2537 3251 2538 3254 ’

385 3291 506 3345 Lipti.
525 3295 576 3337 de
601 3296 731 3341 Milit.
744 3297 872 3344 Rom.
887 3297 978 3342 Lib.
990 3299 1104 3346 DIal.
1116 3314 1155 3347 v.
1168 3300 1368 3347 Alexand.
1380 3303 1427 3344 ab
1439 3301 1557 3346 Alex.
1571 3300 1664 3344 Lib.
1675 3301 1728 3344 11.
1739 3313 1775 3341 c.
1790 3311 1855 3353 29.
1865 3310 1964 3341 cum
1974 3296 2115 3352 Tiraq.
2127 3297 2238 3347 Not.
2249 3299 2329 3342 ὅτε.
