2547 3708
367 164 473 231 >14s
889 132 1942 209 DEDICATs‘IONESEr

378 271 520 322 pato,
555 255 611 305 ad
638 271 716 303 eos
754 269 863 301 cum
896 250 1125 300 veteribus
1152 250 1485 314 exemplaribus
1507 250 1812 297 conferendos
1834 251 1911 298 vix
1933 249 2033 297 satis
2052 247 2157 295 fuit.
2225 245 2338 306 Qo
2360 244 2472 297 tem*-

378 326 506 388 poris
533 322 676 386 spatio
699 320 744 366 id
770 317 988 382 praestare
1010 329 1203 362 conatus
1224 315 1320 361 sum
1337 350 1352 375 ,
1387 329 1437 361 ut
1462 316 1685 362 Ovimus
1712 315 1830 378 ipse,
1865 315 2141 371 collatis,ex
2168 313 2263 373 ejus
2286 314 2472 375 praeser-
2519 319 2547 374 Ξῖ

379 388 465 434 tim
504 386 744 450 operibus,
781 381 1185 429 innumerabilibus
1220 397 1366 444 prope
1398 381 1535 437 locis,
1571 379 1634 425 sui
1668 381 1805 442 ipsius
1840 380 2064 440 interpres
2087 390 2227 438 paene
2255 377 2473 429 videatur.
2538 419 2547 427 .

370 453 524 499 'Hunc
559 453 680 497 enirn
716 449 905 494 modum
939 443 1298 505 recentioribus,
1343 447 1423 508 qui
1452 444 1633 509 judicio
1667 444 1716 489 ὃς
1746 442 1955 489 do&rina
1986 440 2475 511 excelltint,-probari

377 532 485 563 cum
519 516 725 572 videam,
762 512 925 560 fabulis
960 511 1008 557 &
1036 510 1233 556 historiis
1255 526 1349 556 non
1372 510 1553 572 prorsus
1576 504 1800 571 vulgatis,
1834 508 1965 553 brevi
1991 521 2097 552 cum
2121 508 2409 568 expolitione
2429 512 2475 558 in
2531 518 2547 560 ,’

376 580 490 627 locis
525 581 730 643 aliquot,
762 577 953 634 additis,
973 590 1208 647 ’quantum
1231 576 1278 620 in
1301 591 1374 620 me
1397 574 1513 631 fuit,
1548 573 1719 619 servare
1742 572 1908 618 studui.
1977 571 2121 634 quue
2147 569 2178 615 fi
2204 571 2352 616 minus
2378 574 2473 621 feli·
2543 580 2547 603 ³

2516 0 2547 189 l

2518 252 2547 317 “i

376 647 494 691 citer
518 642 747 701 successit,
782 655 1005 702 temporis
1038 640 1283 699 brevitati,
1318 639 1391 684 vel
1428 638 1581 701 potius
1603 638 1717 683 mihi
1742 637 1855 700 ipsi,
1890 637 1968 699 qui
1988 636 2163 697 aliquot
2185 648 2289 679 ante
2313 638 2477 688 menses
2529 642 2547 686 ’,

367 710 424 755 'in
451 712 523 771 jus
559 708 695 754 civile
727 705 1019 763 incumbere,
1054 718 1190 767 atque
1214 703 1324 750 haec
1351 703 1494 749 studia
1517 703 1849 760 intermittere,
1885 717 1941 746 ne
1963 701 2110 746 dicam
2136 699 2316 761 penitus
2339 704 2476 750 omit-

374 786 470 818 tere
505 771 857 829 constitueram,
893 783 944 815 ut
982 769 1218 832 ignoscas,
1253 766 1278 814 a
1314 781 1358 813 te
1391 768 1526 814 etiam
1561 781 1696 831 atque
1728 768 1865 813 etiam
1890 779 2014 829 peto.
2085 763 2206 810 Illud
2227 763 2378 811 saltem
2404 782 2474 814 me

372 835 672 882 consecutum
694 835 851 900 spero,
887 847 938 880 ut
964 849 1121 880 omnes
1148 833 1297 880 faffuri
1323 832 1436 891 fint,
1473 830 1610 878 hosce
1633 832 1801 890 libros,
1826 831 1957 893 plane
1978 845 2135 876 aureos
2161 829 2274 873 locis
2299 829 2472 893 aliquot

370 900 729 959 emendatiores,
769 899 1144 961 illustrioresque,
1181 914 1315 961 quam
1339 910 1442 943 ante
1467 898 1592 943 hunc
1616 897 1734 942 diem
1750 931 1765 955 ,
1789 898 1835 942 in
1866 894 2169 942 studiosorum
2195 910 2352 941 manus
2375 912 2474 958 per·
2536 915 2547 937 .-

368 965 540 1012 venire.
611 966 752 1022 Vale,
788 965 836 1010 8<
862 964 1075 1011 Latinam
1109 963 1310 1026 linguam
1336 963 1465 1008 hilari
1490 963 1671 1020 animo,
1706 974 1757 1007 ut
1781 961 2004 1024 coepisti,
2038 958 2265 1024 perdisce,
2299 975 2350 1005 ac
2374 977 2499 1007 mo·-

370 1046 439 1076 res
464 1029 731 1076 Christiano
764 1029 812 1075 ὃς
851 1028 1012 1075 illustri
1045 1043 1189 1091 puero
1216 1028 1381 1090 dignos
1407 1028 1691 1090 amplexare,
1729 1040 1780 1072 ut
1806 1025 2002 1071 familiae
2025 1038 2157 1082 tuae,
2193 1039 2304 1086 quae
2331 1041 2408 1087 per
2430 1025 2470 1073 se

367 1093 459 1157 ipsa
490 1094 590 1141 satis
627 1095 745 1141 clara
767 1094 858 1152 est,
895 1093 943 1140 &
965 1092 1170 1138 moribus
1191 1092 1238 1138 ὃς
1259 1093 1450 1156 ingenio
1478 1105 1561 1137 tuo
1585 1092 1838 1138 maximum
1860 1089 2106 1154 splendoris
2129 1088 2369 1136 cumulum
2396 1089 2469 1137 ad-

363 1160 509 1223 jicias.
578 1160 780 1208 ROMAE
802 1175 868 1205 lx.
893 1158 1349 1218 KAL.JANUAR1.=is
1375 1174 1430 1203 M.
1458 1173 1508 1203 D.
1538 1172 1694 1202 Lxxx.

1177 1287 1220 1334 E
1246 1286 1277 1346 J
1311 1286 1358 1333 U
1397 1287 1426 1333 S
1464 1287 1511 1332 D
1548 1285 1590 1331 E
1628 1285 1685 1331 M

938 1405 993 1452 In
1021 1406 1076 1451 P.
1098 1404 1252 1450 Ovidii
1271 1400 1456 1464 Nasonis
1475 1401 1615 1448 libros
1639 1399 1694 1446 de
1717 1402 1889 1448 Ponto⁴

554 1523 942 1576 CAESARI
1023 1519 1479 1575 RANALDO
1557 1518 2137 1574 RADJANENSI
2215 1522 2265 1573 S.

361 1649 578 1758 NOn
599 1649 765 1696 dubito
799 1649 909 1711 quin
944 1649 1187 1714 prudentes
1220 1663 1378 1695 omnes
1403 1647 1488 1695 viri
1514 1647 1604 1692 hoc
1630 1661 1783 1692 meum
1810 1645 1897 1693 {int
1921 1645 2161 1692 confilium
2192 1645 2458 1708 probaturi,

518 1714 641 1777 quod
677 1730 768 1787 ego
804 1714 949 1760 homo
975 1715 1193 1776 Pelignus
1215 1713 1459 1775 Pelignum
1484 1724 1634 1758 vatem
1664 1711 1858 1773 Peligno
1879 1709 2218 1757 adolescentulo
2245 1709 2462 1757 dedican-
2530 1711 2533 1727 '

362 1775 471 1822 dum
499 1777 763 1825 censuerim.
833 1779 1005 1841 Neque
1027 1781 1151 1825 enim
1174 1778 1422 1841 quidquam
1446 1778 1593 1839 aptius
1615 1775 2010 1838 opportuniusque
2034 1776 2125 1820 lioc
2149 1787 2359 1836 tempore
2382 1791 2461 1838 pe·
2531 1809 2533 1830 2

361 1857 439 1887 nes
476 1858 548 1888 me
572 1855 699 1903 erat,
732 1842 855 1907 quod
886 1844 1001 1901 tibi,
1036 1845 1114 1906 qui
1139 1860 1231 1889 non
1257 1843 1537 1887 mediocrem
1567 1842 1757 1886 Latinae
1779 1841 1961 1903 linguae
1986 1840 2336 1902 intelligentiam
2359 1841 2462 1886 ade·
2531 1834 2534 1884 ἓ

360 1918 467 1968 ptus
499 1923 569 1964 es,
603 1910 950 1970 carminumque
984 1910 1132 1971 legem
1165 1907 1335 1953 discere
1372 1907 1416 1951 in
1452 1908 1604 1953 animo
1633 1904 1794 1962 habes,
1828 1904 1996 1951 offerre
2025 1903 2211 1967 possem.
2280 1905 2479 1967 Accipe⁴
2531 1914 2533 1923 ⁴

360 1971 505 2034 igitur
539 1987 615 2019 eos
637 1975 817 2020 Ovmii
839 1973 1007 2031 libros,
1042 1989 1156 2035 quos
1177 1973 1234 2017 de
1256 1970 1417 2017 'Ponto
1442 1969 1468 2016 a
1489 1971 1595 2015 loco
1615 1970 1861 2031 appellavit
1876 2003 1890 2027 ,
1927 1967 1953 2014 a
1977 1985 2049 2014 me
2075 1982 2282 2025 veterum
2304 1986 2459 2015 exem-

359 2035 554 2098 plarium
591 2053 681 2101 ope
713 2037 1006 2095 emendatos,
1042 2038 1090 2083 &
1128 2033 1520 2082 observationibus
1552 2034 1806 2079 illustratos.
1875 2033 2034 2090 Quem
2070 2034 2268 2079 laborem
2307 2049 2388 2096 per
2414 2035 2460 2081 id

359 2100 581 2161 temporis
602 2103 823 2163 spatium,
859 2119 950 2164 quo
988 2102 1200 2164 legalium
1235 2100 1486 2146 lestionum
1522 2101 1780 2144 vacationes
1812 2097 2028 2160 publice,
2062 2098 2367 2160 privatimque
2388 2100 2459 2145 in-

359 2162 506 2209 dffikae
527 2178 681 2222 erant,
716 2166 764 2211 &
786 2164 811 2211 a
837 2166 1057 2228 plerisque
1093 2171 1174 2226 (ut
1198 2181 1294 2210 mos
1317 2164 1400 2218 est)
1434 2166 1574 2227 genio
1598 2162 1949 2224 indulgebatur,
1983 2161 2205 2207 sexcentis
2228 2160 2458 2210 distristus

359 2227 561 2289 negotiis
591 2229 819 2290 aggressus
854 2230 907 2274 ad
945 2230 1220 2275 umbilicum
1258 2227 1452 2274 deduxi>
1510 2228 1585 2272 De
1612 2229 1805 2273 Ovruio
1840 2240 1990 2270 autem
2025 2224 2152 2287 ipsO,
2187 2225 2335 2288 deque
2360 2219 2477 2288 ejus

359 2290 406 2336 in
437 2292 685 2353 pangendis
717 2294 990 2339 carminibus
1021 2295 1266 2351 felicitate,
1303 2306 1415 2354 quae
1448 2292 1495 2335 in
1528 2305 1583 2335 eo
1611 2291 1799 2335 Natura
1829 2303 1978 2334 rerum
2014 2292 2223 2335 omnium
2250 2292 2460 2353 magistra

358 2354 608 2417 adjutrice,
647 2355 844 2402 mirifice
865 2358 1035 2415 eluxit,
1071 2358 1181 2419 quid
1204 2358 1281 2403 hic
1306 2351 1700 2401 commemorem?
1735 2353 1843 2413 quid
1871 2352 1924 2397 de
1947 2354 2193 2411 facilitate,
2210 2371 2298 2417 qua
2324 2356 2455 2418 quid-

358 2419 466 2481 quid
502 2420 653 2466 dicere
687 2422 914 2479 tentavit,
948 2421 1174 2479 dilucide,
1210 2436 1349 2483 pure,
1385 2432 1543 2464 ornate
1579 2415 1856 2481 copioseque
1887 2418 2129 2480 expreffit,
2163 2421 2455 2479 enunciavit,

360 2483 408 2529 δί
436 2499 528 2540 quo
551 2484 700 2530 voluit
723 2484 938 2530 inflexit?
971 2485 1079 2546 quil
1104 2490 1159 2529 de
1182 2485 1426 2530 Pathetico
1450 2498 1645 2545 genere,
1662 2483 1705 2526 in
1732 2495 1824 2542 quo
1851 2484 2059 2528 omnium
2083 2484 2281 2529 maxime
2304 2485 2456 2531 excel-

359 2546 479 2592 luit?
514 2547 624 2610 quid
657 2550 713 2594 de
745 2549 939 2604 crebris,
974 2547 1137 2610 quibus
1170 2547 1268 2594 usus
1305 2547 1395 2605 est,
1429 2547 1688 2603 sententiiS,
1723 2561 1828 2606 quas
1849 2545 2021 2592 summa
2047 2562 2154 2592 cum
2179 2547 2454 2595 dexteritate

360 2610 410 2661 &
443 2612 668 2674 elegantia
701 2611 980 2674 explicavit?
1018 2613 1120 2658 Hos
1155 2628 1265 2658 vero
1299 2612 1466 2668 libros,
1503 2612 1549 2656 in
1579 2609 1741 2672 quibus
1776 2610 1893 2656 nihil
1929 2625 2094 2673 turpe,
2130 2612 2243 2658 nihil
2263 2612 2454 2659 obscoe-

359 2691 467 2723 num
491 2675 799 2738 deprehendes
835 2683 850 2732 ζ
864 2692 950 2739 qua
972 2677 1145 2723 utinam
1171 2676 1267 2722 labe
1288 2677 1372 2722 alia
1398 2675 1591 2721 aliorum
1612 2673 1848 2720 au&orum
1872 2691 2009 2739 opera
2035 2678 2267 2732 carerent)
2303 2676 2335 2724 fi
2360 2677 2453 2724 stu-

359 2739 481 2786 diose
513 2740 663 2803 leges,
697 2741 887 2787 confido
921 2743 1050 2799 fore,
1086 2753 1138 2788 ut
1173 2741 1300 2787 brevi
1325 2756 1431 2786 cum
1457 2740 1645 2802 ingenio
1683 2737 1780 2785 satis
1802 2754 1969 2799 acuto,
2004 2757 2098 2802 quo
2132 2740 2359 2804 praeditus
2383 2757 2453 2802 es,

359 2817 459 2855 turn
485 2805 554 2853 tui
580 2806 756 2867 patrui,
790 2805 875 2851 viri
899 2804 1054 2863 doeh,
1089 2806 1235 2867 deque
1261 2820 1333 2851 me
1358 2804 1535 2866 optime
1559 2804 1740 2862 meriti,
1775 2804 2075 2851 FREDERICI
2104 2821 2349 2853 RANALD1
2373 2823 2451 2853 au-

358 2869 474 2917 Xilio
490 2902 504 2926 ,
540 2871 617 2933 qui
642 2869 780 2915 animi
805 2869 932 2917 causa
951 2869 1190 2916 subsecivis
1214 2869 1339 2916 horis
1361 2869 1475 2926 tibi,
1512 2867 1558 2914 ἃ
1582 2868 1781 2914 Aemilio
1809 2869 1965 2915 Florio
1981 2871 2172 2928 ,amitae
2192 2883 2296 2916 tuae
2323 2870 2451 2929 filio,

360 2933 592 2981 interdum
628 2949 813 2996 operam
853 2934 957 2980 dare
988 2933 1127 2992 solet,
1162 2950 1257 2980 non
1280 2950 1441 2996 parvos
1464 2933 1512 2978 in
1538 2932 1725 2994 poetica
1743 2932 1960 2981 facultate
1982 2933 2212 2997 proceffus
2233 2933 2286 2981 fis
2309 2934 2452 2983 facitu·

359 3011 449 3044 rus.
517 2997 647 3045 Vale.
680 2999 866 3046 Rornae
892 3015 958 3048 iv.
982 2997 1049 3045 ld.
1074 2999 1220 3047 Mart.
1254 3015 1312 3047 M.
1338 3015 1389 3047 D.
1413 3013 1564 3046 Lxxx.

2271 3295 2449 3359 EJUS-
