2547 3708
733 179 841 236 vP.
917 172 1330 234 OVIDII

1405 171 1938 232 NASONIS

583 277 661 335 Ut
689 280 780 352 qui
807 278 1074 352 perfusam
1106 275 1422 332 miserorum
1450 276 1602 348 saepe
1632 291 1927 346 procorum

441 371 544 423 370

657 355 768 426 Ipse
797 355 891 407 suo
917 351 1104 407 melius
1129 351 1378 421 sanguine
1404 350 1559 403 tinxit
1584 349 1825 404 humum.

591 425 847 482 Proditor
876 438 934 481 ut
961 424 1099 479 saevi
1124 423 1280 495 periit
1305 421 1487 494 auriga
1515 421 1755 494 tyranni,

287 690 403 732 rupto
422 681 522 732 prius
543 677 703 728 Myrtilo
735 675 927 715 Oenomai
946 673 1108 723 Auriga,
1136 672 1240 723 cujus
1256 681 1334 712 arte

291 734 414 773 victor
444 732 575 780 Pelops
599 731 845 768 Oenomaum
881 728 918 765 in
950 738 998 764 eo
1032 725 1109 774 ipso
1132 724 1244 769 loco,
1275 725 1336 764 ubi

291 785 412 823 victos
443 783 580 820 Procos
610 781 790 830 perimere
824 777 1064 816 consueverat
1089 805 1098 821 ‚
1137 777 1335 814 interfecit.

290 836 491 885 Myrtilum
515 841 638 870 autem
660 829 871 868 mercedem
903 827 1124 877 proditionis
1143 827 1337 876 reposcen-

294 893 371 924 tem
397 883 416 922 ὲ
446 883 621 921 Geraesto
653 882 691 920 in
725 892 824 919 mare
856 880 1109 928 praecipitavit
1131 905 1141 922 ,
1171 878 1275 928 quod
1294 877 1339 914 ab

292 948 342 975 eo
364 937 562 984 Myrtoum
588 944 686 971 mare
711 932 996 970 denominatum
1023 929 1083 967 est.
1135 929 1191 966 Ex
1206 928 1339 967 Pinda-

294 998 339 1025 ro
355 988 393 1024 in
409 986 644 1034 Olympicis,
674 983 849 1021 Diodoro
883 982 1005 1020 Siculo
1030 981 1091 1018 lib.
1112 991 1167 1018 iv,
1204 979 1340 1017 Phere-

295 1038 392 1087 cyde
412 1037 508 1085 apud
525 1035 718 1083 Apollonii
742 1032 961 1071 Scholiasten
991 1032 1052 1070 lib.
1073 1044 1100 1068 1.
1129 1031 1340 1079 Argonaut.

297 1087 477 1126 Pausania
493 1089 529 1125 in
553 1088 680 1124 Eliacis
694 1084 965 1134 posterioribus.
1018 1080 1235 1119 Philostrato
1248 1082 1284 1119 in
1306 1081 1342 1119 1-

297 1140 451 1178 conibus
465 1166 474 1182 ‚
503 1137 661 1186 Hygino
692 1148 771 1184 cap.
790 1134 854 1184 48.
883 1136 946 1184 qui
968 1145 1046 1171 rem
1060 1134 1161 1170 varie
1183 1141 1341 1171 narrant.

297 1190 371 1228 Sed
394 1191 430 1227 ὃ(
448 1188 635 1236 proditum
660 1187 708 1225 est
735 1186 755 1224 a
775 1185 960 1224 nonnullis
982 1185 1230 1222 Oenomaum
1254 1183 1273 1220 a
1299 1182 1343 1220 fi-

296 1241 367 1279 liae
398 1240 533 1288 nuptiis
560 1239 646 1277 ideo
676 1239 811 1275 Procos
841 1233 1050 1274 deterruiffe
1073 1262 1083 1279 ‚
1121 1234 1225 1283 quod
1244 1234 1342 1273 illam

296 1291 373 1339 ipse
396 1291 588 1340 deperiret.
641 1289 698 1328 Sic
717 1290 819 1327 enim
840 1287 1026 1326 Lucianus
1042 1287 1079 1324 in
1094 1285 1322 1324 Charidemo
1336 1313 1347 1330 ,

297 1342 520 1380 Tzetzesin
536 1342 845 1390 Lycophronern.
898 1339 1002 1387 Quin
1036 1338 1148 1375 etiam
1174 1338 1347 1387 Hyginus

299 1393 374 1431 fab.
391 1404 478 1442 253.
516 1392 812 1440 Hippodamiam
840 1389 1108 1427 recensetinter
1131 1399 1215 1432 eas,
1252 1399 1349 1436 quae

302 1452 430 1482 contra
457 1445 508 1482 fas
532 1443 825 1481 concubuerunt.
877 1440 1076 1478 Caeterum
1104 1440 1254 1476 monuit
1287 1451 1350 1477 me

299 1495 482 1532 Nicolaus
505 1494 698 1539 Heinsius,
730 1490 1160 1539 Davidisfilius‚juvenis
1174 1488 1354 1539 praestan-

299 1546 456 1584 tiffimus
471 1545 721 1590 ,scribendum
738 1545 810 1582 hoc
823 1541 1074 1590 loco‚fastigia
1097 1542 1233 1588 Pisaeae
1242 1541 1349 1587 foris,

302 1596 478 1645 gignendi
501 1596 581 1635 casu
607 1595 777 1644 singulari
798 1623 809 1640 ,
848 1593 1047 1644 quomodo
1069 1591 1168 1641 apud
1185 1591 1349 1631 eundem

305 1647 504 1686 Ovidium:

357 1718 523 1766 Constitit
541 1717 589 1754 ad
606 1718 763 1766 geminae
784 1716 911 1754 limina
929 1715 1044 1764 prima
1066 1713 1171 1762 foris.

304 1779 419 1829 Apud
461 1781 662 1819 Horatium
702 1780 821 1827 Satyr.
846 1790 882 1817 2.
917 1778 980 1817 lib.
1008 1791 1034 1815 1.
1078 1776 1244 1826 Exclusus
1266 1778 1354 1824 fhre.

307 1842 403 1879 quae
425 1831 542 1869 dictio
561 1832 692 1868 Plauto
706 1859 717 1876 ,
745 1830 934 1877 Terentio
949 1857 959 1873 ,
987 1828 1126 1878 ipsique
1147 1827 1262 1865 Livio
1286 1827 1357 1865 uii-

309 1890 397 1919 tata.
452 1883 555 1920 Hinc
578 1891 704 1920 autem
726 1880 844 1924 dicia,
873 1879 974 1929 quod
997 1879 1094 1927 apud
1115 1887 1257 1916 veteres
1277 1880 1357 1916 Ro-

307 1944 442 1971 manos
467 1933 602 1980 januae
634 1933 756 1977 foras,
780 1944 857 1969 non
882 1932 979 1968 intro
1005 1929 1287 1978 aperiebantur,
1315 1938 1355 1967 ut

309 1983 431 2021 scribit
443 1983 588 2020 Servius
599 1983 642 2020 ad
657 1983 759 2020 illum
783 1982 927 2029 Virgilii
942 1981 1068 2018 locum
1081 1980 1140 2017 lib.
1165 1992 1193 2017 1.
1209 1979 1357 2018 AEneid.

301 2032 439 2081 firibus
459 2033 560 2070 cardo
574 2032 743 2080 stridebat
763 2031 895 2068 ahenis.
950 2033 1178 2078 Quanquam
1201 2042 1280 2068 non
1300 2030 1359 2067 in-

312 2086 500 2122 concinne
529 2084 600 2132 legi
630 2083 737 2131 possit
767 2090 807 2120 ut
840 2080 1022 2118 editiones
1052 2080 1195 2129 aliquae
1216 2081 1358 2128 praefe-

311 2143 421 2178 runt,
448 2147 592 2184 quorum
609 2161 619 2177 ,
639 2132 814 2180 fastidia,
842 2132 967 2169 vultus
1011 2130 1095 2167 olim
1129 2132 1266 2179 Pisaeae
1296 2132 1360 2180 su-

305 2184 458 2232 flimcere
470 2185 573 2230 fores.
608 2185 696 2221 Hoc
709 2183 781 2226 est,
809 2193 971 2230 quorum
996 2183 1116 2218 vultus
1143 2183 1180 2219 in
1200 2181 1358 2219 aliorum

314 2235 501 2273 fastidium
525 2234 623 2272 Pisae
646 2234 784 2272 foribus
807 2232 904 2270 affixi
926 2231 1059 2268 effent:
1089 2231 1224 2268 eodem
1248 2232 1363 2268 nimi-

315 2297 397 2323 rum
422 2285 755 2336 loquendimodo,
782 2296 859 2334 quo
871 2283 1041 2332 Papinius
1068 2282 1196 2321 lib·1v.
1224 2281 1363 2330 Sylvar.

316 2336 363 2375 ad
384 2336 601 2374 Marcellum
625 2336 704 2374 usus
720 2335 783 2373 est:

705 2399 793 2436 cedit
816 2397 881 2435 tibi
896 2398 1007 2446 gloria
1021 2396 1091 2444 fidi

367 2448 506 2496 Theseos
530 2460 571 2488 cy·
594 2449 748 2486 lacerum
762 2478 772 2494 ‚
802 2449 862 2498 qui
884 2450 973 2485 circa
996 2447 1130 2485 moenia
1153 2448 1268 2496 Trojae

369 2500 588 2537 Priamidem
613 2529 622 2545 ,
651 2504 745 2548 caeso
774 2500 906 2548 solatia
934 2499 1049 2536 traxit
1068 2498 1190 2534 amico.

318 2567 363 2607 ld
384 2569 454 2615 est,
482 2572 544 2620 qui
566 2573 601 2608 in
617 2573 785 2611 solatium
808 2571 898 2610 caefi
919 2572 1028 2609 amici
1042 2571 1207 2609 Hectora
1229 2572 1365 2609 circum

321 2619 467 2670 Trojae
489 2623 638 2660 moenia
661 2625 828 2671 raptavit.
857 2624 1028 2661 SALVAG.

376 2676 460 2719 367.
490 2675 648 2720 Quarum
663 2675 809 2722 fastigia
829 2673 993 2723 valum]
1024 2673 1082 2711 Sic
1112 2673 1148 2710 in
1177 2672 1238 2711 lib.
1261 2674 1367 2711 Vati-

324 2732 419 2807 ἕως)
435 2751 444 2767 ,
475 2725 512 2761 &
535 2724 639 2762 Maff.
652 2725 694 2762 ln
717 2726 794 2763 aliis
809 2753 818 2770 ,
835 2727 983 2773 projecta
1007 2725 1183 2762 cadavera
1205 2738 1366 2774 qaorum.

364 2784 498 2810 toran.

378 2823 459 2869 368.
489 2824 583 2861 Olim
608 2825 773 2876 Pisaeae]
805 2826 928 2873 Lege,
949 2824 1053 2872 foris,
1066 2833 1104 2862 ut
1123 2825 1163 2863 fit
1184 2827 1367 2875 genitivus

326 2870 520 2927 singularis.
551 2876 650 2914 Nam
671 2877 784 2921 foris,
804 2878 941 2923 forem,
981 2878 1017 2913 ὅ(
1048 2879 1120 2920 [ore
1151 2878 1248 2924 apud
1273 2877 1368 2914 Ovi·

328 2922 431 2961 dium
468 2924 633 2973 fingulari
663 2938 822 2965 numero
843 2928 1029 2975 reperitur.
1058 2935 1097 2964 ut
1122 2928 1158 2965 in
1182 2927 1341 2966 Medea:

379 3003 545 3050 Constitit
565 3005 611 3040 ad
631 3006 786 3053 geminae
809 3006 937 3043 limina
955 3007 1071 3054 prima
1086 3008 1186 3054 foris.

332 3074 431 3112 Inxx.
458 3069 502 3107 de
524 3070 646 3107 Ponto
669 3070 711 3106 ad
731 3069 989 3108 Messalinum:

385 3139 458 3170 Nec
480 3132 629 3181 rigidum
653 3132 786 3168 timidic
809 3133 947 3171 vocibus
971 3133 1051 3172 obde
1064 3135 1192 3181 forem.

333 3197 382 3236 Et
405 3208 439 3234 11
464 3195 595 3232 Pastor.

385 3261 501 3311 Custos
522 3261 558 3301 in
570 3262 646 3309 sore
668 3260 786 3299 nullus
798 3271 884 3300 erat.

2310 499 2422 575 Qui

1390 672 1472 713 Erit
1494 680 1620 712 autem
1641 673 1758 713 ordo:
1787 673 1909 713 vultus
1930 685 2090 724 quorum
2105 675 2238 725 fastigia
2255 677 2340 717 foris
2356 706 2365 722 ‚
2391 678 2430 718 id

1392 726 1443 765 est
1457 733 1584 774 portae
1601 753 1611 769 ‚
1627 725 1750 764 Piseae
1769 725 1977 764 sustinuere.
1994 738 2078 763 nam
2100 727 2221 764 vulcus
2241 730 2432 770 accusandi

1391 783 1505 821 caius,
1518 779 1740 826 numerique
1759 777 1901 825 pluralis
1916 807 1925 820 ‚
1952 778 2088 826 fastigia
2105 778 2183 814 sunt
2199 782 2433 821 nominandi.

1395 831 1548 868 CousT.
1576 827 1748 865 Faunus.
1786 828 1826 865 In
1856 828 1933 865 aliis
1961 829 2133 876 impreffis
2160 857 2169 872 ‚
2208 836 2344 882 Oraque
2374 834 2436 870 Pi-

1392 883 1500 929 saeae.
1538 877 1581 916 In
1605 879 1786 916 veteribus
1817 890 1905 916 vero
1934 879 2064 925 libris,
2101 880 2251 918 Brachia
2284 884 2434 932 Pisaeae.

1397 932 1568 969 CIOFAN.
1596 930 1707 968 Multi
1733 941 1778 967 ex
1797 930 1975 980 antiquis:

1626 1003 1786 1049 ⁴§beorum
1798 1003 1939 1051 fastigia
1962 1003 2086 1041 vultus

1451 1053 1547 1091 Olim
1568 1052 1704 1101 Pisaeae
1720 1052 1908 1103 sustinuere
1919 1056 2022 1100 fhres.

1396 1120 1539 1165 Recie‚
1575 1119 1599 1157 fi
1622 1132 1706 1158 cum
1737 1119 1969 1158 Menteliano
2000 1121 2038 1158 δε
2066 1120 2273 1160 Constantii
2308 1123 2439 1162 codice

1385 1172 1478 1216 feris
1498 1182 1666 1218 reponas.
1717 1171 1828 1208 Poffit
1848 1182 1914 1219 pro
1928 1170 2024 1207 Olim
2038 1199 2046 1214 ‚
2077 1180 2138 1210 aut
2149 1178 2287 1223 Oraque
2301 1201 2309 1216 ‚
2325 1176 2438 1213 etiam

1397 1222 1468 1271 legi
1486 1250 1496 1266 ‚
1509 1221 1664 1271 Ossaque.
1686 1222 1832 1259 Heius.
1846 1221 1994 1258 Brachia
2008 1223 2135 1268 Jureti‚
2147 1223 2319 1264 Francos.
2331 1226 2369 1263 &
2381 1226 2441 1264 sex

1402 1273 1610 1311 alii.durior
1628 1280 1752 1310 autem
1767 1272 1911 1311 videtur
1922 1274 2012 1310 mihi
2032 1274 2174 1310 locutio
2192 1275 2329 1324 fastigia
2347 1277 2444 1318 soris.

1403 1324 1462 1362 sed
1475 1351 1486 1368 ‚
1517 1323 1698 1373 quidquid
1712 1323 1754 1361 fit
1767 1351 1777 1367 ‚
1791 1324 1928 1362 indicat
1942 1352 1951 1368 ,
1968 1324 2212 1362 Oenomaum
2232 1326 2442 1365 occisorum

1405 1383 1537 1423 caput,
1566 1374 1708 1412 brachia
1739 1375 1777 1412 &
1806 1375 1871 1413 alia
1895 1374 2059 1412 membra
2092 1376 2228 1413 foribus
2260 1375 2440 1423 adfixisse,

1407 1435 1447 1465 ut
1465 1425 1629 1464 solebant
1649 1427 1832 1464 immanes
1854 1425 2040 1475 Tyranni.
2073 1438 2087 1462 1
2111 1425 2298 1475 Fast.557.

1460 1499 1532 1531 Ora
1548 1494 1647 1544 super
1663 1493 1769 1543 postes
1791 1492 1979 1543 adfixaque
2003 1491 2145 1530 brachia
2162 1492 2326 1541 pendent.

1406 1569 1489 1608 Val.
1510 1569 1608 1609 Flac.
1631 1582 1685 1609 xv.
1700 1569 1784 1608 181.

1890 1635 1981 1673 Hinc
2002 1643 2129 1672 trunca
2152 1631 2276 1672 rotatis

1460 1687 1613 1727 Brachia
1633 1697 1737 1739 rapta
1755 1687 1844 1726 viris
1862 1688 1934 1726 &c.

1409 1754 1538 1793 Ubi&
1560 1755 1637 1805 offa
1658 1767 1749 1793 tetra
1765 1755 1849 1804 ficu.
1869 1756 2007 1793 Procos
2017 1751 2298 1802 Hippodamiae
2312 1752 2457 1791 occisos

1412 1805 1575 1844 recenset
1599 1807 1813 1845 Scholiastes
1833 1806 1979 1844 Pindari
2011 1804 2055 1842 ad
2087 1803 2249 1851 xOlyin.
2276 1815 2355 1850 ¹27·
2391 1804 2454 1842 ubi

1411 1856 1591 1894 tredecim
1615 1856 1718 1896 fuisse
1744 1857 1832 1895 dicit
1854 1885 1864 1902 ,
1904 1862 2149 1895 annumerato
2181 1854 2318 1902 Pelope
2343 1882 2354 1899 ‚
2390 1854 2456 1903 qui

1412 1907 1536 1946 evalit.
1550 1908 1649 1946 unde
1670 1908 1870 1946 duodecim
1891 1908 1976 1946 facit
1989 1908 2123 1945 Tzetz.
2150 1904 2194 1941 ad
2210 1906 2457 1953 Lycophron.

1416 1960 1496 2007 156.
1531 1959 1657 2007 Steph.
1686 1960 1723 1996 in
1751 1959 1908 2000 Αλῆσιος
1940 1957 2092 1995 Alesum
2116 1959 2228 1993 etiam
2259 1957 2461 2003 nominat,

1413 2009 1476 2058 qui
1495 2021 1514 2046 a
1535 2009 1732 2047 Scholiaste
1752 2021 1830 2047 non
1855 2010 2070 2047 nominatur
2094 2034 2105 2052 ,
2142 2005 2208 2043 nisi
2237 2006 2278 2044 sit
2298 2008 2456 2053 Λάσιος,

1415 2070 1529 2108 quem
1548 2060 1608 2097 ille
1638 2061 1760 2097 refert.
1812 2060 1940 2098 Euam.

1469 2111 1553 2159 369.
1582 2110 1920 2160 thuiperfusam.]
1950 2108 2458 2158 TangitOenomaum,qui

1417 2160 1632 2199 interfecius
1660 2162 1708 2198 est
1729 2161 1749 2198 a
1774 2162 1923 2208 Pelope.
1973 2160 2218 2197 INTERPREs.
2246 2159 2455 2197 Tredecim

1417 2222 1550 2257 procos
1570 2210 1783 2247 interfectos
1806 2211 1850 2247 ab
1873 2211 2077 2248 Oenomao
2091 2211 2301 2258 priusquam
2325 2209 2461 2248 infidiis

1418 2260 1696 2308 Hippodamiae
1720 2260 2120 2309 &Myrtilidevolutus
2142 2271 2247 2297 curru
2271 2262 2460 2306 interiret,

1417 2311 1590 2349 Pindarus
1624 2313 1832 2349 memoriae
1861 2311 1994 2355 tradit,
2030 2311 2118 2349 teste
2140 2310 2333 2358 Apollonii
2354 2323 2461 2349 com·-

1420 2363 1604 2399 mentario
1626 2364 1661 2399 in
1685 2363 1861 2410 primum.
1912 2362 1983 2400 Sed
2005 2361 2093 2400 illud
2112 2362 2318 2399 notandum
2334 2362 2459 2411 ,quod

1416 2424 1548 2450 omnes
1562 2414 1722 2451 Martem
1737 2414 1928 2451 Oenomai
1938 2422 2075 2461 patrem
2089 2413 2385 2455 dicant‚matrem
2399 2425 2463 2452 au-

1417 2472 1493 2501 tern
1508 2464 1566 2501 alii
1581 2464 1882 2512 Aeginamnsopi
1897 2464 2021 2502 filiam:
2035 2464 2095 2501 alii
2108 2465 2310 2511 Harpinam
2322 2463 2460 2502 eodem
2529 2491 2532 2497 .

1422 2516 1584 2563 genitam
1609 2528 1617 2552 ε
1647 2515 1706 2552 alii
1737 2515 1956 2563 Eurythoen
1989 2515 2122 2552 Danao
2167 2522 2289 2552 natam
2322 2516 2463 2553 faciunt

1425 2566 1577 2602 Cousvr.
1597 2565 1692 2603 Fau.
1732 2568 1954 2604 Oenomaus
1970 2565 2140 2602 Alxionis
2156 2564 2231 2606 ,vel
2247 2592 2256 2608 ,
2269 2571 2308 2602 ut
2320 2564 2379 2601 alii
2393 2576 2466 2603 vo·

1422 2615 1502 2653 lunt
1517 2644 1526 2659 ‚
1541 2616 1717 2654 Martis&
1749 2617 1937 2665 Harpinae
1957 2614 2382 2661 filiusaPelopeoccisus
2401 2645 2409 2659 ,
2423 2626 2464 2655 ut

1423 2667 1592 2714 scriptum
1632 2667 1777 2715 reliquit
1803 2667 2000 2705 Pausanias·
2028 2667 2063 2703 in
2105 2665 2239 2702 Eliacis
2269 2667 2462 2714 prioribus.

1424 2719 1649 2766 Quanquam
1681 2718 1870 2755 Diodorus
1899 2718 1985 2754 loco
1998 2715 2099 2765 supra
2118 2716 2268 2753 laudato
2291 2744 2302 2760 ,
2341 2727 2461 2756 narrat

1422 2769 1539 2815 ipsum
1562 2768 1622 2805 fibi
1649 2777 1808 2806 mortem
1831 2766 2054 2806 consciviffe.
2109 2766 2307 2804 SALVAGN.
2334 2770 2461 2815 Prosu-

1415 2820 1496 2866 sam
1515 2827 1585 2856 tres
1604 2818 1693 2856 libri.

1480 2869 1563 2916 369.
1593 2868 1799 2914 Miserarum
1824 2869 1923 2905 caede
1940 2867 2155 2918 procorum]
2185 2874 2282 2916 Saepe
2305 2869 2461 2908 Mentel.

1427 2922 1464 2959 ὅ(
1494 2922 1659 2968 quinque
1686 2919 1756 2958 alii.
1793 2920 2009 2957 miserorum
2058 2931 2256 2966 procorum
2288 2918 2462 2967 sanguine

1426 2971 1618 3021 perfusam.
1648 2980 1686 3007 ut
1707 2971 1951 3008 Oenomaum
1973 2970 2160 3019 intelligat.
2217 2970 2362 3007 Heius.
2385 2978 2464 3009 Sae-

1421 3033 1462 3072 pe
1485 3022 1593 3058 etiam
1615 3021 1783 3059 Francof.

1485 3081 1569 3120 371.
1597 3072 1756 3108 Proditor
1779 3082 1817 3108 ut
1832 3071 1973 3121 saevi.]
2004 3070 2045 3108 Id
2075 3069 2122 3107 est
2157 3071 2328 3118 Myrtilus
2351 3070 2372 3109 ὲ
2394 3072 2463 3110 Pe-

1428 3123 1515 3170 lope
1545 3122 1581 3159 in
1609 3134 1708 3159 mare
1738 3125 2002 3171 praecipitatus.
2055 3120 2299 3160 INTERPRES.
2328 3124 2467 3172 Myrti-

1429 3173 1484 3210 lus
1504 3173 1678 3210 Mercurii
1700 3173 1791 3210 filius
1805 3175 1975 3210 omniurn
1998 3171 2172 3208 consensu
2195 3172 2349 3211 dicitur:
2379 3175 2466 3211 Ma-

1429 3233 1522 3260 trem
1551 3231 1673 3261 autem
1706 3224 1764 3261 alii
1797 3222 2006 3261 Phaetusam
2034 3222 2152 3259 Danai
2179 3222 2288 3260 filiam
2325 3224 2359 3261 ei
2386 3225 2465 3262 affi-

1428 3282 1553 3323 gnant.
1592 3275 1651 3315 alii
1672 3275 1801 3325 Myrto
1819 3301 1831 3319 ,
1868 3284 1981 3313 unam
2015 3284 2060 3313 ex
2100 3273 2354 3313 Amazonibus
2377 3302 2389 3319 ,
2406 3283 2463 3362 stut

2367 3332 2403 3363 te
2434 3335 2464 3363 ts
