2547 3708
252 96 322 145 26

769 94 829 149 P.
903 84 1324 147 OVIDII
1399 85 1937 147 NASONIS

415 212 482 263 45
560 193 737 250 Prima
762 193 982 266 quidem
1007 203 1208 262 coepto
1235 190 1571 246 committam
1602 193 1802 261 proelia
1828 195 2007 252 versu:

637 266 761 320 Non
791 267 990 320 soleant
1014 264 1254 338 quamvis
1279 264 1384 319 hoc
1414 264 1550 334 pede
1579 264 1709 318 bella
1733 268 1863 335 geri.

570 337 755 409 thue
780 340 913 408 petit
943 339 1118 409 primo
1143 337 1357 409 plenum
1388 336 1632 390 flaventis
1660 354 1848 392 arenae

637 412 897 466 Nondum
927 410 1129 466 calfacti
1155 410 1328 466 velitis
1350 408 1486 464 hasta
1515 409 1714 474 solum;

565 483 651 539 Sic
679 501 783 554 ego
809 497 862 539 te
890 483 1034 539 ferro
1059 483 1303 538 nondum
1326 482 1595 552 jaculabor
1625 496 1811 538 acuto:

419 576 486 625 50

272 760 371 809 peti,
399 770 476 797 non
500 760 588 798 item
621 759 664 797 ab
695 759 770 799 aliis
792 759 1036 800 animantibus
1054 787 1064 805 ,
1092 771 1187 808 quae
1207 771 1315 798 carne

272 811 489 855 vescuntur,
518 820 558 849 ut
577 812 686 849 refert
711 812 825 858 Julius
854 813 1011 861 Scaliger
1040 811 1207 849 adversus
1227 814 1316 849 Car·

273 861 409 899 danum
426 861 586 899 Exercit.
610 862 688 900 181.
708 863 933 913 distinct.29.
961 862 1317 901 GulielmusPostel-

272 912 326 950 lus
357 912 449 949 libro
481 912 525 950 de
557 912 681 951 Caufis
710 914 898 964 utriusque
929 922 1078 952 naturae
1099 941 1110 958 ,
1155 914 1316 959 Joannes

273 961 492 1001 Khuvcnius
518 963 773 1003 Breidbachius
790 966 849 1004 lib.
872 979 900 1004 1.
935 965 1091 1004 Zodiaci
1113 993 1123 1008 ,
1150 965 1312 1012 Joannes

272 1013 426 1062 Baptista
456 1013 476 1050 a
498 1013 604 1052 Porta
628 1024 777 1054 naturae
806 1016 1152 1066 intelligentiffimus
1180 1016 1241 1055 lib.
1263 1029 1318 1055 ιν.

270 1064 659 1114 Phytognomonicon
682 1094 692 1111 ‚
729 1079 841 1116 quern
877 1068 1002 1117 inique
1038 1067 1179 1115 prorsus
1208 1067 1316 1114 Joan.

271 1115 435 1154 Bodinus
457 1116 493 1153 in
508 1116 813 1168 Daemonologia
834 1119 915 1165 sua,
946 1128 984 1157 ut
1006 1129 1181 1167 magnum
1205 1130 1317 1157 vene-

270 1165 383 1204 ficum
407 1166 567 1211 incessit‚
597 1168 780 1218 librosque
808 1170 971 1219 ejusdem
1005 1169 1050 1208 de
1075 1170 1192 1218 magia
1211 1176 1318 1207 natu-

271 1218 333 1255 rali
359 1217 515 1257 flammis
537 1218 668 1267 dignos
697 1221 896 1260 arbitratur.
950 1222 1093 1259 Verum
1116 1221 1316 1271 aliquando

271 1269 433 1307 futuram
463 1269 558 1308 inter
588 1270 693 1318 lupos
728 1272 767 1309 δε
793 1284 883 1311 oves
917 1272 1158 1310 concordiam
1183 1272 1318 1311 cecinit

273 1319 393 1358 Esaias
422 1331 498 1370 cap.
521 1333 574 1358 xt.
604 1321 660 1363 Π.
681 1323 715 1360 ὅ.
748 1323 796 1360 Et
815 1323 893 1371 post
914 1335 1001 1362 eum
1024 1323 1159 1373 Sibylla
1181 1323 1317 1373 Eryth-

270 1381 385 1415 raea;
423 1370 526 1421 quod
562 1383 648 1410 curn
690 1375 944 1423 metaphorice
973 1375 1066 1413 sumi
1092 1373 1248 1419 debeat,
1277 1383 1318 1413 ut

274 1421 311 1459 S.
333 1423 592 1472 Hieronymus
615 1451 626 1468 ,
665 1424 821 1473 Cyrillus
845 1453 856 1470 ‚
902 1426 1104 1474 Procopius
1129 1453 1140 1470 ,
1181 1426 1318 1476 aliique

269 1471 382 1510 Isaiae
407 1473 625 1522 Interpretes
649 1503 659 1521 ,
696 1476 863 1525 itemque
884 1477 1056 1516 Eusebius
1082 1477 1142 1515 lib.
1160 1489 1225 1515 111.
1254 1477 1318 1516 de-

272 1523 462 1562 monstrat.
492 1536 572 1574 cap.
592 1538 639 1564 11.
669 1526 706 1564 ἃ
739 1527 776 1566 S.
804 1528 1004 1578 Gregorius
1026 1528 1158 1567 homil.
1182 1528 1241 1567 16.
1278 1529 1317 1566 in

269 1574 529 1621 Ezechielem,
558 1586 774 1625 exponunt:
802 1578 934 1626 Judaei
955 1588 1079 1617 tamen
1093 1580 1168 1617 hoc
1189 1590 1316 1618 revera

269 1625 436 1664 futurum
466 1627 681 1665 arbitrantur
700 1657 710 1674 ‚
747 1629 910 1680 ideoque
940 1630 1112 1670 nondum
1143 1629 1315 1669 Mefiiam

268 1676 376 1714 suum
397 1676 604 1716 adventasse
624 1680 885 1727 contendunt,
915 1680 1005 1720 ficut
1026 1683 1210 1731 Origenes
1232 1681 1316 1720 scri-

268 1735 375 1776 pturn
403 1727 550 1777 reliquit
576 1729 638 1767 lib.
666 1742 723 1769 1v.
754 1730 935 1770 Periarch.
957 1745 1034 1781 cap.
1056 1743 1092 1771 2.
1122 1733 1162 1771 &
1191 1732 1317 1771 Philo·

270 1778 339 1815 cal.
360 1790 437 1827 cap.
465 1791 493 1815 1.
540 1780 690 1830 Eosque
721 1783 857 1820 merito
889 1784 1021 1822 refellit
1053 1795 1099 1822 ex
1131 1784 1316 1823 veteribus

270 1828 446 1867 Rabbinis
476 1830 664 1870 Galatinus
685 1831 744 1870 lib.
765 1845 802 1872 v,
834 1845 911 1883 cap.
936 1834 971 1875 8.
1028 1837 1120 1884 Quo
1139 1836 1251 1873 etiam
1275 1836 1313 1873 in

270 1892 394 1918 errore
416 1880 642 1920 versatus'est
665 1884 877 1922 Lactantius
908 1886 971 1923 lib.
992 1898 1065 1924 vu.
1087 1886 1311 1925 Divinarum

271 1930 384 1969 Instit.
407 1942 484 1979 cap.
504 1941 565 1980 24.
593 1942 703 1982 atque
725 1934 820 1972 adeo
844 1936 1038 1974 Chiliastae
1058 1936 1314 1976 fivernillena-

270 1982 314 2019 rii
335 1992 467 2019 omnes
481 2009 491 2026 ,
519 1993 680 2030 quorum
708 1986 840 2023 author
867 1987 937 2025 fuit
955 1988 1080 2037 Papias
1101 1987 1137 2026 S.
1158 1987 1313 2035 Joannis

271 2031 476 2080 discipulus.
504 2032 703 2071 Sarvaou.

326 2091 391 2132 43.
420 2087 533 2119 Donec
550 2084 641 2121 mihi
659 2085 739 2122 vita
758 2086 956 2135 manebit]
1000 2092 1118 2124 Donec
1137 2088 1235 2125 modo
1255 2088 1313 2125 vi-

272 2144 312 2172 ta
343 2144 435 2171 unus
468 2133 623 2172 Heinfii.
648 2145 692 2174 <¹7⁶
719 2135 805 2171 dum
836 2136 926 2173 mihi
954 2145 1038 2176 tres.
1066 2140 1199 2186 semper
1227 2138 1313 2174 dum

272 2185 354 2222 vita
378 2184 463 2221 citat
482 2183 659 2222 Vincent.
682 2185 961 2224 Bellovacenfis.

321 2243 386 2284 45.
415 2233 537 2271 Prima
560 2235 737 2286 quidem]
769 2242 898 2274 Tamen
913 2238 1066 2276 Moreti.

326 2299 386 2334 45.
414 2290 538 2335 Coepto
557 2286 699 2337 versu.]
737 2293 900 2336 coeptum
928 2289 1084 2337 appellat
1102 2288 1245 2327 versum
1267 2288 1318 2327 E-

276 2338 457 2387 legiacum
474 2364 485 2382 ,
507 2337 606 2385 quasi
620 2338 903 2386 imperfectum:
932 2351 1018 2378 narn
1031 2348 1202 2378 extremo
1222 2339 1318 2389 pede

274 2389 472 2427 fraudatur.
503 2388 696 2436 Papinius:

678 2447 756 2495 Qi
772 2449 882 2488 nobile
897 2449 1006 2500 greffu

325 2505 532 2539 Extremum
545 2499 729 2546 fraudatis
748 2510 841 2548 opus.

275 2567 434 2605 Domi-r.
487 2565 675 2612 Coeptum
714 2562 857 2603 versum
895 2565 1105 2614 simpliciter
1132 2566 1319 2617 intellige,

274 2631 352 2666 quo
395 2617 519 2666 coepit
561 2616 652 2654 haec
698 2612 849 2655 scribere
873 2645 884 2662 ,
920 2618 995 2656 hoc
1042 2617 1091 2656 est
1124 2617 1314 2668 Elegiaco.

275 2670 453 2707 Mtcrtr..

327 2731 387 2765 47.
414 2726 524 2770 thue
547 2717 633 2767 petit
659 2718 770 2765 primo
797 2718 937 2767 plenum
967 2718 1136 2767 flaventis
1164 2732 1313 2765 arenae,

277 2770 446 2808 Nondum
466 2769 604 2814 calfaffli
622 2769 741 2806 velitis
763 2769 859 2814 hasta
875 2769 1025 2819 solum.]
1056 2771 1147 2808 Tria
1165 2773 1314 2809 eramin

276 2822 438 2860 exercitu
458 2822 633 2858 Romano
655 2820 816 2857 militum
837 2832 993 2868 genera;
1024 2822 1187 2871 Equites,
1217 2821 1315 2859 Pedi-

277 2883 349 2916 tes,
378 2871 570 2919 Legionarii
590 2882 675 2908 cum
697 2871 764 2908 suis
784 2870 903 2918 signis.
928 2871 1067 2909 Pedites
1087 2872 1177 2910 levis
1197 2884 1316 2910 arma·

277 2932 380 2961 turae
404 2922 476 2959 fine
497 2921 612 2971 signis.
669 2922 720 2958 Hi
754 2922 873 2958 Velites
902 2922 1127 2960 vocabantur
1147 2951 1157 2966 ‚
1195 2924 1232 2960 &
1253 2923 1313 2961 ubi

278 2972 555 3022 confligendum
586 2980 659 3009 erat
695 2973 788 3009 inter
814 2980 1008 3020 utramque
1038 2975 1155 3010 aciem
1187 2985 1314 3011 excur-

276 3033 418 3068 rentes,
444 3024 583 3061 levibus
609 3024 716 3060 armis
744 3022 901 3060 instrut‘ti
931 3023 1106 3071 praelium
1137 3026 1314 3062 commit-

275 3076 422 3119 rebant,
452 3087 540 3112 mox
560 3074 770 3111 recedentes
796 3073 920 3110 locum
947 3075 1106 3112 certandi
1128 3075 1314 3122 Legiona-

279 3128 336 3163 riis
365 3127 508 3164 dabant.
574 3123 682 3162 Hasta
716 3136 805 3161 vero
842 3125 1058 3172 jaculatoria
1094 3126 1311 3169 utebantur,

278 3188 388 3222 quarn
413 3176 584 3224 Polybius
604 3176 754 3220 γρόσΦον
773 3175 951 3222 appellare
972 3176 1129 3213 videtur.
1159 3177 1304 3213 Livius:

278 3226 452 3276 stadiis—‚2
471 3226 633 3266 velitibus
653 3225 935 3265 trucidabantur.
964 3226 1027 3264 Hic
1039 3227 1133 3266 miles
1153 3227 1305 3277 tripeda7

1354 863 1413 899 ’δε
1435 861 1511 899 aliis
1531 861 1620 899 locis
1644 861 1761 900 hastae
1788 863 1956 901 velitaris.

635 556 885 613 Protinus
908 558 1134 613 invisum
1161 573 1267 612 nec
1285 568 1434 628 petet
1459 555 1598 610 hasta
1625 572 1800 629 caput.

2340 638 2413 694 Et

1373 759 1439 798 lem
1459 767 1623 809 parmam
1644 757 1746 797 habet
1764 768 1807 800 φ’
1824 759 1862 797 in
1882 760 2023 798 dextera
2042 759 2309 813 hastas,quibus
2326 767 2416 805 emi·-v

1374 824 1439 848 nus
1458 811 1598 854 utitur,
1621 810 1738 858 gladio
1766 811 1978 861 Hispanienfi
1997 812 2040 859 est
2057 814 2198 851 cim‘lus.
2236 817 2414 857 Meminit

2018 865 2118 902 Hinc
2138 893 2148 909 ,
2188 866 2347 904 velitatio
2366 880 2410 909 ω’

1372 912 1582 949 advelitatio
1602 912 1697 950 dieta
1720 941 1731 957 ,
1767 914 1869 962 quod
1902 915 1951 952 est
1972 943 1983 960 ,
2011 915 2165 953 authore
2194 916 2322 962 Festo,
2351 920 2412 967 ja-

1372 964 1480 1000 Hatio
1505 963 1677 1014 quaedam
1699 963 1882 1002 verborum
1900 965 2056 1015 figurata
2085 966 2129 1003 ab
2160 967 2265 1015 hastis
2282 968 2415 1007 velita-

1372 1014 1479 1052 ribus.
1519 1015 1778 1063 Quamobrem
1802 1016 1925 1054 nescio
1946 1017 2035 1067 quid
2055 1019 2092 1054 in
2115 1027 2279 1056 mentem
2299 1031 2414 1059 vene-

1372 1067 1416 1103 rit
1441 1065 1592 1114 Lipfio,
1621 1077 1705 1104 cum
1737 1068 1787 1104 ait
1814 1067 1876 1105 lib.
1898 1080 1959 1105 111.
1988 1067 2033 1105 de
2058 1068 2192 1106 Militia
2218 1070 2411 1110 Romana:

1372 1117 1618 1164 Jaculatorem
1646 1129 1713 1165 pro
1744 1117 1870 1156 Velite
1898 1119 1942 1155 ab
1973 1118 2117 1157 Ovidio
2147 1120 2282 1165 innui,
2326 1133 2414 1170 pro-

1373 1177 1497 1216 pterea
1507 1169 1608 1219 quod
1621 1168 1879 1207 Ovidiiaetate
1896 1169 2123 1208 Velitesnon
2146 1170 2270 1209 essent.
2308 1174 2413 1221 Quid

1371 1219 1527 1258 habebat
1544 1221 1582 1257 in
1611 1221 1739 1258 animo
1768 1232 1852 1258 cum
1874 1220 1965 1259 haec
1982 1220 2177 1259 scriberet?
2214 1223 2325 1261 Haila
2346 1236 2413 1262 au-

1372 1278 1449 1309 tem
1468 1270 1637 1309 Velitaris
1665 1278 1850 1309 amentata
1869 1280 1969 1316 erat,
1996 1280 2035 1309 ut
2055 1284 2099 1309 ex
2127 1274 2201 1311 hoc
2224 1274 2415 1313 Ciceronis

1371 1321 1459 1360 loco
1479 1321 1650 1361 discimus
1669 1324 1707 1360 in
1738 1322 1850 1360 Bruto
1873 1335 1882 1360 :
1923 1322 2046 1371 Hastae
2069 1322 2233 1361 Velitibus
2251 1335 2415 1362 amenta-

1373 1382 1429 1410 tae
1458 1373 1654 1411 traduntur
1676 1401 1686 1418 ,
1724 1373 1788 1423 qui
1815 1373 1918 1411 locus
1949 1374 2154 1412 Adrianum
2185 1374 2410 1415 Turnebum

1372 1424 1491 1473 fugit,
1514 1436 1598 1463 curn
1612 1424 1762 1462 lib.x1v.
1781 1424 1933 1462 Advers.
1946 1436 2024 1474 cap.
2048 1425 2255 1470 11.scribit,
2276 1426 2415 1466 hastam

1373 1484 1598 1514 amentatam
1617 1488 1637 1513 1
1660 1476 1799 1514 velitari
1825 1475 1983 1514 differre.
2034 1476 2090 1514 Ex
2111 1476 2185 1514 hoc
2208 1478 2297 1515 item
2319 1477 2416 1517 disti-

1373 1527 1445 1564 cho
1468 1535 1589 1576 patet,
1603 1527 1744 1565 Velites
1762 1534 1845 1565 ante
1867 1539 2026 1576 pugnam
2052 1527 2266 1576 praeludere
2292 1529 2329 1566 &
2349 1529 2416 1567 ha-

1371 1577 1436 1616 stas
1458 1578 1597 1616 vibrare
1615 1578 1739 1616 solitos
1758 1576 1850 1621 effe,
1879 1577 1956 1627 quo
1987 1579 2084 1616 forte
2110 1578 2266 1627 respexit
2287 1580 2325 1617 &
2344 1579 2414 1626 (Εἰ-η

1373 1640 1460 1667 cero
1479 1629 1541 1668 lib.
1561 1642 1607 1668 11.
1632 1630 1678 1667 de
1692 1630 1962 1674 Divinatione,
1988 1629 2044 1667 his
2056 1629 2193 1668 verbis:
2223 1636 2315 1668 Haec
2327 1633 2412 1677 fue-

1372 1679 1421 1718 rit
1440 1680 1535 1718 nobis
1560 1690 1735 1731 tanquam
1764 1680 1852 1718 levis
1882 1690 2089 1718 armaturae
2102 1680 2221 1730 prima
2242 1681 2410 1721 orationis

1369 1730 1529 1781 excurfio.
1557 1734 1662 1780 Quin
1686 1731 1960 1770 &Samnitibus
1978 1731 2078 1771 idem
2093 1733 2207 1770 moris
2229 1731 2415 1772 fuiffetra-

1369 1783 1422 1821 dit
1441 1784 1538 1822 idem
1564 1784 1699 1822 Cicero
1719 1784 1756 1821 in
1783 1783 1883 1821 hunc
1902 1783 2058 1821 modum
2079 1782 2142 1820 lib.
2161 1782 2206 1821 de
2227 1784 2412 1823 Oratore:

1370 1840 1492 1883 Atque
1509 1835 1676 1884 ejusmodi
1696 1833 1759 1870 illa
1777 1832 1941 1882 praelusio
1953 1834 2010 1883 effe
2028 1833 2147 1878 debet,
2174 1846 2243 1871 non
2260 1844 2301 1871 ut
2311 1841 2415 1873 Sam-

1371 1884 1524 1930 nitium,
1546 1887 1606 1933 qui
1635 1885 1782 1923 vibrant
1803 1884 1917 1931 hastas
1928 1895 2012 1922 ante.
2027 1893 2206 1934 pugnam,
2234 1884 2357 1935 quibus
2375 1886 2416 1923 in

1362 1937 1551 1986 pugnando
1581 1935 1673 1975 nihil
1708 1945 1872 1975 utuntur.
1920 1935 2106 1984 Extatque
2134 1935 2238 1973 locus
2265 1935 2414 1985 infignis

1370 1987 1467 2035 apud
1485 1988 1705 2026 Strabonem
1733 1986 1793 2024 lib.
1813 1999 1848 2024 x.
1886 1985 1932 2023 de
1951 1985 2193 2034 gladiatorum
2216 1987 2416 2034 praeluslo-

1369 2037 1496 2075 nibus:
1524 2040 1587 2075 καὶ
1612 2038 1645 2074 οἱ
1671 2037 1959 2082 μονομαχοῦντες
1987 2037 2060 2078 ’τοῖς
2089 2037 2249 2078 παλτοῖς
2275 2037 2415 2082 χρώμε-

1370 2099 1416 2125 νοι
1430 2115 1440 2131 ,
1467 2087 1606 2133 δόρασιν
1627 2085 1838 2132 εἰσάγονται
1856 2087 2043 2130 πρότερον,
2061 2081 2146 2122 εῖτ-οι
2164 2083 2228 2121 ἐπὶ
2251 2088 2301 2123 vie
2322 2087 2418 2134 Ξὶφη

1369 2138 1597 2182 βαδίζοντες.
1638 2141 1685 2171 Et
1704 2137 1766 2185 qui
1785 2135 1957 2184 fingulari
1977 2135 2163 2173 certamine
2191 2137 2419 2185 congrediun-

1371 2196 1432 2223 tur
1445 2214 1455 2230 ,
1479 2186 1635 2236 primum
1657 2185 1762 2233 hastis
1782 2183 1960 2233 miffilibus
1978 2199 2049 2223 rem
2067 2200 2181 2234 gerere
2193 2187 2414 2234 scribuntur,

1373 2237 1497 2275 deinde
1515 2237 1562 2274 ad
1577 2236 1710 2285 gladios
1729 2237 1859 2274 venire.
1897 2238 2024 2286 Quem
2049 2249 2194 2276 morem
2221 2237 2240 2275 a
2264 2239 2415 2280 Graecis

1374 2286 1534 2326 manasse
1557 2288 1669 2326 docet
1697 2287 1892 2337 AEschylus
1918 2316 1928 2333 ,
1963 2289 2026 2337 qui
2057 2289 2094 2326 in
2121 2289 2417 2338 Agamemnone

1376 2340 1533 2386 κάμακα
1550 2339 1813 2382 §immoratum
1841 2346 1953 2377 vocat
1976 2342 2171 2384 προτέλεια
2191 2368 2203 2385 ,
2241 2340 2317 2379 five
2336 2353 2418 2391 gra-

1376 2390 1487 2428 vioris
1509 2401 1654 2439 pugnae
1683 2389 1877 2438 praeludia.
1915 2390 2115 2429 SALvAGN.
2161 2390 2315 2429 Planum
2338 2393 2416 2440 fer-

1375 2441 1490 2478 ventis
1502 2441 1561 2478 sex
1579 2440 1655 2478 libri
1675 2452 1759 2478 cum
1781 2441 1896 2487 prima
1920 2441 2096 2479 editione.
2118 2444 2293 2489 ferventis
2304 2444 2417 2482 etiam

1374 2492 1511 2541 Regius
1532 2493 1570 2530 ὃς
1591 2503 1684 2530 unus
1709 2491 1862 2529 Heinfii.
1887 2492 1932 2530 de
1956 2493 2097 2530 velitari
2118 2493 2213 2530 hasta
2240 2504 2333 2543 quae
2350 2494 2417 2532 ha-

1372 2541 1435 2579 bet
1464 2543 1680 2591 Salvagnius
1714 2543 1793 2591 jam
1826 2543 1903 2580 aliis
1943 2552 2123 2591 occupata
2153 2543 2244 2581 sunt.
2290 2544 2416 2583 militis

1373 2591 1473 2642 hasta
1493 2594 1647 2632 Sarravii
1671 2594 1811 2637 codex,
1841 2594 1880 2632 &
1900 2593 2007 2632 multi
2028 2594 2098 2632 alii.

1423 2658 1483 2706 48.
1511 2660 1681 2697 Nondum
1713 2658 1890 2709 calfablt']
1946 2659 2102 2706 Elegans
2133 2659 2276 2697 tralatio
2308 2659 2411 2699 verbi

1371 2710 1559 2758 calfacere,
1589 2711 1695 2750 bonis
1727 2713 1856 2758 utique
1888 2709 2130 2757 Scriptoribus
2160 2709 2311 2754 usitata;
2345 2711 2435 2749 Cir

1372 2773 1458 2799 cero
1478 2761 1524 2800 de
1545 2763 1728 2800 Oratore:
1757 2766 1805 2798 Et
1830 2760 1883 2798 ait
1911 2773 1989 2796 cum
2010 2759 2191 2796 brachium
2215 2760 2407 2806 adfecerit,

1371 2823 1449 2849 tum
1464 2812 1503 2860 se
1525 2813 1630 2860 fhlere
1647 2822 1797 2862 pugnare
1810 2838 1820 2854 ,
1850 2823 1956 2860 neque
1975 2811 2128 2847 attendit
2148 2825 2198 2849 eos
2218 2810 2299 2859 ipfhs
2319 2811 2409 2859 (gla-

1371 2863 1529 2901 diatores
1549 2864 1741 2912 intelligit)
1769 2863 1858 2898 unde
1875 2861 1934 2898 hoc
1947 2859 2061 2909 simile
2089 2861 2208 2906 ducit,
2235 2861 2314 2897 illas
2331 2862 2408 2909 pri-

1372 2928 1448 2950 mas
1468 2913 1580 2957 hastas
1600 2914 1653 2950 ita
1678 2913 1811 2961 jac't'are
1836 2912 1960 2949 leviter
1982 2939 1992 2955 ,
2028 2922 2068 2948 ut
2095 2922 2137 2952 (9⁶
2156 2910 2330 2956 venustati
2351 2913 2408 2948 vel

1371 2964 1527 3001 maxime
1546 2963 1711 3013 serviant
1733 2992 1744 3008 ,
1781 2973 1823 3002 (φ’
1850 2962 1887 2999 in
1915 2962 2115 3013 reliquum,
2150 2961 2298 2999 viribus.
2351 2963 2409 3001 Sic

1369 3015 1465 3063 apud
1479 3015 1710 3052 Plutarchum
1732 3014 1850 3059 θερμὸς
1872 3013 1948 3050 ἀπὸ
1970 3016 2115 3057 μάχκς,
2139 3013 2304 3057 &Seps-ccv
2320 3012 2407 3050 ’όνπι

1371 3067 1420 3111 τῷ
1443 3064 1574 3109 ἀγῶνι,
1605 3077 1671 3112 pro
1692 3078 1738 3103 eo
1753 3093 1761 3109 ,
1783 3065 1884 3112 quod
1899 3065 2020 3101 Latini
2038 3063 2226 3109 dicerent,
2256 3076 2333 3101 cum
2352 3064 2410 3102 in-

1372 3115 1522 3164 caluiffet
1535 3117 1677 3162 fervore
1696 3116 1907 3153 certaminis.
1933 3115 2132 3151 SALVAGN.

1417 3186 1483 3225 49.
1508 3177 1560 3213 Sic
1580 3190 1633 3225 ego
1653 3187 1684 3213 te
1694 3179 1790 3225 ferro
1809 3176 1961 3212 nondum
1979 3173 2159 3219 jaculabor
2177 3175 2306 3226 acuto.]
2329 3175 2410 3213 Ob-

1360 3227 1435 3267 tusa
1452 3236 1553 3267 erant
1575 3240 1672 3267 arma
1686 3257 1699 3275 ,
1721 3228 1851 3278 quibus
1874 3225 2155 3275 praeludebant3
2185 3236 2409 3277 quapropter

2358 3288 2416 3324 ea,
