2547 3708
608 132 1518 185 PRAEFArioNEs
2025 152 2112 204 ηε

17 252 183 295 matrem
203 242 276 283 aut
293 241 455 295 patrem
477 231 586 277 exire
599 262 616 288 ,
637 227 715 291 sed
733 230 776 274 in
797 227 922 274 cubili
951 236 1158 272 manentes
1173 225 1289 287 pasci
1309 228 1446 274 labore
1465 242 1628 287 eorum,
1663 241 1758 290 quos
1788 230 1860 291 ipst
1878 242 2119 292 genuerunt,

15 299 545 358 enutrzerunt,educarunt.
579 294 656 341 Sic
679 293 824 357 igitur
847 291 896 340 &
921 289 1112 338 Graecis
1131 293 1285 338 evenit
1299 325 1315 350 ,
1330 305 1383 338 ut
1409 308 1515 338 cum
1537 295 1894 354 pemmpffiw'ffffl
1919 295 2118 342 Ovidius

16 359 177 420 abillis
205 363 444 419 didicerit,
479 358 563 424 ipsi
588 358 642 405 ab
670 374 726 404 eo
753 357 952 404 invicem
981 354 1277 402 edoceantur.
1346 359 1509 420 ltaque
1532 359 1605 405 vel
1629 357 1691 406 ob
1717 358 1764 405 id
1791 359 1874 406 hos
1905 359 2044 406 libros
2070 358 2120 406 gc

18 436 127 493 tibi,
161 432 209 480 &
233 428 421 476 caeteris
442 422 714 489 gratissimos
739 423 839 469 fore
862 437 956 469 non
978 420 1256 468 dubitamus.
1324 422 1369 469 V
1375 422 1456 469 ale,

200 556 950 624 ANDREAS
1058 549 1933 620 NAUGERIUS

960 666 1166 715 Lestori.

159 796 283 845 Uam
319 793 465 840 multa
495 791 542 836 in
563 788 631 836 his
657 786 820 835 Ovidii
846 784 968 833 libris
990 801 1047 832 ex
1072 786 1270 850 antiquis
1295 787 1630 851 exemplaribus
1653 791 2016 849 correxerimus,
2049 805 2128 838 ne-

180 877 268 925 que
292 855 582 906 necessarium
606 852 739 899 nobis
760 851 903 899 visum
925 849 989 896 est
1011 866 1133 897 nunc
1154 856 1350 911 referre,
1384 853 1430 899 &
1455 855 1734 920 cuicumque
1755 872 1832 903 eos
1854 855 2007 920 legere
2029 855 2131 902 col-

181 925 392 980 libuerit,
426 919 698 966 facillimum
722 919 810 964 erit
831 915 1124 981 cognoscere.
1193 915 1431 973 Quoniam
1459 933 1641 979 tamen,
1677 921 1724 967 &
1747 936 1889 985 pauca
1910 921 2131 984 quaedam

24 992 248 1057 (quamvis
270 985 511 1036 subtimide
535 984 606 1042 id,
648 982 697 1030 &
719 997 853 1046 parce
877 980 1123 1028 admodum
1149 979 1360 1039 fecimus)
1399 983 1526 1029 nullo
1552 983 1828 1049 suffragante
1852 985 2131 1047 exemplari,

22 1057 91 1106 u'ti
116 1057 247 1105 nobis
269 1051 412 1100 visum
435 1049 526 1109 est,
561 1049 932 1095 immutavimus:
970 1046 1017 1092 &
1042 1059 1218 1093 veteres
1242 1047 1425 1110 quidam
1457 1047 1590 1107 libri,
1625 1051 1728 1114 post
1752 1051 1836 1096 hos
1868 1049 2134 1113 impressos,

23 1117 77 1170 ad
103 1136 260 1169 manus
285 1116 456 1163 nostras
481 1125 818 1178 pervenerunt,
853 1112 899 1158 in
925 1111 1089 1176 quibus
1112 1112 1285 1171 multa,
1322 1128 1435 1175 quae
1468 1129 1549 1160 nos
1585 1116 1709 1176 prius
1738 1114 2135 1177 subterfugerant,

25 1177 308 1236 invenimus:
347 1181 394 1227 &
419 1181 602 1227 illorum
627 1180 872 1225 admonere
896 1175 1117 1224 lectorem
1149 1177 1413 1235 voluimus,
1449 1179 1606 1242 nequis
1630 1180 1752 1226 forte
1787 1179 1834 1225 id
1856 1178 2135 1242 suspicetur,

25 1251 154 1300 abuti
180 1265 262 1296 nos
288 1245 401 1292 velle
422 1258 630 1292 veterum
656 1243 883 1290 librorum
905 1240 1207 1301 amstoritate,
1243 1241 1319 1300 &,
1355 1258 1469 1306 quae
1493 1260 1576 1291 nos
1596 1244 1963 1303 emendavimuS,
1997 1259 2054 1289 ex
2082 1243 2138 1290 il-

27 1317 78 1366 lis
114 1314 238 1363 credi
272 1309 536 1358 emendata:
575 1309 624 1354 &
654 1308 767 1355 haec
800 1307 990 1366 addere,
1025 1322 1081 1352 ne
1105 1306 1247 1370 quid,
1283 1309 1408 1370 quod
1446 1308 1494 1355 in
1527 1309 1660 1357 nobis
1689 1309 1799 1356 effet
1822 1343 1838 1369 ,
1874 1308 2142 1371 diligentiae

27 1375 388 1456 praetermiffum
413 1374 498 1421 esse
521 1373 758 1433 videatur,
794 1372 841 1420 &
864 1372 1010 1431 utile,
1037 1371 1085 1418 ὃς
1107 1371 1402 1420 necessarium
1427 1390 1573 1436 prope
1592 1374 1968 1421 existimavimus.
2004 1371 2141 1430 Quae

27 1458 82 1495 ut
104 1442 381 1492 cumulatius
407 1439 600 1499 fierent,
633 1455 703 1485 eas
725 1440 863 1485 etiam
885 1437 1130 1497 lectiones,
1164 1453 1278 1501 quae
1300 1439 1364 1485 ita
1388 1438 1662 1503 quandoque
1683 1438 1880 1485 diversae
1904 1439 2142 1501 reperiun-

31 1503 133 1570 tur,
165 1522 219 1556 ut
240 1522 399 1554 omnes
431 1519 586 1552 tamen
616 1504 803 1569 probari
840 1501 1039 1566 poffint,
1073 1501 1419 1567 subjunximus,
1454 1505 1523 1551 uti
1557 1505 1751 1551 liberum
1776 1502 1991 1551 omnibus
2017 1501 2145 1565 judi-

34 1571 158 1626 eium
183 1572 266 1632 fit,
301 1587 434 1636 quam
460 1570 606 1616 velint
640 1568 775 1633 sequi.
835 1569 882 1616 Si
916 1567 1027 1632 quid
1052 1583 1163 1614 vero
1197 1568 1244 1615 in
1268 1581 1363 1616 tam
1391 1569 1535 1634 longo
1569 1585 1708 1634 opere
1741 1582 1821 1616 aut
1846 1568 2145 1633 praeteritum

33 1645 60 1688 a
83 1639 215 1687 nobis
247 1636 336 1697 est,
371 1649 449 1683 aut
473 1634 712 1699 ingenium
741 1633 947 1682 nostrum
975 1632 1283 1697 subterfugit,
1317 1633 1545 1682 dofflores
1577 1635 1623 1682 id
1658 1634 1838 1681 fortasse
1864 1634 1967 1691 alii,
2000 1631 2145 1679 modo

35 1705 237 1753 animum
270 1700 580 1760 intenderint,
614 1700 851 1746 invenient
863 1721 879 1756 3
914 1698 990 1747 vel
1021 1697 1082 1745 ob
1115 1697 1293 1746 labores
1314 1732 1331 1758 ,
1375 1716 1487 1764 quos
1517 1717 1602 1763 pro
1636 1700 1876 1748 communi
1912 1696 2146 1756 utilitate,

36 1769 159 1818 nulla
178 1768 328 1833 gloria
348 1765 530 1814 adduffi
546 1799 562 1824 ,
596 1763 897 1829 suscepimus,
930 1763 1104 1810 debetis
1129 1763 1380 1827 ignoscere.

38 1881 826 1958 REVERENulssiMo
908 1888 992 1949 D.
1054 1889 1138 1948 D.
1200 1885 1710 1948 BERNARDO
1785 1883 2147 1950 D1V1T1o

610 2018 656 2065 S.
680 2015 856 2062 Mariae
876 2018 920 2061 in
945 2016 1121 2061 Portica
1142 2014 1332 2061 Diacono
1355 2015 1601 2072 Cardinali,

826 2120 1022 2167 Andreas
1043 2120 1258 2182 Asulanus
1281 2121 1328 2168 S.

194 2238 330 2286 Ultas
365 2237 428 2285 ob
451 2237 598 2286 causas
620 2253 841 2300 magnum
868 2237 984 2283 mihi
1008 2237 1217 2284 dolorem
1243 2239 1401 2285 attulit
1426 2237 1535 2285 Aldi
1555 2238 1713 2301 generi
1737 2237 1828 2283 mei
1852 2254 1989 2285 mors.
2055 2238 2157 2285 Pri·

222 2320 329 2364 mo,
362 2320 456 2350 non
492 2304 634 2349 solum
670 2318 893 2367 generum
932 2306 948 2359 ζ
959 2301 1086 2365 quod
1111 2302 1258 2365 ipsum
1282 2316 1433 2349 tamen
1456 2319 1538 2367 per
1560 2303 1602 2348 se
1625 2318 1763 2366 grave
1785 2301 1898 2349 solet
1921 2302 2157 2359 accidere)

0 2374 1 2378 ’
49 2371 121 2420 sed
153 2387 259 2417 eum
298 2384 518 2432 generum
537 2402 551 2427 ,
587 2370 666 2431 qui
698 2368 747 2414 ὃ(
779 2366 1060 2414 do&iflimus
1082 2367 1130 2413 &
1153 2368 1359 2430 optimus
1382 2369 1592 2414 omnium
1619 2369 1689 2413 vir
1709 2367 1841 2414 esset:
1875 2368 2159 2415 amittebam.

50 2436 263 2493 Deinde,
298 2450 405 2480 cum
442 2435 476 2479 is
509 2433 692 2479 viduam
730 2433 846 2478 mihi
870 2431 1041 2491 filiam,
1075 2445 1274 2495 quatuor
1298 2433 1437 2479 orbos
1461 2445 1649 2494 nepotes
1671 2433 1975 2496 relinqueret:
2012 2446 2160 2496 neque

51 2517 142 2565 ego
180 2499 282 2546 illos
316 2500 519 2545 maxime
552 2514 640 2561 ope
673 2514 771 2544 mea
802 2498 1060 2561 indigentes
1093 2496 1292 2543 deserere
1311 2498 1408 2544 ullo
1431 2498 1566 2560 pasto
1592 2510 1669 2544 aut
1691 2497 1932 2556 deberem,
1965 2512 2043 2545 aut
2065 2497 2164 2543 vel-

53 2565 170 2612 lem:
208 2579 379 2626 magno
405 2563 451 2609 id
477 2563 592 2610 mihi
619 2564 748 2609 oneri
773 2561 982 2609 futurum
1010 2562 1093 2608 esse
1115 2562 1343 2610 videbam.
1414 2562 1679 2609 Accedebat
1702 2561 1754 2608 ad
1781 2562 1921 2609 haec:
1957 2576 2091 2625 atque
2114 2559 2164 2607 id

56 2631 254 2677 maxime
278 2628 486 2675 dolorem
513 2644 666 2674 meum
688 2627 909 2690 augebat:
929 2627 1055 2690 quod
1075 2643 1288 2691 magnam
1315 2629 1427 2674 mihi
1450 2627 1499 2674 &
1513 2629 1703 2674 Latinae
1718 2627 1767 2673 &
1781 2628 1985 2674 Graecae
2007 2627 2164 2673 literae

59 2695 196 2756 hujus
229 2707 381 2740 morte
401 2693 624 2758 jacturam
646 2693 794 2739 facere
818 2693 1105 2739 videbantur.
1141 2709 1300 2740 omnes
1325 2696 1445 2739 enim
1475 2709 1528 2737 eo
1554 2692 1627 2739 ille
1649 2694 1957 2755 cogitationes
1982 2691 2074 2737 suas
2095 2690 2167 2736 di-

61 2770 268 2806 rexerat:
304 2775 461 2805 omnes
485 2774 646 2805 nervos
668 2774 722 2804 eo
749 2758 1072 2804 contenderat:
1109 2759 1178 2804 uti
1203 2772 1413 2805 veterum
1435 2757 1709 2821 scriptorum
1737 2757 1875 2803 libros
1901 2756 2032 2802 foeda
2055 2771 2167 2817 qua-

62 2823 166 2871 dam
205 2824 527 2884 proximorum
558 2823 815 2869 seculorum
846 2823 1049 2869 barbarie
1077 2823 1282 2886 pollutos
1305 2823 1575 2887 castigaret:
1612 2838 1665 2868 ac
1687 2821 1829 2867 bonas
1849 2822 1997 2868 literas
2021 2833 2168 2883 prope

61 2891 154 2953 jam
187 2886 466 2933 collabentes
500 2888 770 2934 restitueret.
805 2889 851 2933 in
876 2905 969 2952 quo
992 2904 1099 2934 cum
1124 2888 1323 2935 multum
1352 2888 1501 2934 studio
1523 2902 1575 2934 ac
1597 2886 1837 2951 diligentia
1864 2885 2054 2949 quadam
2080 2884 2170 2931 fin-

71 2952 213 3016 gulari
245 2950 528 3014 profecisset:
565 2968 709 3014 neque
743 2967 896 2999 tamen
929 2954 1054 3016 quod
1089 2953 1279 3016 optabat
1304 2952 1567 3000 alie-niffimo
1591 2965 1802 3015 tempore
1822 2964 2002 3015 ereptus
2029 2947 2170 3014 perfi-

69 3032 172 3063 cere
196 3015 447 3080 potuiffet:
485 3016 528 3062 id
561 3016 685 3078 quasi
719 3018 766 3062 in
788 3032 862 3062 me
887 3034 1027 3077 onus,
1065 3034 1121 3065 eo
1143 3018 1395 3078 defunCto,
1429 3017 1629 3064 recidere
1651 3016 1908 3064 videbatur.
1942 3016 2034 3063 hoc
2058 3029 2169 3061 vero

77 3095 131 3134 eo
165 3082 280 3128 mihi
314 3095 409 3128 erat
442 3081 627 3128 caeteris
667 3080 924 3128 molestius:
958 3083 1085 3146 quod
1120 3083 1327 3131 cariffimi
1349 3084 1465 3130 mihi
1490 3081 1648 3145 generi
1666 3082 1886 3145 jasturam
1911 3082 1957 3127 in
1979 3097 2054 3127 me
2076 3091 2170 3126 erat

2 3147 6 3238 ἲ
82 3157 136 3192 ut
153 3146 353 3195 modeste
376 3145 569 3195 ferrem:
606 3145 794 3210 privatis
819 3146 985 3208 opibus
1005 3148 1056 3198 &
1081 3148 1248 3210 filiam,
1286 3149 1335 3196 &
1357 3160 1550 3211 nepotes
1572 3149 1691 3196 tueri
1716 3160 1951 3212 poteram:
1975 3147 2070 3194 hoc
2090 3157 2170 3189 ne-

4 3253 7 3308 b
1316 3214 1369 3262 R
1403 3227 1430 3260 7.
2084 3222 2174 3272 que

5 3321 7 3371 ἰ
