2547 3708
368 139 464 189 144
893 116 1953 172 DEDICATIONESET

362 227 510 259 meam
535 226 655 260 amas
689 215 824 277 (quae
855 211 1003 260 fratris
1028 211 1096 258 tui
1122 210 1324 268 uterini,
1361 210 1602 256 HoRATn
1640 225 1844 257 LANNox
1882 226 2143 260 PRINCIPIS
2179 213 2376 278 irnperio
2399 234 2475 281 pa·
2522 262 2525 265 ,

362 277 448 333 ret)
485 293 727 342 caramque
753 277 918 337 habes,
952 291 1118 339 meque
1139 274 1196 321 de
1217 275 1405 321 nomine
1421 277 1518 339 jam
1541 273 1716 333 noscis,
1750 273 1836 321 tibi
1860 275 2111 338 probatum
2135 279 2189 323 iri
2214 278 2345 326 facile
2366 297 2476 328 con-

362 341 477 388 fido.
514 342 647 390 Vale.
683 344 866 390 Romae
892 342 998 389 Kal.
1026 340 1263 402 Septemb.
1290 354 1576 387 M.D.1.xxx.

1166 468 1209 515 E
1237 465 1268 530 J
1301 468 1353 517 U
1389 470 1418 516 S
1456 470 1505 516 D
1542 468 1585 515 E
1619 467 1680 515 M

868 562 1030 611 Ovidii
1052 559 1275 608 Defensio
1291 594 1306 620 ,
1338 559 1387 605 δί
1410 557 1850 623 Metamorphoseos
1876 560 1986 608 laus.

505 682 677 728 Uici-‚un
710 696 816 727 cuin
853 678 985 726 sciret
1011 682 1199 743 poetam
1227 679 1354 725 hunc
1385 677 1594 725 nostrum
1625 675 1712 723 esse
1735 677 1989 726 fabularum
2022 677 2291 744 scriptorem
2317 683 2474 732 fite-un·
2532 693 2534 720 ³

525 745 780 805 diffimum,
815 760 867 791 ac
905 744 1037 791 facile
1073 745 1364 808 principem3
1400 745 1497 807 ejus
1532 743 1733 789 carmina
1764 745 1813 789 in
1851 745 2066 792 Italicum
2104 746 2354 794 sermonem
2395 750 2490 799 fibi.
2528 740 2536 771 ’ἓ

525 811 737 857 converti
753 810 877 875 jussit
893 844 909 870 ,
943 810 1186 857 arbitratus
1210 825 1315 856 eum
1329 809 1499 855 Latine
1520 809 1619 854 non'
1641 808 1854 855 locutum
1878 809 1987 856 effe:
2023 826 2103 868 ae,
2140 813 2320 872 quoties
2340 813 2397 860 de
2417 832 2472 863 eo
2534 859 2546 866 ,.

363 876 510 922 serino
545 875 799 935 inciderat,
832 877 896 922 ita
918 874 974 921 de
997 890 1081 933 eo,
1118 890 1170 921 u:
1193 874 1249 920 de
1274 873 1466 920 barbaro
1490 873 1675 936 aliquo,
1709 871 1758 919 &
1782 874 1977 921 Latinae
2014 874 2197 938 linguae
2230 878 2475 942 imperito,
2530 891 2535 934 j

363 941 652 1004 ioquebatur.
720 940 880 1000 Qiem
903 940 979 987 alii
998 938 1180 1002 quidam
1205 938 1376 997 secuti,
1411 940 1458 985 in
1481 936 1880 1000 graviffimorum,
1913 939 2369 1006 doctiffimorumque
2393 943 2496 993 h0-*
2530 960 2538 988 v.

363 1007 542 1052 minum
565 1006 747 1052 aculeos
771 1007 939 1052 merito
965 1003 1243 1051 inciderunt.
1312 1003 1413 1060 Qui
1444 1004 1596 1062 enim,
1631 1001 1824 1065 quaeso,
1857 1003 2006 1051 sumus
2030 1021 2138 1064 nos,
2173 1020 2225 1054 ut
2241 1041 2255 1066 ,
2292 1023 2399 1055 cum
2424 1010 2480 1058 de

367 1071 524 1117 Latini
551 1070 768 1118 sermonis
794 1069 1065 1134 integritate
1090 1070 1138 1114 ἂ
1162 1070 1390 1132 elegantia
1413 1068 1597 1131 agitur,
1621 1080 1714 1114 tam
1739 1067 1930 1130 superbe
1949 1069 2181 1131 judicium
2206 1072 2263 1117 de
2285 1076 2482 1138 antiquis

364 1133 662 1199 scriptoribus
688 1136 835 1183 facere
867 1133 1141 1182 audeamus?
1177 1135 1364 1191 Multa,
1399 1133 1645 1195 inquiunt,
1681 1132 2174 1194 innovavit20vidius,
2212 1136 2373 1185 multas
2399 1158 2482 1188 vo-

366 1217 439 1247 ces
461 1199 725 1260 confinxit,
760 1201 926 1263 quibus
949 1198 1200 1263 superiores
1227 1198 1294 1245 usi
1320 1214 1415 1244 non
1437 1210 1576 1244 erant.
1647 1196 1787 1243 Unde
1819 1198 1928 1257 scis,
1963 1198 2162 1262 quisquis
2185 1216 2256 1261 es,
2291 1204 2482 1252 innova-

366 1267 426 1312 rit
463 1281 537 1324 ea,
573 1281 629 1311 an
663 1263 688 1311 ὲ
724 1264 1078 1322 vetustioribus,
1114 1280 1230 1327 quos
1265 1278 1391 1310 nunc
1427 1278 1524 1309 non
1555 1261 1799 1320 habemus,
1835 1262 1927 1326 ipse
1962 1265 2189 1325 habebat,
2223 1270 2485 1332 acceperit?
2536 1303 2537 1307 ,

365 1330 682 1394 Qisquamne
704 1344 916 1377 veterum
941 1329 1233 1376 Criticorum
1249 1327 1477 1376 Ovidium
1501 1343 1749 1390 umquam,
1785 1340 2021 1393 tamquam
2047 1347 2206 1394 parum
2223 1332 2394 1381 Latine
2418 1335 2497 1382 lo-.
2544 1337 2547 1366 ·’

367 1408 531 1441 cutum
564 1395 777 1441 notavit?
813 1396 879 1441 At
912 1393 982 1440 isti
1016 1393 1199 1441 delicias
1231 1394 1434 1440 faciunt:
1474 1393 1522 1440 &
1548 1408 1714 1440 vocem
1750 1393 1889 1440 ullam
1918 1408 2088 1458 negant
2124 1395 2166 1441 se
2199 1396 2314 1443 ferre
2336 1401 2488 1462 poffe,

366 1475 482 1522 quae
503 1476 598 1506 non
623 1460 670 1505 in
692 1459 895 1518 Catulli,
932 1459 1171 1518 Lucretii,
1206 1458 1425 1522 Virgilii,
1460 1457 1675 1517 Tibulli,
1710 1457 1758 1504 &
1781 1474 2031 1521 paucorum
2059 1473 2314 1523 praeterea,
2347 1464 2485 1513 verfi-
2534 1483 2542 1500 ν

365 1524 449 1570 bus
474 1525 738 1588 reperiatur.
805 1524 1001 1584 Qanto
1037 1523 1172 1571 satius
1205 1523 1312 1569 esset
1344 1520 1409 1584 μή
1441 1521 1665 1588 μοι’χεοῧς,
1701 1536 1754 1569 ut
1786 1524 1849 1569 ait
1879 1524 2213 1588 Thucydides,
2254 1529 2313 1593 τῷ
2345 1523 2491 1592 mni&

365 1588 535 1655 χρόνῳ,
572 1589 619 1635 &
653 1605 814 1636 eorum
850 1589 1113 1635 auctoritati
1146 1587 1469 1652 acquiescere,
1514 1604 1714 1651 quorum
1754 1589 1981 1636 muliones
2012 1590 2172 1636 melius
2205 1607 2256 1637 ac
2293 1597 2487 1655 certius,
2539 1618 2542 1626 ·

368 1670 507 1717 quam
533 1670 642 1712 nos,
678 1653 733 1699 de
754 1655 927 1700 Latino
958 1653 1164 1700 sermone
1192 1653 1393 1716 judicare
1419 1664 1652 1716 poterant.
1720 1653 1896 1699 Ponam
1922 1655 2134 1718 equidem
2151 1690 2165 1715 ‚
2199 1658 2308 1719 quid
2334 1657 2391 1704 de
2413 1661 2486 1707 O·

365 1718 492 1766 vidio
524 1719 705 1766 senserit
740 1719 983 1765 historicus
1023 1720 1229 1782 optimus
1262 1718 1321 1768 C.
1346 1719 1552 1781 Vellejus
1582 1718 1850 1764 Paterculus
1885 1719 1965 1765 lib.
1992 1721 2055 1766 II.
2094 1722 2265 1778 Paene,
2301 1724 2489 1787 inquit,
2536 1734 2543 1766 ὲ·

355 1784 490 1845 stulta
523 1785 576 1845 est
605 1785 906 1831 inhaerentiam
941 1786 1066 1830 ocalis
1097 1787 1348 1847 ingeniorum
1382 1786 1633 1830 enumeratio
1659 1817 1674 1841 ,
1717 1785 1827 1829 inter
1859 1800 1962 1845 qaae
1997 1788 2179 1831 rnaxinie
2221 1787 2347 1846 nostri
2389 1793 2492 1837 aevi·
2536 1805 2547 1829 ν

365 1852 566 1908 eminent,
592 1852 781 1910 princeps
812 1853 1041 1896 carminum
1076 1850 1312 1911 Virgilius,
1347 1849 1653 1910 Rabiriusque,
1688 1848 1742 1899 {9³
1764 1849 1990 1910 constemus
2026 1851 2269 1910 Sallustiani
2304 1855 2486 1914 Livias,
2536 1892 2538 1911 ζ

367 1913 625 1976 &Tibullasqae
657 1915 712 1967 {9³
749 1914 803 1961 N
821 1931 932 1962 Aso
960 1914 1244 1975 perfeeiiffinii
1275 1917 1320 1960 in
1343 1913 1491 1975 forma
1524 1916 1651 1973 operis
1679 1914 1759 1965 sai.
1831 1913 1945 1971 QJo
1982 1915 2055 1960 vel
2092 1930 2186 1964 uno
2220 1917 2487 1966 testimonio
2537 1955 2539 1957 .

365 1995 468 2037 eos,
505 1995 582 2042 qut
607 1979 670 2025 ita
696 1978 860 2025 acerbe
894 1995 946 2025 ac
979 1979 1241 2043 petulanter
1275 1979 1322 2023 in
1352 1980 1496 2041 ipsum
1522 1976 1690 2025 invecti
1715 1976 1849 2036 sunt,
1886 1994 2030 2041 neque
2055 1995 2188 2037 vere,
2225 1997 2373 2046 neque
2399 1984 2487 2031 fin-

369 2060 497 2102 cere,
535 2043 606 2094 sed
629 2060 685 2090 ex
712 2042 878 2090 affe-&u
907 2060 958 2090 ac
987 2043 1176 2090 libidine
1203 2043 1387 2089 locutos
1410 2043 1525 2102 esse,
1562 2041 1787 2104 fimulque
1813 2041 2036 2090 inscitiam
2064 2045 2320 2106 patefecisse
2345 2053 2485 2108 luam,

369 2107 500 2154 facile
533 2108 787 2171 intelligere
810 2109 888 2155 est.
947 2110 1100 2171 Siquis
1124 2125 1234 2155 vero
1258 2125 1374 2170 opus
1396 2108 1488 2154 hoc
1512 2108 1762 2171 diligenter
1783 2107 2021 2169 inspiciat,
2058 2111 2252 2170 reperiet
2280 2113 2491 2174 profecto

371 2186 545 2218 tantam
571 2184 758 2235 tamque
785 2173 1096 2221 admirabilem
1122 2173 1305 2220 dicendi
1340 2175 1522 2236 copiam
1558 2186 1695 2235 atque
1730 2173 2015 2231 ubertatem,
2052 2174 2278 2237 simulque
2311 2176 2487 2224 senten-

368 2237 534 2282 tiarum
552 2271 566 2295 ,
583 2237 922 2299 verborumque
943 2240 1246 2301 gravitatem,
1275 2240 1353 2284 vix
1379 2251 1433 2282 ut
1453 2237 1565 2282 alius
1592 2236 1647 2282 fit
1669 2236 1791 2298 apud
1813 2237 2003 2282 Latinos
2027 2240 2164 2300 po'e'ta
2181 2272 2193 2296 ,
2230 2241 2308 2302 qui
2330 2243 2376 2288 in
2401 2244 2486 2289 hac

374 2301 519 2365 reipfi
537 2302 703 2347 merito
730 2302 940 2362 praeferri
969 2303 1118 2365 poffit.
1154 2301 1283 2360 Quid
1309 2301 1456 2347 dicam
1482 2301 1539 2346 de
1564 2300 1707 2346 modo
1733 2299 1815 2345 illo
1842 2299 2056 2364 singulari
2085 2319 2136 2348 ac
2161 2320 2306 2365 prope
2328 2307 2485 2354 divino

372 2365 676 2412 conneffoendi
705 2366 902 2413 fabulam
928 2383 1034 2414 cum
1063 2366 1246 2413 fabula?
1266 2367 1314 2411 in
1341 2382 1433 2428 quo
1459 2366 1521 2411 ita
1545 2365 1796 2424 excelluit,
1821 2377 1872 2410 ut
1896 2366 2010 2412 nihil
2040 2367 2486 2431 artificiosius,nibil

370 2430 690 2494 praestantius,
729 2431 843 2476 nihil
871 2432 1068 2494 denique
1094 2433 1296 2477 ornatius
1323 2443 1400 2476 aut
1435 2430 1527 2476 dici
1555 2443 1633 2475 aut
1667 2429 1765 2475 fieri
1794 2428 1958 2490 possit:
1995 2432 2118 2493 quod
2154 2448 2219 2479 res
2250 2434 2484 2483 diverfiffi-

371 2512 463 2541 mas
491 2494 683 2542 tractans
709 2495 818 2541 adeo
843 2495 1075 2558 ingeniose
1099 2511 1168 2541 eas
1197 2496 1481 2553 connexuit,
1516 2506 1568 2540 ut
1593 2510 1682 2540 una
1705 2495 1889 2540 materia
1916 2495 2049 2558 plane
2069 2496 2291 2544 videatur.
2363 2500 2484 2547 Illud

370 2562 506 2605 etiam
533 2561 721 2605 minime
742 2560 1028 2606 reticendum
1056 2559 1148 2619 est,
1184 2560 1378 2605 Latinos
1404 2559 1515 2605 olim
1540 2558 1783 2621 scriptores
1805 2557 1857 2604 ad
1885 2575 2025 2607 unum
2054 2560 2147 2606 fere
2170 2562 2349 2610 Graeca
2373 2582 2484 2629 ope-

372 2641 418 2670 ra
444 2626 490 2669 in
517 2625 734 2671 Latinum
765 2625 946 2670 vertisse
970 2624 1251 2683 sermonem,
1287 2622 1313 2669 a
1339 2624 1503 2685 quibus
1534 2625 1702 2669 eximia
1725 2623 1963 2683 doeirina,
1998 2638 2137 2688 atquc
2160 2629 2361 2675 eruditio
2386 2644 2486 2677 orta

374 2689 438 2734 est
474 2688 853 2752 praestantiflima.
921 2688 1101 2735 Contra
1134 2688 1305 2735 faetum
1342 2689 1427 2734 esse
1453 2687 1479 2734 a
1503 2689 1720 2735 Maximo
1746 2689 1950 2735 Planude
1984 2706 2120 2737 nemo
2154 2693 2368 2755 ignorat,
2403 2697 2484 2759 qui
2539 2686 2547 2747 ξ

375 2769 481 2799 cum
506 2755 683 2816 optime
706 2753 850 2800 noss'et
865 2754 1091 2801 Graecam
1118 2754 1322 2815 linguam
1347 2754 1514 2815 po'e'ma
1535 2769 1629 2799 non
1651 2753 1843 2811 habere,
1870 2755 1994 2816 quod
2020 2768 2146 2803 tanta
2167 2759 2314 2819 gratia
2332 2775 2383 2805 ac
2406 2774 2484 2806 ve·
2503 2795 2506 2797 ,

370 2817 575 2876 mistate,
611 2832 779 2881 quanta
802 2818 922 2878 hoc,
958 2818 1149 2877 flueret,
1185 2817 1210 2864 e
1238 2820 1409 2866 Latino
1432 2819 1479 2864 in
1503 2818 1736 2864 Graecum
1763 2818 1807 2864 id
1831 2820 2077 2867 transtulit.
2147 2822 2278 2880 Qud
2309 2824 2486 2871 multa?

372 2884 510 2928 Artes
536 2899 723 2942 omnes,
758 2899 870 2947 quae
901 2884 1098 2946 antiquis
1133 2896 1270 2929 notae
1295 2896 1449 2942 erant,
1486 2898 1594 2929 cum
1630 2883 1677 2930 in
1700 2882 1820 2942 aliis,
1855 2900 1969 2946 quae
1995 2884 2293 2949 conscripsit,
2330 2889 2484 2951 operi·
2540 2907 2542 2914 ’

367 2945 483 3005 bus,
518 2959 618 2993 tum
648 2950 848 2994 maxime
870 2949 917 2994 in
941 2949 1034 2995 hoc
1056 2949 1120 2994 ita
1152 2948 1427 3007 declaravit,
1462 2959 1515 2994 ut
1538 2948 1867 3011 quamplurimi
1900 2950 1985 2996 viri
2009 2948 2243 3014 utriusque
2269 2951 2480 3016 linguae,
2540 3005 2543 3019 ἢ

372 3026 484 3071 quae
510 3012 554 3058 in
582 3013 733 3074 pretio
758 3012 888 3071 sunt,
907 3012 1394 3077 intelligentia,atque
1416 3013 1641 3061 acerrimo
1658 3012 1838 3079 judicio
1862 3013 2162 3078 pi‘aestante8‚
2195 3014 2325 3079 supra
2345 3033 2481 3083 quam

370 3074 462 3122 dici
485 3077 666 3140 potest,
701 3076 993 3126 admirentur.

2302 3237 2479 3302 EJUS-
2542 3231 2544 3314 ᾗ

2536 1042 2547 1068 l*

2535 1069 2538 1091 l

2532 1224 2547 1249 ,δ’

2532 1253 2547 1336 ³3.

2533 1350 2547 1388 τί

2534 1400 2542 1477 l

2534 1500 2543 1540 l.

2534 1542 2547 1616 23³
