2547 3708
206 142 273 194 28

677 132 738 188 P.
811 124 1224 187 OVIDII
1297 119 1838 179 NASONIS

515 229 701 302 thue
724 229 838 291 ille,
875 225 1100 281 hisloriis
1123 225 1392 278 involvam
1419 223 1651 277 carmina
1676 223 1877 286 eaeciS‚

602 305 653 356 N
667 319 737 355 on
762 301 956 354 soleam
984 297 1223 371 quamvis
1249 298 1354 350 hoc
1382 312 1546 366 genus
1572 295 1679 364 ipse
1711 294 1872 366 sequi.

527 376 663 431 illius
688 373 934 444 ambages
965 372 1200 425 imitatus
1224 370 1278 423 in
1301 366 1476 430 ibide,
1517 366 1666 420 dicar

387 457 454 506 60

601 447 814 502 Oblitus
838 445 1028 507 moriS‚
1061 442 1355 515 judiciique
1382 440 1504 493 mei.

534 520 604 576 Et
630 519 914 590 quoniam,
952 516 1044 589 qui
1066 516 1157 578 sis,
1196 512 1440 569 nondum
1469 512 1845 584 quaerentibus
1873 514 2010 580 ed0,

607 592 764 648 ibidis
790 593 989 646 interea
1019 604 1076 644 tu
1102 603 1318 661 quoque
1345 602 1544 641 nomen
1569 585 1718 642 habe.

243 803 280 841 δῖ
299 799 414 845 ἐπῶν,
444 799 516 838 &o
549 796 596 836 Et
617 796 740 847 postea
759 794 946 834 recensens
967 806 1008 833 ea
1025 824 1034 840 ‚
1049 806 1143 844 quae
1163 793 1206 832 ab
1227 792 1290 831 iilo

244 855 371 902 scripta
393 853 493 889 fuere
508 879 517 894 ‚
546 850 592 887 de
616 849 715 886 lbide
741 847 831 885 haec
850 847 949 884 addit
964 844 1070 888 ι”Εςι
1093 846 1133 882 δὲ
1156 844 1291 887 ποίημα

248 902 566 947 ἓπιτετκδευμένον
585 898 636 941 εἰς
659 899 846 943 ἀσάφειαν
864 899 925 934 καὶ
948 897 1122 942 λοιδορίαν
1144 897 1192 939 εἰς
1212 908 1291 949 faux

238 952 326 998 Ἶβιν
341 982 350 999 ,
373 954 555 1000 γενόμενον
573 950 697 995 ἐχθρὸν
719 951 781 986 τοῦ
793 949 1056 994 Καλλιμάχου.
1081 945 1116 991 ἦν
1134 947 1174 984 δὲ
1192 949 1291 989 οὗτος

244 1005 508 1048 Ἀπολλώνιος,
539 1001 720 1048 ὁγράῲοις
751 1001 800 1035 ’τὰ
827 1000 1106 1046 'Amorem-170⁶&
1155 999 1289 1036 Caete-

246 1067 329 1095 rum
351 1055 532 1104 disputant
553 1059 867 1091 commentatores
881 1078 892 1095 ,
919 1059 1039 1089 utrum
1055 1050 1190 1100 patriae
1206 1060 1292 1088 cau-

248 1107 306 1152 sa,
335 1118 379 1143 an
416 1105 635 1154 impuritatis
660 1131 670 1148 ‚
710 1101 838 1139 Ibidem
866 1103 1009 1140 vocarit
1041 1101 1291 1150 Apollonium

248 1157 511 1196 Callimachus.
547 1155 629 1204 Ego
659 1165 750 1191 vero
773 1161 971 1202 utrumque
1006 1153 1158 1200 recipio.
1210 1152 1294 1189 Fuit

251 1210 350 1246 enim
367 1236 377 1252 ,
407 1215 446 1245 ut
473 1207 570 1245 idem
607 1205 731 1243 Suidas
752 1205 801 1241 ait
823 1232 835 1248 ,
873 1204 1095 1252 Apollonius
1120 1203 1295 1249 Ἀλεξαν-

250 1259 351 1305 apso,
373 1258 465 1295 ἐπῶν
482 1260 626 1299 ποιητὴς
640 1285 650 1300 ,
676 1254 867 1300 διατρίψας
887 1255 923 1291 ἐν
941 1252 1042 1303 ‘Pasa
1063 1283 1073 1301 ,
1114 1255 1185 1299 υἱὸς
1206 1258 1293 1292 Σιλ-

253 1313 345 1353 λέοι·ς
368 1337 377 1354 ,
413 1310 570 1353 ,ausurae
600 1309 875 1351 Καλλιμάχου,
904 1307 976 1343 δίε.
1034 1308 1084 1343 Ut
1116 1305 1164 1343 Ob
1193 1306 1291 1350 hoc,

253 1373 331 1400 non
344 1360 459 1398 solum
475 1366 623 1408 propter
644 1359 895 1404 impuritatem
916 1356 1291 1405 &spurcitiemipfius

253 1411 552 1461 significandam,
582 1409 660 1446 ibin
690 1409 761 1446 dici
778 1417 903 1457 putem
929 1421 937 1445 :
973 1408 1030 1445 sed
1055 1409 1092 1446 ὃς
1116 1410 1201 1456 quia
1222 1407 1291 1445 ΖΕ-

254 1464 402 1512 gyptius
432 1459 518 1499 esset
544 1461 655 1509 patria
672 1486 683 1504 ,
726 1460 828 1508 cujus
848 1469 964 1497 terrae
986 1459 1078 1497 haec
1099 1459 1173 1496 avis
1191 1458 1292 1508 quasi

252 1513 474 1562 peculiaris:
523 1521 681 1560 utroque
712 1520 837 1549 autem
869 1509 987 1547 modo
1026 1522 1089 1558 per
1122 1518 1294 1548 contem-

251 1572 383 1613 ptum,
415 1565 452 1601 ἃ
474 1561 753 1600 contumeliose.
786 1563 965 1599 MicYLL.
1006 1561 1167 1608 Joannes
1189 1561 1291 1598 Tor-

252 1616 371 1653 tellius
390 1615 563 1651 Aretinus
586 1641 595 1658 ‚
629 1614 749 1650 homo
779 1613 873 1650 bene
901 1612 1086 1656 literatus,
1113 1612 1176 1661 qui
1206 1623 1297 1649 avo-

253 1677 335 1704 rum
360 1666 567 1703 nostrorum
598 1661 780 1701 memoria
804 1664 1043 1712 juventutem
1067 1663 1195 1701 Italam
1217 1663 1296 1701 diu-

255 1717 370 1754 turnis
401 1716 629 1765 ignorantiae
655 1714 812 1752 tenebris
843 1714 1051 1752 involutam
1073 1742 1083 1760 ,
1120 1713 1221 1763 quasi
1251 1725 1297 1752 ex

255 1767 428 1805 altiffimo
466 1776 620 1804 veterno
649 1765 808 1803 excitare
831 1793 841 1809 ,
888 1766 927 1802 ὃς
969 1777 1054 1804 cum
1092 1765 1297 1802 Laurentio

256 1817 363 1855 Valla
390 1825 593 1855 coaetaneo
616 1817 653 1853 &
683 1816 853 1853 familiari
880 1815 968 1859 suo,
995 1828 1072 1854 rem
1101 1816 1297 1854 literariam

257 1869 384 1907 multis
404 1867 655 1916 scriptionibus
674 1866 806 1914 juvare
830 1874 982 1904 conatus
1000 1868 1071 1912 est,
1102 1868 1138 1904 in
1159 1867 1227 1905 suis
1250 1867 1297 1905 de

259 1919 534 1967 Orthographia
558 1918 848 1955 Commentariis
867 1929 966 1955 anno
982 1917 1099 1967 1488.
1127 1917 1298 1956 Veneriis

260 1969 422 2013 excusis,
447 1968 712 2005 Archilochum
728 1966 797 2005 effe
810 1967 895 2005 falso
913 1970 1077 2016 putavit,
1105 1980 1218 2018 quem
1242 1969 1299 2006 O-

259 2021 380 2058 vidius
406 2019 450 2056 ad
483 2017 704 2056 imitandum
734 2018 796 2055 fibi
818 2018 1038 2066 proposuit,
1076 2019 1173 2057 forte
1195 2020 1299 2068 quod

259 2070 506 2108 Archilochus
545 2067 800 2106 maledicentia
830 2068 962 2106 nobilis
992 2070 1072 2107 fuit.
1125 2070 1299 2108 Callima-

261 2121 351 2159 chus
370 2119 651 2168 intelligendus,
678 2120 740 2165 qui
762 2117 850 2154 ficto
873 2119 982 2154 Ibidis
1002 2120 1159 2158 nomine
1179 2121 1300 2169 Apol-

257 2172 405 2210 lonium
432 2169 622 2207 Rhodium
656 2167 872 2215 discipulum
911 2167 993 2204 diris
1023 2169 1300 2215 imprecationi·

262 2222 329 2260 bus
347 2221 534 2262 d'evovit;
576 2228 614 2257 ut
644 2218 746 2266 supra
777 2217 915 2255 dietum
943 2218 979 2255 in
1001 2218 1302 2267 Prolegomenis,

264 2272 366 2322 quod
387 2272 450 2309 hic
472 2282 549 2308 non
579 2281 722 2318 repero.
760 2268 792 2306 Is
820 2269 920 2305 enirn
942 2269 1121 2306 Battiades
1140 2269 1183 2306 ab
1207 2270 1304 2307 Ovi-

262 2325 351 2368 dio,
381 2321 526 2360 Catullo
548 2349 557 2366 ‚
587 2320 739 2368 Papinio
770 2319 886 2356 dietus
908 2347 917 2363 ,
956 2320 1058 2367 quod
1090 2320 1185 2358 Batti
1210 2320 1303 2359 filius

264 2373 374 2418 esset,
403 2382 441 2412 ut
473 2372 546 2421 ipse
574 2371 720 2409 testatur
750 2371 824 2408 hoc
855 2370 1133 2420 Epigrammate
1161 2372 1200 2408 in
1221 2370 1302 2409 Bat-

266 2433 369 2462 tum:

308 2485 414 2532 ’Ὀςις
434 2489 516 2533 ἐμὶν
538 2488 636 2535 παρῖο
664 2486 771 2532 σῆμοί
791 2486 906 2535 Φέρης
935 2486 1029 2524 orffa
1049 2491 1061 2532 ,
1098 2488 1302 2536 Κοιλλιμοὶῖ

448 2554 517 2586 χον
536 2552 582 2583 με

356 2588 429 2633 β’Ίςι
449 2590 640 2634 Κυρηναίου
657 2589 774 2626 παῖδά
791 2600 832 2625 τε
851 2591 911 2625 καὶ
931 2589 1081 2634 γενέτκν

318 2640 453 2684 Εἷδεὶκς
474 2642 504 2677 δ’
523 2643 633 2687 ἄμφω

318 2717 485 2766 §Quisquis
507 2716 581 2752 adis
603 2713 780 2750 tumulum
801 2726 853 2749 me
875 2713 1011 2750 noveris
1031 2714 1087 2763 effe
1101 2741 1110 2758 ,
1139 2714 1256 2755 viator

369 2767 581 2804 Callimachi
603 2776 728 2801 natum
743 2764 1019 2812 Callimachique
1036 2776 1171 2814 patrem
1184 2795 1196 2812 ,

322 2817 374 2856 sic
393 2818 508 2855 ambos
532 2816 623 2854 noris

269 2893 372 2940 Quin
385 2893 494 2929 etiam
509 2892 687 2940 originem
711 2890 806 2928 suam
823 2890 867 2927 ad
888 2889 1032 2927 Battum
1047 2919 1056 2934 ‚
1069 2891 1300 2939 Cyrenarum

270 2942 502 2981 conditorem
520 2971 528 2985 ‚
551 2942 727 2979 referebat
743 2968 752 2984 ‚
782 2941 801 2977 a
831 2952 907 2989 quo
932 2943 1062 2987 posteri
1083 2953 1214 2979 omnes
1231 2944 1298 2979 Ba-

269 2993 389 3031 ttadae
412 2993 589 3042 appellati.
618 2992 817 3029 Simiou.
852 2991 1062 3028 Bacchilides
1083 2996 1206 3031 eratin
1221 2993 1300 3030 Sar-

268 3055 432 3082 iaviano.

321 3140 376 3176 57.
406 3133 515 3178 thue
535 3126 592 3163 ille
611 3154 620 3171 ,
658 3125 806 3173 historiis
824 3125 1009 3163 involvam
1038 3124 1196 3162 carmina
1226 3138 1299 3163 cae-

265 3178 348 3226 cis.]
379 3179 501 3216 Suidas
523 3177 631 3214 etiam
648 3178 860 3214 Callimachi
880 3176 1040 3213 libellum
1066 3178 1102 3214 in
1126 3176 1203 3213 Ibin
1218 3188 1298 3224 per-

265 3228 455 3266 obscurum
486 3227 585 3267 fuiffe
605 3228 771 3272 testatur,
801 3228 846 3265 de
877 3239 953 3275 quo
975 3226 1168 3273 Papinium
1192 3227 1295 3274 loqui

264 3287 341 3315 non
373 3280 497 3317 dubito
525 3280 586 3319 hb.
611 3291 667 3318 iv.
695 3280 792 3327 Sylv.
821 3289 906 3316 cum
935 3286 1075 3326 patrem
1110 3276 1230 3317 laudat
1257 3279 1293 3315 i'n

2279 662 2382 718 Ut-

1349 790 1425 838 ejus
1442 790 1647 840 Epiced‘io,
1675 790 1777 839 quod
1809 790 2025 830 Callimachi
2047 818 2057 836 ,
2097 789 2382 840 Lycophronis,

1347 842 1569 890 Sophronis,
1598 843 1635 880 &
1656 842 1870 887 Corinnae,
1896 842 2015 881 versus
2038 841 2302 882 Obscurlsslmos
2324 847 2382 883 in·

1346 893 1545 942 telligeret,
1576 893 1623 930 sic
1644 895 1744 931 enim
1767 896 1897 932 canit?

1580 948 1631 980 Tu
1647 945 1795 990 pandere
1814 945 1930 982 deeius

1399 995 1572 1032 Carmina
1585 995 1774 1032 Battiadae
1788 1023 1798 1040 ,
1826 997 2044 1047 tenebrasque
2056 996 2280 1047 Lycophronis
2291 997 2364 1035 atri
2373 1027 2385 1043 ‚

1398 1046 1634 1096 Sophronaque
1664 1045 1871 1096 implicitum
1895 1075 1906 1093 ,
1944 1058 2122 1099 tenuisque
2154 1062 2287 1086 arcana
2319 1055 2388 1087 Co·

1528 1109 1662 1135 rimiae.

1350 1147 1420 1185 Sed
1443 1148 1480 1186 δε
1512 1149 1688 1186 Clemens
1715 1147 1985 1188 Alexandrinus
2012 1149 2073 1187 lib.
2100 1161 2135 1186 v.
2165 1150 2299 1189 Strom.
2322 1149 2389 1186 Εὖ-

1344 1197 1476 1264 Ιφορίων
1497 1201 1568 1245 γὰρ
1591 1202 1606 1237 ὃ
1631 1202 1796 1244 ποιητὴς,
1825 1202 1945 1249 inquit
1965 1229 1975 1244 ‚
2005 1202 2063 1236 ua}
2090 1200 2108 1241 ἦ
2130 1204 2387 1248 Καλλιμάχου

1338 1249 1448 1295 Ἰβις,
1471 1251 1535 1287 καὶ
1557 1252 1604 1286 τῖε
1623 1251 1726 1287 αἴτιοι
1743 1278 1754 1294 ,
1781 1252 1842 1286 aa}
1864 1252 1882 1294 ἦ
1905 1253 2122 1298 Λυκόφρονος
2146 1248 2387 1300 Ἀλεξάνὲροι,

1349 1303 1410 1339 καὶ
1435 1303 1484 1338 τοι
1501 1303 1648 1344 ταύτοις
1669 1303 1907 1346 παραπλήσιοι
1940 1305 2131 1349 γυμνάσιον
2152 1302 2201 1345 εἷς
2223 1303 2389 1350 ἐξήγησιν

1347 1355 1614 1399 ’γραμματικοῖς
1632 1353 1796 1390 ἔκκειται
1815 1353 1957 1391 ἕποιο-ιν.
1972 1354 2164 1402 Euphorion
2176 1354 2266 1391 enim
2280 1358 2391 1392 Ροὲιιι

1348 1416 1391 1444 (9¹
1414 1402 1627 1441 Callimachi
1647 1403 1714 1439 ibis
1734 1416 1777 1443 (9¹
1797 1410 1915 1452 causae
1935 1416 1979 1444 (φ’
1992 1404 2215 1454 Lycophronis
2227 1405 2391 1442 Alexan-

1349 1456 1435 1499 dra,
1465 1466 1507 1494 (φ
1526 1468 1612 1504 quae
1634 1455 1721 1502 sunt
1750 1454 1803 1491 his
1828 1455 1961 1505 similia
1984 1457 2072 1502 sunt
2090 1456 2198 1500 instar
2221 1455 2392 1505 gymnafii

1344 1504 1507 1557 propofita
1527 1506 1576 1541 ad
1589 1505 1831 1553 explicandum
1853 1506 2009 1543 omnibus
2030 1507 2283 1551 grammaticis.
2330 1509 2390 1545 Sic

1353 1558 1454 1596 enim
1476 1556 1738 1603 manuscriptus
1763 1568 1866 1595 meus
1889 1557 2112 1605 pervetustus
2133 1557 2264 1594 Codex
2280 1585 2290 1603 ,
2305 1569 2392 1596 cum

1354 1609 1391 1646 in
1412 1607 1584 1645 omnibus
1606 1607 1837 1646 Editionibus
1867 1607 1982 1645 desint
2013 1609 2103 1645 haec
2123 1609 2232 1645 verba
2248 1636 2258 1652 ,
2290 1611 2350 1646 καὶ
2372 1609 2396 1652 ἢ

1353 1655 1731 1704 ]<αλλιμάχου”1βις,
1760 1660 1795 1696 in
1821 1659 1975 1697 eandem
1999 1670 2152 1708 quoque
2174 1660 2393 1699 sententiam

1353 1711 1451 1748 forte
1479 1709 1686 1758 Spartianus
1722 1709 1978 1758 intelligendus
2001 1738 2011 1754 ‚
2057 1710 2117 1748 ubi
2149 1709 2195 1747 de
2226 1710 2395 1749 Adriano

1354 1762 1436 1799 ait:
1475 1759 1705 1797 Catacrianos
1733 1761 1834 1797 libros
1864 1759 2103 1808 obscurissimos
2131 1760 2396 1800 Antimachum

1354 1811 1528 1849 imitando
1540 1809 1683 1860 scripfit.
1711 1811 1753 1848 In
1775 1812 1877 1859 cujtis
1898 1811 1973 1848 loci
1995 1812 2277 1859 explanatione,
2305 1825 2395 1851 cum

1354 1863 1389 1901 se
1409 1863 1611 1902 multorum
1635 1863 1781 1911 ingenia
1804 1861 1958 1899 mirifice
1970 1862 2138 1900 torserint
2155 1890 2165 1906 ‚
2190 1863 2398 1910 JanusPar-

1353 1914 1487 1953 rhafius
1505 1912 1662 1960 Epistola
1684 1912 1727 1950 ad
1760 1912 1965 1950 Adrianum
1990 1912 2222 1951 Cardinalem
2240 1942 2250 1959 ,
2278 1914 2398 1953 existi-

1355 1974 1433 2003 mat
1462 1965 1667 2004 Adrianum
1704 1963 1974 2012 Imperatorem·
2001 1964 2039 2001 in
2063 1963 2236 2001 Coelium
2267 1966 2398 2003 Aetia·

1355 2028 1446 2055 num
1469 2024 1630 2053 tutorem
1655 2014 1746 2051 olim
1769 2014 2076 2064 Praefectumque
2093 2014 2196 2052 suum
2212 2043 2222 2059 ‚
2251 2017 2400 2054 cuisuc-

1356 2066 1533 2105 cefforem
1555 2064 1686 2110 dedit,
1716 2076 1906 2114 quemque
1935 2076 2027 2102 mox
2056 2065 2165 2101 hostis
2195 2066 2320 2104 habuit
2340 2067 2399 2105 lo-

1357 2130 1403 2156 co
1418 2146 1428 2163 ,
1456 2117 1548 2155 diras
1571 2114 1735 2153 effudisse
1762 2115 2011 2152 aemulatione
2033 2113 2248 2153 Callimachi
2265 2144 2274 2160 ,
2291 2117 2403 2154 ideo-

1357 2178 1431 2213 que
1450 2163 1730 2201 *rescribendum
1761 2165 1846 2199 κατ’
1876 2164 2059 2200 Ἀετιοινοῦ
2087 2164 2189 2202 libros
2217 2166 2400 2217 obscuriffi·

1359 2228 1430 2252 mos
1449 2213 1712 2252 Callimachum
1734 2214 1908 2252 imitando
1921 2213 2071 2264 scripfit.
2105 2216 2231 2266 Atque
2254 2220 2397 2258 utinam

1356 2265 1496 2304 libellus
1533 2266 1593 2303 ille
1625 2265 1840 2303 Callimachi
1870 2265 1985 2305 salvus
2024 2266 2068 2304 ad
2102 2279 2170 2305 nos
2200 2269 2398 2314 enatasset3

1361 2316 1534 2366 equidem
1569 2316 1658 2366 quid
1693 2317 1737 2354 ab
1768 2328 1815 2354 eo
1845 2317 1978 2355 Noster
2007 2318 2044 2355 in
2071 2317 2174 2356 suum
2209 2321 2398 2368 peculium

1358 2366 1606 2409 transtulisset,
1635 2367 2022 2406 animadverteremus.
2073 2370 2170 2407 Eum
2193 2372 2293 2408 enim
2315 2383 2399 2412 mea

1358 2418 1536 2457 sententia
1559 2418 1657 2456 Naso
1672 2430 1802 2467 magna
1817 2430 1861 2455 ex
1876 2427 1974 2467 parte
1996 2420 2138 2458 Latinis
2157 2421 2313 2460 versibus
2335 2435 2400 2462 ex-

1359 2471 1510 2518 pressit,
1555 2469 1876 2518 quemadmodum
1914 2470 2077 2508 Cat-ullus
2102 2474 2320 2519 po'e'mation
2350 2474 2397 2513 de

1359 2520 1482 2558 Coma
1513 2519 1717 2558 Berenices.
1755 2520 1898 2558 Verum
1928 2521 2110 2559 demersus
2134 2522 2182 2558 est
2206 2525 2397 2572 naufragio

1357 2571 1547 2610 AEtiorum
1568 2599 1579 2615 ‚
1627 2571 1803 2616 Hecales,
1841 2572 1880 2610 &
1908 2572 2063 2609 aliorum
2096 2573 2396 2621 opusculorum,

1359 2634 1453 2671 quae
1472 2621 1637 2671 scripsisse
1658 2634 1769 2668 quam
1791 2622 1946 2671 plurima
1970 2623 2183 2660 Athenaeus
2203 2625 2240 2660 &
2267 2625 2394 2664 Suidas

1357 2673 1609 2722 prodiderunt.
1644 2673 1834 2712 AEtioruin
1864 2681 1986 2711 autem
2019 2675 2235 2721 poemation
2258 2703 2270 2719 ,
2315 2688 2400 2725 quo.

1357 2725 1540 2762 sacrorum
1563 2726 1698 2763 ritus&
1713 2724 1828 2761 causas
1848 2724 2061 2772 complexus
2072 2724 2119 2762 est
2132 2725 2395 2772 Callimachus,

1357 2778 1517 2812 σκοτενόυ
1536 2775 1638 2813 fuiffe
1669 2775 1842 2812 Clemens
1866 2775 2135 2813 Alexandrinus
2168 2777 2284 2814 niodo
2312 2778 2389 2815 lau-

1356 2826 1459 2865 datus
1478 2827 1612 2875 aliique
1641 2826 1827 2863 testantur.
1883 2825 1923 2862 In
1953 2837 1999 2862 eo
2025 2836 2115 2862 vero
2145 2827 2393 2866 Callimachus

1356 2878 1516 2915 historias
1535 2878 1577 2914 ab
1599 2877 1703 2913 omni
1729 2876 1941 2923 cognitione
1966 2877 2222 2914 remotissimas
2240 2878 2392 2925 scriptu-

1357 2939 1414 2965 rus
1429 2956 1438 2972 ,
1467 2928 1572 2964 finxit
1588 2925 1778 2964 somniafl‘e
1797 2926 1991 2975 aliquando
2013 2927 2046 2964 se
2060 2927 2245 2964 Musarum
2261 2930 2386 2967 coetui

1354 2977 1609 3021 intervenisse,
1639 2988 1725 3025 quas
1757 2988 1841 3014 cum
1873 2977 1918 3014 de
1941 2978 2043 3014 rebus
2068 2977 2318 3026 antiquissimis
2345 2980 2386 3018 δε

1356 3028 1606 3065 obscurissimis
1629 3028 1867 3075 interrogaret
1880 3055 1890 3072 ,
1904 3027 2076 3075 accepisse
2096 3027 2139 3064 ab
2159 3029 2199 3065 iis
2212 3040 2251 3066 ea
2268 3056 2277 3072 ‚
2290 3041 2386 3077 quae

1356 3079 1478 3126 postea
1502 3078 1707 3115 memoriae
1737 3079 1914 3122 tradidit,
1952 3086 1992 3114 ut
2021 3076 2177 3130 ostendit
2194 3080 2387 3128 quoddam

1354 3131 1391 3165 in
1412 3141 1495 3166 eum
1512 3130 1745 3177 Epigramma
1760 3157 1769 3173 ,
1785 3130 1884 3177 cujus
1900 3127 2045 3165 initium
2068 3131 2201 3175 ὡμέγοι
2222 3134 2384 3167 Bam-ici-

1354 3179 1400 3214 δοι
1422 3179 1464 3215 τὸ
1495 3178 1570 3226 φῶς
1598 3180 1792 3223 περίπυςον
1817 3181 1927 3222 ὄνειροι
1949 3190 1956 3214 :
1997 3177 2093 3214 unde
2112 3179 2317 3228 Propertius
2341 3183 2385 3220 li«

1352 3230 1456 3267 bium
1477 3230 1576 3266 illum
1597 3229 1810 3268 Callimachi
1826 3227 1965 3267 Somnia
1986 3237 2096 3267 vocat
2115 3230 2217 3281 Eleg.
2238 3232 2299 3271 ult.
2321 3233 2389 3275 lib„

1350 3293 1395 3320 11.
1423 3292 1507 3320 cuin
1529 3282 1599 3319 ait:

2328 3338 2385 3383 rs
