2547 3708
262 115 323 169 η,
671 91 2019 156 PRonEGoMENA

558 251 628 266 ·--
663 253 731 265 --
772 218 880 273 Sed
901 218 954 276 {²9³
984 218 1240 289 insultare
1245 216 1464 289 jacenti

632 290 706 347 Te
730 292 860 346 mihi
887 330 901 354 ‚
939 309 1035 344 nec
1060 290 1243 345 verbis
1254 303 1484 362 parcere
1495 293 1650 362 fama
1676 294 1862 364 refert.

265 418 542 490 Repetere
574 415 788 471 videtur
816 415 870 469 in
895 414 1038 479 Ibin,
1078 413 1184 469 hoc
1208 414 1405 469 modo:

556 540 892 612 Vulneraque
917 540 1138 593 immitis
1160 539 1389 610 requiem
1417 543 1727 611 quaerentia
1750 553 1949 608 vexat,

635 613 831 684 Jac‘i'at
859 613 912 671 [⁹5
939 614 994 668 in
1022 625 1128 668 toto
1152 611 1318 666 verba
1344 615 1532 668 canina
1553 616 1691 684 foro,

265 739 339 795 Et
363 739 520 812 paulo
544 738 688 812 post:

561 863 645 918 At
670 864 798 928 tibi,
837 861 1046 933 calcasti
1068 863 1160 935 qai
1185 881 1263 917 me
1290 866 1521 919 violente
1541 866 1831 934 jacentem,

631 935 753 1015 Qta
778 938 903 992 licet
929 936 1024 990 hen
1048 937 1230 1006 mistro
1255 936 1460 993 debitus
1486 937 1637 1011 hostis
1665 958 1763 994 ero,

263 1061 631 1145 Hancoautem
655 1062 898 1136 Elegiam
935 1061 990 1117 in
1013 1059 1300 1134 Higynum
1327 1062 1687 1136 conscriptam
1725 1062 1829 1119 esse
1854 1063 2132 1122 verisimile
2157 1064 2259 1133 est,
2296 1081 2418 1124 cum

266 1152 411 1190 enim
434 1149 636 1208 inquit:

557 1261 660 1314 Ille
686 1273 772 1336 ego
784 1264 933 1332 stim,
973 1281 1282 1336 quamquam
1307 1282 1402 1317 non
1426 1266 1516 1317 vis
1542 1264 1754 1327 audire,
1791 1264 2001 1336 vetusta*

630 1335 777 1390 Pene
787 1347 929 1408 puer
948 1349 1110 1409 puero
1116 1336 1347 1407 juraras
1370 1338 1629 1392 amicitia.

261 1457 419 1513 Dixit
441 1470 598 1529 pene,
637 1460 790 1532 quia,
829 1460 960 1515 teste
997 1459 1260 1515 Suetonio
1283 1499 1298 1523 ‚
1340 1459 1594 1532 Higynus
1633 1461 1960 1518 Alexandria.
2001 1478 2133 1535 puer
2170 1461 2422 1520 advec’tus

264 1546 407 1597 erat,
447 1533 502 1585 &
529 1532 733 1588 Ovidio
759 1533 1182 1590 familiariflimus
1206 1532 1324 1589 fuit.
1362 1534 1567 1589 Rursus
1595 1533 1684 1588 ubi
1711 1534 1807 1590 fic:

555 1656 660 1712 Ille
686 1677 771 1733 ego
772 1659 1007 1732 judiciis
1029 1660 1184 1714 unica
1212 1658 1373 1729 Mafa
1408 1659 1532 1713 tais.

259 1779 410 1836 Illum
449 1782 688 1854 apprime
731 1783 1001 1838 literatum
1052 1796 1213 1857 atque
1258 1784 1419 1838 etiam
1467 1784 1733 1840 Criticum
1773 1784 1877 1840 esse
1924 1785 2099 1842 innuit
2128 1828 2140 1848 ,
2205 1786 2418 1858 qualem

260 1853 411 1908 fuisse
438 1854 640 1909 constat
671 1855 987 1929 khgynum,
1026 1857 1173 1928 cujus
1201 1858 1257 1911 in
1283 1857 1574 1928 Virgilium
1615 1862 2000 1914 commentaria
2038 1859 2323 1914 laudantur
2349 1859 2413 1913 ab

262 1928 333 1981 A.
373 1926 570 1982 Gellio.
644 1929 760 2000 Jam
793 1947 922 1984 vero
968 1947 1092 1984 cum
1135 1930 1334 1986 nullam
1370 1930 1511 2002 apud
1552 1931 1816 1986 Ovidium
1869 1933 2063 2005 apertis
2102 1932 2275 1986 verbis
2314 1930 2422 1985 Hi-

263 2000 391 2070 gyni
431 2001 765 2055 mentionem
803 2001 918 2055 fieri
956 2003 1182 2074 liqueat,
1219 2002 1498 2058 subortum
1540 2004 1795 2076 equidem
1824 2005 1964 2059 inter
1988 2004 2124 2077 ipsos
2150 2003 2422 2059 diffidium

261 2071 509 2143 suspicari
549 2073 710 2135 licet,
761 2074 912 2143 quod
952 2073 1205 2146 Higynus
1241 2075 1427 2130 Ovidii
1466 2076 1727 2131 exulantis
1756 2094 2016 2138 uxorem,
2054 2076 2125 2127 ob
2149 2076 2418 2144 pristinam

263 2161 388 2198 cum
427 2145 518 2199 illo
559 2144 1004 2200 consuetudinem
1044 2147 1405 2215 proculdubio
1443 2147 1536 2197 fibi
1585 2146 1909 2199 notissimam
1937 2185 1953 2209 ‚
2006 2146 2286 2201 sollicitare
2326 2166 2415 2202 au-

262 2217 344 2271 sus
385 2216 513 2272 esset
539 2257 553 2281 ‚
603 2218 827 2290 ejusque
863 2216 1137 2270 facultates
1177 2215 1240 2270 ab
1276 2215 1557 2287 August0‚
1605 2216 1753 2287 cujus
1789 2218 2007 2274 libertus
2043 2232 2197 2283 erat,
2247 2220 2416 2292 impe-

267 2302 405 2344 trare
435 2305 737 2346 conaretur.
814 2289 1051 2344 Proinde
1090 2288 1234 2344 Naso
1264 2288 1382 2360 jure
1419 2289 1473 2343 in
1509 2290 1681 2361 ipsum
1719 2290 1988 2356 invePtus,
2026 2292 2419 2350 Callimachum

264 2362 460 2417 imitari
485 2365 652 2418 voluit
685 2387 699 2426 ;
740 2363 937 2418 scilicet
979 2375 1037 2416 ur.
1073 2362 1159 2416 ille
1200 2362 1553 2434 Apollonium
1581 2401 1597 2427 ‚
1639 2363 1790 2435 quod
1829 2365 2224 2426 Alexandrinus
2264 2367 2422 2432 effer,

263 2434 379 2489 Ibin
417 2437 696 2506 appellavit
723 2474 739 2500 ‚
789 2435 895 2506 ipse
931 2435 1131 2507 pariter
1182 2433 1468 2506 Higynum
1496 2472 1512 2497 ,
1575 2436 1668 2507 qui
1716 2437 1744 2490 a
1791 2439 2056 2493 nonnullis
2099 2439 2420 2494 Alexandri-

265 2524 363 2562 nus
401 2507 606 2562 habitus
645 2507 720 2563 est
744 2548 760 2573 ‚
812 2508 924 2562 [bin
964 2508 1241 2562 vocitaret.
1319 2507 1738 2562 Advertendum
1777 2523 2053 2580 praeterea
2076 2552 2092 2576 ‚
2128 2513 2276 2585 quod
2316 2513 2419 2566 Ibi-

266 2580 484 2708 digum
524 2581 735 2636 Nasone
779 2580 862 2652 jus
900 2579 1103 2637 aretum
1141 2579 1543 2636 neceffitudinis
1582 2581 1944 2639 intercesserat
1967 2624 1983 2649 ,
2033 2598 2092 2642 ut
2130 2603 2198 2641 ex
2235 2585 2317 2642 his
2354 2585 2416 2640 li-

266 2670 357 2726 qui
404 2670 437 2707 o
473 2666 649 2725 patet:

558 2777 779 2843 Desinet
806 2777 896 2846 effe
916 2780 1074 2850 prius
1097 2780 1395 2832 contrarias
1417 2778 1623 2851 ignibus
1644 2782 1848 2848 humor,

626 2851 930 2923 JanHaqu-e’
954 2869 1065 2904 cam
1094 2850 1256 2905 Lami
1292 2852 1488 2906 lamma
1516 2851 1654 2907 Solis
1676 2869 1859 2911 erunt.

266 2949 483 3007 Deinde
508 2950 625 3023 post
649 2950 854 3006 αἶὸὗνοιτα,
881 2953 1072 3015 multa,

560 3054 732 3128 Qtam
758 3053 972 3122 mihistt
999 3066 1192 3116 tecum,
1227 3055 1409 3126 posttis
1433 3053 1874 3128 qztaefitmpst'mzts
1902 3051 2092 3116 armis,

635 3125 861 3193 Gratia,
899 3127 1160 3199 commiffls
1186 3128 1408 3200 improbe
1433 3139 1593 3202 rupta
1618 3131 1746 3186 tuis.

2283 3193 2416 3251 Hoc
