2547 3708
268 209 334 277 96
727 187 792 242 P.

557 287 634 344 Ut

867 171 1277 238 OVIDII
1350 165 1881 228 NASONIS

674 301 808 358 quos
830 282 962 336 Dux
984 275 1198 330 Poenus
1223 270 1400 326 mersit
1431 266 1725 338 putealibus
1750 264 1936 328 undis,

633 359 702 415 Et
730 355 865 426 ‘jauo
888 367 1040 406 canas
1066 348 1284 418 pulvere
1311 341 1437 396 fecit
1466 356 1637 410 aquas.

566 434 671 489 Sex
696 431 773 485 bis
799 441 857 482 ut
878 421 1115 482 Icaridos
1140 417 1365 474 famulae
1388 411 1595 486 periere
1613 449 1628 474 ‚
1665 409 1954 482 procique‚

277 682 321 711 ω’
341 670 377 708 in
393 666 572 718 puluerem
602 661 740 708 versum
767 654 808 704 esl
832 683 842 699 ,
879 653 989 692 tribus
1014 651 1122 699 folum
1152 646 1311 704 dentibus

278 719 463 759 molaribus
497 711 728 753 admirandae
756 704 1009 755 magnitudinis
1029 731 1039 746 ‚
1077 713 1120 742 (φ’
1143 698 1311 737 anteriori

279 772 391 809 cranii
404 779 501 817 parre
515 794 524 809 ‚
537 766 734 811 aliquorum
752 758 945 796 modiorum
964 751 1185 799 Sicilienfium
1208 759 1308 798 capa-

277 815 627 865 cc‚incorruptiffimis
649 807 896 860 acfirmiffimis
909 805 1047 843 reliffiis.
1100 801 1241 851 Eryoim'
1269 801 1307 836 in

279 873 325 909 rei
338 871 444 917 fidem
467 881 505 904 ac
525 863 734 903 miraculum
754 860 868 896 dentes
883 857 943 906 filo
957 858 1068 903 ferreo
1088 854 1135 890 ad
1155 851 1309 899 crucifixi

274 921 396 972 pedes,
433 920 493 969 qui
522 919 559 954 in
590 914 700 952 medio
730 910 860 960 Templi
892 906 1142 946 Annunciatae
1159 903 1307 956 ejusdem

277 973 384 1022 oppidi
405 968 573 1019 pendebat
595 995 605 1011 ‚
640 962 894 1012 suspendi-runt.
952 965 1041 994 Haec
1078 954 1167 993 mihi
1197 964 1313 989 omnia

263 1029 452 1064 *Senatores
479 1017 619 1067 Erycini
646 1015 851 1052 retulerunt.
914 1007 1091 1045 Meminit
1120 1007 1157 1042 &
1188 1001 1315 1040 exafie

277 1074 386 1122 hujus
414 1070 575 1117 exempli
592 1069 752 1114 Joannes
781 1061 978 1099 ssoccacius
1005 1058 1065 1095 lib.
1088 1068 1142 1093 iv.
1164 1066 1241 1101 cap.
1258 1053 1318 1090 68.

279 1125 326 1162 de
358 1120 585 1167 Genealogia
628 1118 810 1154 Deorum.
873 1109 985 1147 Certe
1015 1107 1315 1155 Polyphemum,

280 1174 442 1222 aliosque
463 1170 647 1218 Cyclopas
669 1166 788 1204 sedem
815 1162 859 1199 ad
881 1161 1041 1208 Erycem
1067 1167 1237 1195 montem
1254 1156 1318 1192 ha-

281 1223 395 1263 buisse
430 1222 533 1270 supra
561 1219 720 1256 diximus
751 1215 796 1251 ad
824 1212 965 1250 versum
984 1220 1070 1255 271.
1116 1208 1317 1244 SeLvAGN.

281 1272 453 1322 Demerfit
473 1272 543 1309 alii.
577 1269 650 1307 vid.
672 1267 716 1305 ad
741 1262 891 1314 Quin&
916 1275 949 1299 x.
980 1262 1025 1298 de
1055 1258 1138 1297 Inst.
1160 1259 1263 1294 Orat.
1287 1269 1319 1295 1.

284 1328 323 1364 &
352 1325 395 1362 ad
418 1322 568 1361 Phaedr.
594 1332 646 1357 xv.
669 1333 703 1365 ς.
743 1314 954 1361 Salvagnius
988 1323 1079 1348 vero
1101 1337 1112 1355 ‚
1142 1310 1178 1346 in
1203 1309 1319 1355 prima

284 1376 473 1418 editione,
496 1373 528 1411 se
549 1374 583 1408 iri
597 1370 727 1407 codice
741 1363 1051 1404 SawVicftoriano
1076 1389 1085 1404 ‚
1118 1360 1155 1395 in
1181 1358 1320 1405 vastum

283 1427 410 1463 alvum
438 1422 604 1472 reperille
626 1420 764 1457 scribit,
804 1419 840 1453 δε
869 1413 1042 1461 exemplo
1075 1412 1217 1449 Cinnae
1239 1421 1323 1457 pro-

283 1478 413 1520 babat,
443 1475 515 1511 vid.
543 1477 579 1510 ὃς
601 1471 721 1508 Barth.
743 1480 832 1505 vrri.
861 1465 957 1502 Adv.
982 1464 1085 1509 14&
1111 1474 1161 1498 ix.
1183 1474 1216 1505 4.
1246 1460 1324 1497 Ad-

286 1529 396 1566 debat
429 1527 465 1563 &
498 1518 838 1569 locuniColumell.
864 1528 908 1552 ex
927 1515 990 1552 lib.
1014 1527 1047 1551 x.
1074 1512 1118 1554 Χῖ.
1143 1512 1220 1555 146.
1249 1511 1324 1547 Flo-

286 1579 366 1615 rida
385 1590 461 1614 cum
480 1575 600 1621 [obolos
620 1568 935 1618 maternopullulat
967 1564 1063 1601 alvo.
1099 1563 1146 1600 ita
1168 1562 1326 1610 Gryphii

287 1638 385 1667 certe
407 1627 535 1665 editio.
561 1624 619 1662 sed
641 1623 729 1660 aliae
745 1649 756 1667 ,
784 1632 882 1657 arvo.
911 1618 948 1654 δε
969 1617 1017 1654 ita
1034 1614 1164 1652 Codex
1185 1613 1326 1650 S.Ger·

290 1681 407 1718 mani.
428 1679 557 1715 Euam,
784 1692 787 1694 -

348 1742 433 1779 390.
482 1734 524 1764 Ut
554 1722 847 1773 Laestrygoniae]
901 1719 1170 1767 Laestrygones
1197 1714 1325 1762 populi

290 1780 518 1830 Campaniae
541 1776 791 1814 immanissimi
808 1803 817 1818 ‚
847 1775 1008 1810 humana
1031 1780 1137 1807 carne
1159 1765 1328 1803 vietitan-

288 1841 355 1870 tes.
409 1833 556 1868 Horum
580 1829 658 1865 Rex
690 1827 758 1863 fuit
783 1824 1021 1870 Antiphates,
1050 1820 1112 1868 qui
1136 1814 1299 1866 Vlyffeni
1317 1842 1327 1857 ‚

287 1885 325 1921 in
345 1884 427 1920 litus
441 1882 541 1918 suum
557 1878 804 1924 ‚tempestatis
826 1877 992 1923 impetu,
1019 1870 1177 1916 ejec‘ium
1205 1895 1213 1911 ‚
1241 1867 1328 1903 totis

291 1933 427 1970 viribus
450 1929 701 1978 oppugnavit,
732 1936 923 1973 unumque
953 1935 998 1958 ex
1023 1921 1125 1958 sociis
1156 1919 1233 1966 ejus
1265 1928 1329 1953 ore

290 1981 556 2031 apprehensum
594 1978 794 2015 dilaniavit.
847 1976 1087 2012 Imaui—ans.
1128 1968 1331 2014 Laestrigo-

291 2047 356 2072 nes
377 2034 579 2080 Gigantum
607 2039 721 2076 genus
752 2028 876 2067 fuere,
905 2036 997 2071 quos
1019 2021 1190 2058 humanis
1213 2018 1328 2054 carni-

293 2085 361 2122 bus
391 2083 483 2120 vesci
512 2080 634 2118 solitos
664 2076 781 2115 scribit
802 2075 939 2112 Plinius
966 2072 1027 2108 lib.
1053 2081 1124 2106 vir.
1146 2081 1221 2115 capi
1241 2079 1276 2104 2.
1302 2067 1329 2103 Ii

294 2135 412 2172 socios
440 2133 580 2178 aliquot
609 2127 743 2176 Vlyffis
775 2126 929 2162 verubus
958 2120 1169 2162 transfixos,
1197 2120 1233 2154 δί
1257 2118 1332 2162 igni

296 2184 388 2222 assos
417 2183 640 2219 devorarunt
671 2177 766 2223 apud
794 2178 1008 2213 Homerum
1033 2169 1164 2217 Odyss.
1183 2182 1217 2205 x.
1243 2169 1331 2203 Ubi—

293 2247 381 2273 nam
405 2243 494 2270 vero
527 2231 626 2268 sedes
658 2238 787 2265 eorum
819 2224 925 2261 fuerit
945 2223 1037 2258 inter
1058 2221 1229 2256 authores
1257 2229 1333 2253 non

296 2284 488 2323 convenit.
540 2279 704 2327 Quidam
731 2288 855 2324 agrum
888 2272 1165 2309 Leontinorum
1191 2270 1226 2305 in
1249 2267 1337 2303 Sici-

297 2337 345 2374 lia
368 2330 519 2372 tenuisse
545 2329 795 2378 prodiderunt.
848 2327 956 2373 Quae
986 2321 1137 2370 quidem
1168 2319 1250 2356 urbs
1270 2318 1338 2353 ho-

299 2386 359 2424 die
380 2383 518 2420 Lentini
540 2389 704 2417 vocatur.
758 2378 859 2415 Hinc
880 2373 1095 2421 Laestrigonii
1115 2368 1331 2417 campicirca

299 2436 510 2474 Leontinos
528 2431 694 2480 appellati
712 2457 720 2471 ,
748 2428 793 2465 de
814 2426 941 2476 quibus
955 2423 1166 2470 Geographi
1181 2428 1331 2456 veteres.

299 2488 343 2525 In
366 2497 478 2535 quam
500 2482 716 2520 sententiam
749 2477 877 2515 lsacius
899 2477 1061 2513 Tzetzes
1092 2473 1130 2508 in
1152 2468 1334 2518 Lycophro-

302 2551 394 2576 nem.
448 2533 690 2577 Λαιςρυγόνες
712 2530 753 2565 δέ
773 2528 856 2564 εἰσιν
873 2527 904 2562 οἱ
927 2529 980 2561 νῦν
1001 2524 1037 2560 ἐν
1056 2523 1209 2566 Σικελίᾳ
1231 2526 1336 2554 Λεον-

304 2591 386 2627 τῖνοι
400 2615 410 2631 ,
439 2585 670 2632 Laestrygones
690 2593 770 2617 vero
782 2580 869 2626 sunt
884 2577 943 2624 qui
963 2573 1121 2618 nuncjin
1141 2571 1255 2608 Sicilia
1279 2575 1338 2604 Le-

302 2640 414 2677 ontini
435 2637 612 2673 dicuntur.
664 2633 775 2668 Certe
786 2626 1052 2675 Thucydides,
1078 2621 1340 2675 antiquissimus

307 2690 465 2736 Scriptor
483 2714 490 2729 ,
516 2685 578 2723 lib.
592 2695 645 2720 vr.
676 2682 859 2730 Cyclopas
874 2680 910 2715 δι
929 2677 1189 2723 Laestrygonas
1204 2671 1342 2709 Siciliae

247 2761 250 2764 ⁴
309 2748 448 2788 partem
477 2735 661 2785 quandam
690 2729 844 2770 tenuifl'e
865 2736 1008 2770 narrat,
1039 2735 1198 2774 quorum
1222 2732 1344 2769 neque

310 2800 447 2838 genus,
475 2797 595 2832 neque
618 2784 716 2822 unde
731 2782 899 2819 venerint
919 2806 928 2822 ,
958 2773 1345 2824 nequequoabierint,

308 2841 344 2878 se
376 2846 608 2885 compertum
642 2834 773 2871 habere
805 2829 1006 2880 profitetur.
1035 2827 1110 2864 Alii
1142 2823 1346 2869 Laestrigo-

315 2902 379 2928 nes
415 2890 452 2925 in
494 2886 590 2923 ltalia
636 2883 833 2930 posuerunt
871 2880 914 2918 ad
950 2879 1190 2916 Formianum
1233 2875 1314 2911 lztus
1337 2900 1348 2916 ,

315 2939 412 2978 haud
451 2939 497 2973 ita
526 2934 652 2983 procul
682 2933 701 2970 a
734 2934 890 2969 Circaeo
915 2938 1069 2972 monte,
1101 2925 1216 2974 ipsum
1246 2923 1351 2970 oppi-

316 2991 405 3028 dum
439 2987 601 3024 Formias
636 2985 742 3020 Lami
765 2983 886 3021 sedem
910 2980 1096 3017 facientes.
1130 2973 1238 3012 Unde
1253 2974 1353 3011 Flac-

320 3052 384 3080 cus
424 3037 511 3076 Ode
548 3048 600 3080 17.
638 3035 697 3071 lib.
729 3047 792 3071 111.
829 3032 873 3070 ad
898 3030 1039 3068 AElium
1063 3027 1248 3065 Lamiam:

376 3106 459 3144 Aeli
474 3102 602 3149 vetusto
623 3098 743 3137 nobilis
761 3096 804 3133 ab
827 3100 932 3130 Lamo
946 3122 956 3138 ‚

370 3155 524 3207 Qandi
545 3164 585 3192 ω’
602 3152 726 3199 priores
746 3149 825 3184 hinc
849 3145 995 3181 Lamias
1009 3145 1132 3190 ferum

422 3203 692 3245 Denominatos‚
723 3210 764 3237 ω’
786 3205 941 3243 nepotum

424 3263 489 3295 Per
508 3267 672 3294 memores
688 3261 792 3301 genus
811 3259 909 3283 omne
930 3246 1057 3294 fastos.

2311 476 2394 533 In-

1418 646 1579 684 Authore
1597 647 1640 683 ab
1661 645 1725 695 ipfh
1746 643 1841 683 ducis
1859 642 2023 692 originem
2035 644 2057 688 ‚⁷

1417 700 1492 747 Qi
1514 700 1733 735 Formiarum
1755 698 1886 733 moenia
1908 695 2037 731 dicitur

1468 749 1624 797 Princeps
1637 776 1646 792 ‚
1676 761 1716 787 (5
1733 747 1916 783 innantem
1940 744 2098 782 Maricae

1466 800 1637 836 Litoribus
1658 797 1795 845 tenuiffe
1816 798 1914 834 Lirin
1926 823 1938 842 ,

1416 852 1503 889 Late
1523 856 1719 899 Tyrannus.

1372 924 1457 970 Qua
1480 922 1524 959 de
1548 933 1585 959 re
1608 920 1794 968 Philippus
1813 918 2008 957 Cluverius
2030 915 2180 963 copiose
2202 914 2343 953 inlibris
2354 915 2400 953 de

1372 974 1475 1011 Italia
1493 1001 1503 1017 ,
1534 974 1570 1009 &
1593 971 1713 1009 Sicilia
1736 970 1895 1017 antiqua.
1943 969 2139 1006 sarvam.
2167 972 2209 1002 Ut
2228 966 2404 1015 plerique.

1376 1025 1476 1062 malo
1503 1025 1613 1060 etiam
1637 1050 1646 1065 ,
1684 1021 1932 1068 Laestrygonias
1964 1019 2081 1056 lares.-
2121 1017 2186 1054 nisi
2212 1017 2313 1065 quod
2333 1027 2404 1056 tres

1376 1076 1521 1123 scripti,
1557 1071 1810 1121 Laestrygonias
1823 1072 1949 1107 domos.
1978 1065 2104 1117 probe.
2133 1069 2278 1106 Heius.
2313 1077 2406 1105 rates

1371 1128 1460 1163 alter
1479 1125 1665 1162 Petavian.

1426 1186 1508 1224 391.
1538 1181 1579 1211 Ut
1592 1188 1674 1225 quos
1695 1175 1769 1210 dux
1786 1170 1954 1221 Poenus.]
1983 1169 2142 1208 Annibal
2158 1169 2410 1217 L'egatosRo-

1373 1238 1572 1265 manorum
1601 1229 1638 1263 in
1668 1234 1820 1273 puteum
1853 1223 2040 1271 projecit,
2076 1222 2113 1257 ἃ
2133 1221 2322 1268 pulverem
2345 1220 2411 1257 de·

1373 1279 1477 1326 super
1496 1278 1632 1326 injecit.
1689 1276 1930 1312 INTERPRES.
1957 1274 2227 1310 Acerranorum
2257 1270 2413 1307 Senato-

1377 1342 1430 1366 res
1463 1329 1504 1365 ab
1533 1326 1715 1364 Annibale
1742 1338 1805 1374 per
1834 1325 2001 1362 fraudem
2033 1331 2157 1370 captos
2180 1350 2189 1364 ‚
2227 1321 2264 1358 &
2285 1322 2323 1358 in
2343 1332 2412 1367 pu-

1378 1389 1481 1417 teum
1505 1379 1688 1416 demersos
1717 1382 1822 1415 notat
1843 1376 2012 1412 Valerius
2033 1386 2084 1410 ix.
2113 1384 2190 1420 cap.
2209 1373 2243 1408 6.
2271 1372 2310 1408 &
2333 1371 2414 1419 Ap-

1379 1433 1507 1479 pianus
1540 1430 1696 1477 Libyco.
1750 1427 1978 1464 Eeumus.
2026 1427 2298 1462 Acerranorum
2327 1421 2416 1459 dicit

1379 1482 1583 1524 senatores,
1612 1491 1705 1528 quos
1736 1487 1836 1516 extra
1865 1476 2014 1513 moenia
2035 1474 2161 1513 fraude
2185 1472 2415 1510 induciarum

1381 1539 1557 1569 evocatos
1588 1532 1734 1568 Poenus
1765 1527 1923 1565 Annibal
1941 1525 2111 1564 demersit
2140 1526 2176 1562 in
2197 1531 2350 1571 puteos,
2377 1529 2418 1560 ut

1382 1583 1465 1619 Val.
1492 1582 1592 1618 Maxi
1611 1582 1671 1618 lib.
1691 1593 1746 1619 rx.
1777 1591 1852 1627 cap.
1871 1578 1907 1614 6.
1934 1579 1971 1615 &
1994 1577 2152 1626 Appian.
2178 1577 2214 1611 iri
2246 1574 2336 1611 libro
2356 1573 2419 1610 cui

1380 1645 1521 1671 nomen
1545 1632 1592 1668 est
1613 1632 1774 1678 Libycus
1789 1659 1799 1675 ‚
1837 1628 2031 1666 tradidere.
2058 1627 2117 1664 sed
2128 1627 2221 1662 hanc
2240 1625 2420 1672 interpre-

1380 1687 1562 1722 tationem
1601 1683 1791 1719 Absteniio
1828 1679 1958 1729 pariter
1990 1680 2028 1716 &
2057 1676 2190 1714 seniori
2217 1674 2324 1711 debes
2347 1673 2419 1723 B&

1381 1734 1522 1772 roardo.
1567 1734 1718 1770 Cos-ST.
1738 1733 1831 1769 Fau.
1884 1730 1942 1766 De
1969 1729 2043 1765 hoc
2079 1728 2166 1765 loco
2195 1732 2421 1762 annotarunt

1382 1785 1557 1834 Egnatius
1579 1786 1616 1821 &c
1638 1782 1829 1824 Fanensis,
1859 1781 1896 1817 8<
1917 1788 2000 1816 ante
2029 1779 2097 1815 hos
2127 1776 2270 1814 Codrus
2290 1775 2326 1812 in
2348 1775 2422 1822 pri-

1384 1848 1450 1873 mo
1475 1837 1712 1873 Sermonum.
1728 1843 1815 1870 nota
1837 1831 1882 1868 est
1904 1830 2050 1867 historia
2069 1841 2113 1865 ex
2127 1827 2285 1874 Appiani
2306 1826 2424 1873 Liby-

1386 1899 1455 1930 co,
1486 1888 1523 1923 &
1553 1886 1690 1922 Valerii
1721 1885 1812 1921 libro
1843 1893 1947 1919 nono
1967 1908 1976 1924 ‚
2014 1881 2132 1928 capite
2164 1879 2287 1914 sexto:
2316 1876 2422 1924 cujus

1387 1938 1495 1974 verba
1518 1936 1597 1973 sunt
1618 1937 1707 1972 haec
1726 1948 1733 1971 :
1766 1932 1926 1970 Annibal
1949 1942 2047 1979 porro
2071 1929 2258 1966 Nucerinos
2278 1926 2424 1963 hortatu

1379 1989 1443 2037 suo
1469 2000 1546 2023 cum
1575 1985 1664 2021 binis
1696 1983 1905 2031 vestimentis
1926 2009 1936 2024 ‚
1965 1981 2082 2017 urbem
2102 1977 2423 2026 inexpugnabilibus

1388 2039 1497 2075 muris
1526 2037 1674 2072 cinnam
1702 2036 1854 2082 egmſjffl,
1882 2041 2005 2079 vapore
2033 2044 2073 2070 (9¹
2095 2032 2197 2076 fumo
2216 2028 2422 2064 balnearum

1382 2087 1659 2135 strangulando.-
1689 2098 1731 2124 ει]
1758 2090 2024 2121 Acernanorum
2045 2083 2209 2129 senatum
2228 2079 2345 2115 eadem
2366 2091 2428 2113 ra-

1391 2140 1481 2175 tione
1502 2148 1603 2173 extra
1627 2137 1760 2172 moenia
1773 2145 1978 2176 evocatum,
2008 2130 2226 2179 inprofunda
2241 2137 2425 2176 puteorum

1388 2188 1600 2230 abjiciendo,
1631 2200 1740 2222 nonne
1760 2184 1886 2220 bollum
1914 2181 2079 2227 adversus
2106 2180 2265 2229 populum
2299 2185 2427 2215 Roma-

1391 2252 1477 2274 num
1502 2248 1544 2275 &⁴
1576 2237 1717 2271 ltaliam
1745 2231 1903 2281 professus
1925 2260 1935 2276 ,
1973 2232 2141 2279 adversus
2176 2231 2283 2279 ipsam
2311 2228 2423 2275 fidem

1392 2289 1506 2324 acrius
1520 2284 1635 2334 geffit?
1663 2284 1848 2322 mendaciis
1866 2282 2073 2329 &fallacia
2088 2309 2097 2325 ,
2125 2279 2224 2331 quasi
2240 2280 2425 2328 praeclaris

1394 2338 1528 2374 artibus
1547 2335 1728 2385 gaudens?
1755 2335 1943 2382 Appianus
1973 2342 2098 2370 autem
2129 2331 2253 2374 addit,
2281 2333 2317 2369 ὃ(
2340 2330 2429 2368 saxis

1387 2401 1451 2426 ora
1473 2386 1721 2424 demersurum
1747 2387 1890 2427 obruta,
1919 2384 2019 2432 quod
2035 2383 2096 2420 hic
2116 2382 2299 2425 Ovidius,
2320 2380 2424 2429 jacio

1387 2441 1537 2488 pulvere
1559 2449 1685 2474 canam
1708 2448 1840 2485 aquam
1863 2434 1995 2473 saetam
2013 2434 2113 2471 dicit.
2167 2434 2345 2470 Micia.
2378 2433 2433 2476 A?

1392 2500 1624 2527 cerranorum
1657 2488 1831 2525 Senatum
1860 2485 2048 2533 intelligit,
2084 2495 2197 2533 quem
2227 2484 2345 2531 specie
2370 2483 2428 2520 in-

1394 2541 1582 2577 duciarum
1607 2548 1707 2575 extra
1728 2538 1875 2575 moenia
1888 2544 2086 2573 evocatum
2110 2530 2267 2570 Annibal
2289 2534 2322 2569 in
2344 2543 2432 2580 pro-

1396 2591 1553 2628 fundum
1591 2598 1788 2636 puteorum
1823 2586 1961 2634 abjici,
1996 2586 2034 2622 ὃ(
2065 2593 2156 2622 terra
2190 2583 2431 2630 obruijuffit‚
2468 2608 2472 2613 -

1398 2641 1450 2678 uti
1468 2648 1584 2677 narrat
1608 2640 1795 2686 Appianus
1817 2638 1852 2674 in
1867 2648 1913 2673 eo
1938 2635 2030 2673 libro
2062 2635 2120 2671 cui
2136 2634 2259 2671 titulus
2278 2635 2324 2670 cst
2350 2635 2431 2682 Ly—

1398 2692 1498 2728 bicus
1522 2692 1558 2727 ὃς
1591 2690 1757 2726 Valerius
1779 2688 1966 2725 Maximus
1993 2684 2054 2723 lib.
2074 2695 2126 2722 IX.
2155 2696 2231 2732 cap.
2253 2685 2287 2721 6.
2340 2683 2433 2729 Sar„

1402 2752 1495 2779 vm.

1454 2803 1538 2840 393.
1566 2796 1608 2826 Et
1629 2789 1728 2826 velut
1756 2785 1938 2835 Icaridos]
1985 2786 2186 2833 Penelopes
2208 2784 2301 2823 filiae
2332 2785 2435 2825 Icari.

1404 2842 1545 2890 Vlysses
1566 2841 1686 2878 Troia
1707 2839 1846 2875 rediens
1866 2837 2010 2875 ancillas
2028 2837 2103 2874 suas
2118 2864 2127 2879 ‚
2158 2838 2195 2873 ὃ(
2216 2848 2364 2884 prOCOS,
2394 2838 2433 2873 ὅ(

1404 2893 1651 2931 Melanthium
1674 2890 1871 2937 caprarium
1887 2888 2033 2925 occidit.
2089 2888 2328 2924 luminas.
2358 2887 2437 2923 lca-

1405 2946 1450 2982 ris
1472 2943 1519 2981 est
1538 2942 1722 2988 Penelope
1745 2940 1831 2976 Icari
1856 2938 1948 2982 filia,
1978 2938 2078 2985 cujus
2096 2938 2248 2974 famulas
2278 2938 2314 2973 δε
2347 2937 2437 2974 Pro-

1409 3006 1492 3039 cos,
1520 2994 1609 3030 item
1634 2991 1877 3028 Ix'lelanthium
1901 2990 2114 3037 Caprarium
2127 2985 2266 3033 Vlyffes
2278 2987 2438 3024 domum

1410 3044 1571 3083 reversus
1598 3043 1793 3079 interfecit.
1844 3042 1931 3088 Qua
1960 3042 1995 3077 in
2029 3039 2235 3075 narratione
2260 3047 2360 3074 totus
2389 3038 2439 3075 est

1413 3097 1601 3133 Homerus
1625 3091 1752 3140 Odyss'.
1771 3104 1863 3128 xxix²
1893 3091 2072 3138 Idemque
2089 3088 2146 3124 lib.
2169 3099 2233 3124 xxx
2273 3087 2361 3125 octo
2385 3088 2441 3126 su-

1412 3157 1473 3194 pra
1485 3153 1633 3182 centum
1648 3154 1778 3189 procos
1794 3149 2005 3182 enumerat,
2033 3149 2167 3185 nempe
2179 3140 2444 3187 quinquaginta

1413 3197 1506 3233 duos
1550 3207 1594 3231 ex
1636 3194 1833 3236 Dulichio,
1864 3191 2170 3238 vigintiquatuor
2213 3202 2256 3225 cx
2306 3189 2442 3234 Samo,

1414 3246 1544 3295 viginti
1561 3257 1607 3285 ex
1626 3245 1821 3294 Zacyntho
1841 3269 1852 3288 ,
1893 3239 2092 3280 duodecim
2120 3250 2164 3277 ex
2186 3240 2446 3326 Ithaca‚dtoti-

2369 3300 2449 3327 em-
