2547 3708
2526 0 2547 118 “ts-²3

377 138 474 194 208
691 155 734 178 l
906 127 1967 184 DEDICATIONESET
2459 113 2531 170 <³³

376 232 469 279 dita
491 228 626 294 Fastis
648 228 816 291 Inclustt
835 228 1016 273 volucris
1036 226 1134 272 dies.
1200 225 1398 288 Proprie
1418 226 1565 290 igitur
1583 224 1705 273 Fasti
1725 224 1830 273 sunt
1849 225 2059 287 annales,
2090 222 2338 277 secundum
2359 231 2488 283 Semi
2528 258 2536 273 .-

375 297 531 361 pronii
553 295 797 343 Asellionis
819 292 1118 356 opinionem,
1139 289 1195 336 ab
1219 290 1346 337 Aulo
1361 290 1522 338 Gellio
1546 289 1758 338 traditam
1783 290 1863 338 lib.
1882 305 1926 352 5.
1950 290 2187 339 Noffium
2209 293 2486 361 Atticarum,
2530 326 2531 345 1

378 361 531 409 addita
563 361 741 408 dierum
778 357 1148 421 computatione.
1216 355 1389 402 licum
1425 371 1507 419 per
1537 371 1680 402 annos
1714 354 1918 419 fingulos
1948 354 2287 419 scriberentur,
2314 376 2372 408 ex
2395 365 2486 427 quo
2530 361 2532 410 ζ

374 428 545 487 Janum
581 439 815 489 parentem
851 423 1007 469 dixere
1028 420 1299 480 Fastorum,
1334 420 1663 468 tantummodo
1688 422 1816 484 quod
1842 420 2016 468 faustum
2045 437 2234 486 quoque
2266 441 2385 473 anno
2407 443 2488 493 ge,
2530 440 2537 475 Ξ,

380 493 500 540 stum
529 493 666 549 esset,
700 487 1096 535 demonstrabant:
1134 502 1332 548 quorum
1359 486 1572 532 nonnulli
1597 485 1739 532 veluti
1763 485 1963 546 funesti,
1997 488 2114 534 nihil
2139 501 2319 552 praeter
2338 495 2487 542 nomi·
2530 498 2532 532 Ξ

379 575 436 605 na
470 556 707 604 consulum
741 552 1086 617 suggesserunt,
1120 564 1173 596 ut
1204 551 1368 598 Livius
1403 550 1576 597 scribit.
1646 549 1889 598 Differunt
1919 564 2072 598 autem
2105 551 2130 599 a
2160 553 2333 601 diurnis
2365 555 2488 606 urbis
2531 604 2533 607 ,

380 623 489 670 agiis
511 656 526 681 ,
560 637 672 682 quae
707 619 780 666 vel
814 616 1002 663 humilia
1034 615 1315 679 recipiebant
1339 651 1354 674 ,
1389 632 1496 662 cum
1531 614 1674 662 Fastis
1711 629 1892 663 tantum
1930 617 2120 664 illustria
2154 619 2488 672 mandarentur.
2536 639 2539 664 ἒ

381 688 523 735 Unde
544 685 656 732 illud
679 685 873 747 legimus
896 681 1017 744 apud
1046 679 1321 726 Cornelium
1346 681 1598 727 Tacitum:
1635 683 1738 742 Ntst
1763 684 1827 727 cui
1847 683 1975 728 libent
1994 684 2214 730 laudandis
2235 684 2486 747 fundumen—
2536 723 2537 726 Ξ

378 756 436 798 tis
459 753 513 804 &
533 752 750 808 trabibus,
764 750 855 810 quis
882 750 1022 793 molem
1047 745 1348 807 amphitheatri
1367 747 1481 806 apud
1501 760 1687 807 campum
1698 746 1865 793 Martis
1887 747 2044 809 Cuefizr
2067 759 2338 809 extruxerat,
2372 755 2486 800 volu·
2532 775 2539 798 κ

380 820 498 862 minu
523 818 712 875 implere:
750 830 840 860 cuni
864 829 914 858 ex
935 814 1138 873 dignitate
1153 813 1294 871 populi
1313 812 1500 858 Romani
1517 823 1722 872 repertum
1740 815 1831 874 stt,
1864 828 1929 859 res
1951 813 2125 871 illustres
2148 817 2390 875 annalibus,
2423 815 2502 864 taz-⁴

380 884 440 927 liu
461 882 622 927 diurnis
646 880 759 926 urbis
785 881 888 924 netis
909 878 1121 923 mandute.
1158 876 1303 922 Iidem
1341 880 1520 936 (autore
1545 876 1794 934 Prisciano)
1832 877 1979 936 Fasti,
2015 877 2040 924 a
2062 877 2184 925 fastis
2213 879 2373 927 diebus
2408 897 2490 931 no-
2530 875 2538 946 Ξ

383 947 546 992 minati
572 945 702 991 sunt:
739 959 834 989 non
859 943 965 1005 quia
987 940 1116 998 festi,
1151 940 1244 986 hoc
1267 939 1361 999 est,
1385 940 1469 988 diis
1492 941 1632 988 dicati
1657 941 1746 988 fint
1782 945 1909 1002 (cum
1936 944 2144 1003 constet,
2179 945 2290 991 teste
2302 945 2495 995 Macro-⁷
2531 943 2541 1003 3}

380 1010 489 1069 bio,
525 1009 658 1056 fastos
682 1009 776 1055 dies
801 1007 1038 1071 profestis,
1076 1004 1167 1053 five
1191 1005 1450 1068 negociofis
1482 1006 1644 1066 inesse,
1678 1007 1757 1069 qui
1780 1007 1902 1054 festis
1925 1023 1976 1054 ac
2013 1006 2143 1055 sacris
2174 1009 2495 1070 adversantur)
2530 1007 2541 1060 Ξ

380 1075 454 1121 sed
479 1076 584 1139 quia
604 1073 826 1136 ejusmodi
852 1073 1058 1130 annales,
1094 1086 1204 1117 cum
1232 1074 1325 1117 dies
1356 1071 1491 1118 fastos
1521 1072 1808 1135 nefastosque
1838 1073 2136 1132 contineant,
2170 1073 2328 1121 decuit
2350 1074 2376 1122 a
2399 1070 2498 1126 die-T
2531 1070 2547 1133 3

382 1141 467 1187 bus
488 1133 831 1187 candidioribus
853 1154 905 1184 ac
928 1135 1195 1183 melioribus
1221 1137 1462 1182 nominari.
1529 1135 1688 1183 Fastos
1719 1149 1873 1183 autem
1906 1137 1998 1184 dies
2033 1137 2211 1185 nefastis
2248 1141 2496 1202 praestare,¹
2533 1151 2536 1155 '

382 1207 558 1251 nemini
580 1205 772 1251 dubium
802 1203 880 1250 est.
950 1201 1091 1248 Unde
1114 1199 1140 1246 a
1163 1200 1300 1247 Festo
1328 1202 1557 1264 Pompejo
1588 1201 1690 1248 festi
1712 1201 1960 1262 dicuntur,
1996 1203 2274 1251 nefastorum
2310 1222 2499 1269 compaffi

386 1272 577 1317 ratione.
632 1270 774 1316 Fastis
796 1270 919 1314 enim
956 1265 1143 1323 diebus,
1177 1267 1341 1312 eodem
1367 1279 1555 1326 autore,
1582 1267 1789 1331 jocunda
1814 1267 1898 1315 fari
1926 1268 2119 1316 licebat:
2157 1269 2335 1317 nefastis
2366 1278 2497 1335 quae-4

385 1337 488 1381 dam
518 1351 613 1381 non
633 1334 814 1381 licebat.
885 1332 1043 1390 Quam
1069 1331 1130 1376 ob
1152 1330 1328 1377 causam
1357 1331 1579 1378 Eusebius
1601 1347 1678 1378 eos
1712 1331 1858 1379 tristes
1881 1333 2107 1397 appellare
2130 1352 2225 1381 non
2247 1334 2440 1384 dubitat.
2465 1335 2499 1385 ii

388 1400 511 1446 enim
538 1399 657 1457 dies,
691 1397 894 1463 quamvis
920 1397 1107 1460 proprie
1129 1396 1214 1442 atri
1236 1413 1331 1442 non
1354 1396 1469 1455 fint,
1504 1410 1557 1444 ut
1582 1396 1702 1443 reffite
1717 1397 1863 1445 Aulus
1876 1398 2057 1445 Gellius
2079 1399 2245 1447 docet:
2282 1418 2368 1464 pro
2395 1386 2500 1449 abo:
2533 1451 2535 1454 Α

387 1464 614 1511 minandis
640 1478 790 1510 tamen
816 1462 1045 1508 interdum
1079 1462 1402 1524 accipiuntur,
1436 1461 1550 1508 teste
1575 1463 1912 1527 Porphyrione.
1950 1465 2122 1511 Horat.
2158 1467 2238 1512 Ille
2263 1467 2317 1519 {9⁹
2351 1459 2536 1530 nefastus

385 1541 430 1576 te
449 1530 585 1592 poſsuit
608 1531 686 1576 die.
722 1529 894 1576 Statius
921 1528 967 1573 in
992 1534 1036 1572 6.
1063 1526 1219 1572 Theb.
1245 1527 1471 1589 Proſjceuu
1495 1526 1610 1590 vistis
1633 1528 1890 1590 interclusere
1912 1527 2078 1590 nefasto.
2126 1530 2240 1577 Sane
2261 1530 2500 1580 Fastorum

387 1596 704 1642 inventionem
729 1592 940 1641 nonnulli
965 1591 1167 1638 Eudoxo
1190 1590 1369 1638 Gnidio
1386 1591 1638 1655 Astrologo
1662 1593 1906 1652 tribuunt,
1944 1595 2145 1641 Socratis
2170 1595 2399 1656 auditori,
2431 1595 2502 1644 so-

386 1660 570 1723 dalique
593 1660 811 1707 Platonis.
847 1657 974 1721 quod
1000 1672 1219 1703 verumne
1243 1655 1326 1715 fit,
1363 1657 1557 1704 aliorum
1590 1656 1646 1703 sit
1674 1657 1922 1721 judicium.
1990 1660 2138 1706 Hunc
2163 1673 2291 1707 certe
2317 1661 2522 1709 Servius*

388 1724 549 1772 scribit
572 1726 770 1789 primum
794 1739 964 1769 annum
991 1721 1356 1785 deprehendisse:
1375 1738 1510 1785 quem
1532 1735 1684 1769 tamen
1707 1722 2013 1769 dubitandum
2039 1741 2134 1770 non
2157 1726 2249 1784 est,
2264 1741 2370 1772 eum
2395 1726 2503 1775 hau·-

388 1790 484 1837 fifl'e
509 1790 563 1836 ab
587 1790 835 1854 Aegyptiis
858 1786 1121 1850 disciplinis.
1168 1787 1454 1850 Scriptorem
1492 1800 1641 1834 autem
1668 1787 1910 1834 Fastorum
1938 1788 2094 1847 fuiffe,
2129 1790 2348 1837 Lucanus
2371 1791 2500 1852 testa·-
2528 1798 2536 1840 Ξ

389 1868 481 1901 tur.
517 1868 598 1916 ut,
634 1858 734 1902 Nec'
753 1870 865 1902 meus
888 1855 1054 1899 Eudoxi
1077 1855 1267 1899 vincetur
1279 1852 1462 1914 fustibus
1484 1868 1629 1899 annus.
1668 1853 1790 1898 Eum
1815 1854 2029 1900 Laertius
2050 1853 2188 1900 refert
2211 1856 2258 1900 in
2279 1856 2508 1920 Aegypto*
2528 1841 2536 1916 3

387 1936 556 1968 annum
579 1936 724 1979 unum
754 1920 801 1967 ὃς
824 1918 993 1966 menses
1016 1931 1217 1982 quatuor
1240 1931 1470 1966 moratum
1495 1931 1655 1964 mento
1680 1917 1890 1977 attonso,
1923 1932 2061 1981 atque
2088 1917 2359 1983 supercilio,
2396 1916 2498 1970 οᾶό

389 2002 614 2032 annorum
641 1986 874 2032 historiam
900 1983 1236 2047 scripfisi'e:qui
1262 1989 1331 2045 (ut
1357 1985 1501 2030 Aulus
1516 1982 1697 2030 Gellius
1721 1984 1951 2039 meminit>
1987 2000 2080 2030 non
2103 1985 2254 2030 multo
2279 1986 2383 2049 post
2406 1983 2500 2043 Βοὲς

392 2067 511 2097 mam
540 2050 722 2098 aGallis
749 2063 960 2114 captam,
996 2048 1310 2111 obsessumque
1337 2049 1657 2112 Capitolium,
1691 2048 1738 2094 in
1764 2048 1959 2096 Graecia
1980 2048 2250 2096 nobilitatus
2271 2050 2350 2096 est.
2384 2047 2521 2099 Illud*

390 2117 580 2178 planum
604 2116 696 2174 est,
732 2116 886 2178 priscis
908 2114 1196 2177 temporibus
1222 2115 1275 2160 ad
1301 2114 1491 2160 Curiam
1517 2114 1755 2161 Calabram
1772 2147 1786 2173 ,
1822 2115 1900 2161 ubi
1926 2127 2105 2162 tantum
2128 2114 2358 2162 sacrorum
2388 2119 2498 2179 ratio

391 2180 666 2242 gerebatur,
700 2179 901 2226 senatum
926 2179 1080 2225 vocari
1107 2178 1292 2225 solitum
1309 2214 1324 2239 ,
1353 2179 1401 2226 δί
1423 2181 1648 2242 populum
1674 2179 1699 2224 a
1721 2195 1829 2241 rege
1853 2178 2145 2227 Sacrificola:
2183 2193 2235 2226 ut
2270 2183 2499 2244 (quoniam
2527 2206 2530 2222 1

391 2244 543 2290 adhuc
563 2244 661 2290 fasti
686 2261 779 2290 non
802 2247 945 2298 erant)
979 2243 1310 2290 sacrificiorum
1335 2243 1682 2306 praenoscerent
1705 2243 1825 2302 dies,
1861 2259 1912 2290 ac
1936 2243 2166 2290 ludorum.
2225 2247 2405 2293 Primus
2426 2250 2500 2293 aui·

393 2323 486 2355 tem
513 2309 666 2355 Fal’cos
693 2310 739 2355 in
765 2309 984 2355 volumen
1011 2309 1215 2356 reda&os
1239 2309 1496 2371 publicavit
1523 2308 1613 2353 Cn.
1636 2308 1817 2354 Flavius
1843 2307 1988 2370 Appii
2012 2308 2152 2356 Caeci
2185 2309 2353 2370 scriba,
2388 2311 2499 2359 invi>-

396 2376 454 2420 tis
480 2375 716 2438 patribus,
751 2387 802 2419 ut
826 2373 1100 2419 Macrobius
1125 2374 1292 2430 refert,
1313 2385 1485 2419 tantam
1513 2372 1655 2434 plebis
1677 2374 1870 2435 gratiam
1895 2373 2086 2435 adeptus
2102 2409 2116 2432 ,
2139 2390 2253 2438 quae
2277 2390 2408 2422 antea
2427 2387 2498 2423 co‘-

394 2440 592 2503 gebatur
618 2441 842 2485 rationem
867 2439 1043 2483 dierum
1071 2451 1226 2499 petere
1262 2436 1286 2483 a
1323 2436 1610 2501 principibus
1645 2437 1875 2483 civitatis:
1909 2450 1960 2483 ut
1994 2451 2125 2486 natus
2160 2439 2252 2502 ipse
2286 2432 2496 2488 libertino

395 2517 526 2569 patre
561 2503 710 2565 (ficut
746 2504 920 2549 Plinius
955 2501 1141 2557 scribit)
1178 2515 1353 2547 creatus
1389 2501 1443 2547 sit
1475 2502 1628 2547 aedilis
1667 2502 1866 2560 curulis,
1903 2505 2158 2565 praeteritis
2185 2505 2242 2550 C.
2267 2507 2431 2552 Petilio
2454 2499 2499 2552 δῖ’
2527 2445 2535 2552 Ξ

399 2569 649 2626 DomitiO,
685 2583 884 2630 quorum
912 2579 1059 2630 patres
1079 2566 1282 2612 consules
1307 2566 1502 2612 fuerant.
1534 2583 1628 2629 quo
1651 2578 1863 2629 tempore
1884 2568 1945 2613 ob
1968 2567 2175 2615 dolorem
2205 2573 2354 2617 omnis
2373 2563 2502 2617 nobi-‘⁹
2531 2556 2541 2632 Ξ

397 2634 496 2680 litas
520 2634 693 2680 dicitur
717 2632 907 2678 annulos
928 2631 1151 2692 abjecisse.
1225 2632 1274 2676 N
1280 2646 1331 2676 ec
1359 2646 1440 2676 nos
1463 2631 1627 2689 lateat,
1663 2630 1825 2677 fastum
1841 2667 1855 2690 ,
1877 2649 1983 2679 cum
2013 2650 2095 2695 pro
2121 2635 2265 2681 annali
2290 2636 2409 2682 libro
2431 2649 2498 2682 ac·
2531 2620 2547 2691 ἐξ

397 2700 599 2761 cipitur,
636 2696 921 2759 frequentius
954 2695 1175 2741 secundae
1197 2695 1516 2742 declinationis
1551 2696 1651 2741 esse.
1687 2708 1768 2755 ut,
1804 2698 2069 2760 Instabatque
2090 2701 2204 2758 dies,
2238 2704 2309 2761 qui
2331 2702 2405 2747 dut
2434 2694 2498 2747 no·
2531 2693 2547 2747 Ξῖ

398 2763 665 2824 minufdstis.
703 2763 749 2807 δε
766 2796 779 2820 ,
815 2760 1013 2821 Tempora
1024 2760 1286 2822 stfnstosque
1311 2763 1414 2806 ‘velis
1445 2763 1630 2807 evolvere
1655 2763 1812 2807 mundi.
1861 2763 2100 2809 Invenitur
2125 2778 2276 2810 tamen
2305 2767 2352 2812 ὃ(
2377 2779 2497 2829 quar·
2532 2751 2547 2828 3

400 2841 472 2874 tae
495 2826 614 2888 apud
641 2828 914 2873 Lucanum:
953 2839 1031 2881 ut,
1070 2827 1237 2871 Eudoxi
1258 2826 1640 2888 vinretnrfitzftibus
1675 2842 1820 2872 nitidus.
1866 2827 2010 2886 Qiod
2042 2830 2139 2889 ejus
2171 2844 2325 2876 errore
2358 2829 2497 2894 prola·
2532 2829 2541 2883 Ξ

400 2906 500 2939 tum
529 2893 710 2938 Servius
738 2905 896 2955 putat,
932 2893 1010 2953 qui
1036 2889 1061 2935 a
1086 2892 1314 2936 Prisciano
1341 2892 1505 2936 merito
1540 2891 1927 2954 deprehenditur,
1962 2886 2071 2938 cum
2092 2895 2369 2956 antiquiores
2392 2909 2497 2958 quo·
2546 2909 2547 2916 ¹

383 2967 491 3019 'que
518 2957 810 3003 inveniantur
833 2955 952 3000 idem
981 2955 1185 3001 similiter
1211 2955 1463 3016 protulisse.
1532 2956 1711 3002 Varro:
1751 2957 1974 3004 Virtutum
1998 2958 2118 3018 consu
2143 2959 2260 3017 Julii
2288 2959 2497 3022 Caesaris,
2538 2980 2541 2981 ⁷

401 3021 622 3083 quifizstus
641 3023 841 3078 correxit,
877 3023 1018 3080 mensts
1040 3021 1188 3080 Julius
1210 3022 1438 3080 appellatus
1467 3020 1532 3080 est.
1571 3021 1856 3067 Columella:
1893 3023 1945 3068 V
1938 3038 2051 3068 erum
2076 3024 2119 3066 in
2146 3023 2225 3068 huc
2256 3027 2365 3071 ruris
2388 3022 2498 3085 disci-

392 3082 512 3147 plina
533 3085 683 3146 sequor
711 3101 815 3130 nunc
849 3086 1013 3130 Eudoxi
1047 3086 1100 3137 &
1126 3085 1337 3143 Metonis,
1371 3088 1709 3147 antiquorumque
1723 3086 1863 3147 fastus
1892 3087 2211 3146 Astrologomm.
2259 3087 2499 3135 Sciendum
2532 3074 2547 3131 3-

401 3151 528 3208 sane,
564 3148 791 3197 Ovidium
827 3148 1041 3212 scripsisse
1073 3149 1317 3195 duodecim
1344 3150 1580 3195 Fastorum
1616 3151 1783 3209 libros,
1820 3166 2014 3213 quorum
2051 3150 2191 3198 hodie
2222 3152 2294 3199 sex
2327 3165 2499 3199 tantum
2531 3140 2535 3210 3

402 3209 591 3263 extant:
628 3230 719 3261 non
746 3213 1037 3278 posteaquam
1073 3214 1135 3261 est
1170 3215 1395 3278 relegatus
1433 3217 1478 3260 in
1506 3216 1736 3275 Pontum,
1771 3228 1823 3261 ut
1851 3213 2034 3276 quidam
2069 3214 2290 3277 asserunt,
2325 3212 2500 3286 addae-ti
2532 3224 2547 3291 Ξ

2455 3293 2500 3324 in
2532 3315 2534 3379 3
