2547 3708
819 162 841 218 Ι
983 161 1028 216 Β

1176 160 1197 216 Ι
1347 161 1398 219 S,

399 269 578 325 intulit
604 278 823 320 armatas
847 261 989 317 ebria
1014 259 1166 315 turba
1191 275 1389 313 manus,

182 354 284 415 615
323 342 597 414 Quodque
626 339 815 391 dolore
842 334 985 390 necis
1009 332 1208 403 patriae
1233 332 1316 400 pia
1340 331 1444 384 filia
1469 329 1595 383 fecit
1614 368 1629 392 ‚

398 413 625 470 Vincula
652 427 742 480 per
771 407 941 478 laquei
968 405 1048 459 fac
1077 403 1170 456 tibi
1199 415 1382 471 guttur
1408 415 1545 454 eant.

328 483 723 553 Obstrueioque
747 480 940 534 famem
956 475 1163 547 patiaris
1190 474 1366 526 limine
1395 473 1550 535 teeti,

403 557 479 613 Ut
518 558 686 627 legem
714 567 915 624 poenae
945 548 1031 603 eui
1057 545 1206 601 dedit
1239 545 1343 617 ipsa
1366 561 1573 616 parens.

2002 609 2149 664 Illiuff

24 765 131 805 suita
148 764 361 803 Crotoniates
380 788 390 804 ,
419 757 484 809 qui
500 769 577 794 cum
592 753 725 792 arbores
743 749 906 789 manibus
917 749 1053 798 scinde-
1109 745 1307 785 Priscianus
1327 745 1362 782 in
1389 742 1567 792 Periegefi
1587 737 1889 780 citantoHeinsio
1915 736 1960 776 ad
1983 735 2142 776 Remed.

38 810 109 861 ret,
125 815 267 853 brachia
281 814 350 862 ejus
365 818 529 857 occupata
542 809 642 855 sunt,
667 816 709 844 ω’
720 818 741 840 a
756 803 843 848 lupis
858 805 1055 847 consumtus
1115 806 1198 846 173.
1225 796 1356 833 Euam.

37 866 95 917 μβ.
120 874 237 904 narrat
258 866 293 901 δι
315 859 497 900 historiam
521 855 757 895 Pausaniasin
776 849 922 890 Eliacis.
949 849 1063 888 Milon

41 923 84 955 ut
103 916 197 955 libro
221 915 310 953 Met.
329 924 391 949 xv.

147 979 284 1028 fletque
306 973 418 1011 Milon
444 971 571 1022 senior.
611 970 757 1008 Heius,

97 1049 180 1087 612.
210 1042 323 1093 lnde.]
356 1042 446 1080 Male
470 1041 614 1089 Regius.
638 1040 724 1076 latet
743 1036 892 1086 aliquid.

51 1122 53 1124 -
95 1102 182 1149 613.
209 1094 475 1144 Muneribusque
500 1090 609 1140 tuis.]
639 1090 758 1126 Icarus
780 1088 970 1136 postquam
994 1085 1064 1123 At-

41 1151 138 1189 ticae
157 1148 311 1186 colonos
325 1146 424 1183 usum
444 1141 520 1179 irini
539 1138 848 1184 edocuit,abips1s
861 1138 964 1175 ebriis
978 1148 1063 1174 ene-

42 1205 147 1238 catus
197 1197 258 1235 est.
322 1196 563 1233 laxamus.
621 1189 862 1238 sequentibus
900 1193 1064 1237 ‘quatuor

45 1249 201 1287 verfibus
229 1247 374 1284 historia
399 1255 470 1281 una
516 1242 684 1290 tangitur.
738 1239 856 1276 Icarus
883 1265 893 1282 ,
948 1248 1061 1287 quem

41 1299 204 1337 icarium
261 1296 318 1333 alii
376 1302 511 1330 vocant
546 1319 556 1336 ‚
641 1288 874 1327 Atheniensis
928 1298 1063 1336 genere

45 1347 116 1388 fuit
144 1375 153 1389 .
195 1347 256 1396 qui
303 1356 386 1381 cuin
428 1341 625 1390 aliquando
672 1340 856 1376 Bacchum
906 1337 1066 1384 hospitio

36 1396 258 1446 accepisset,
287 1405 352 1444 pro
370 1394 428 1431 sua
450 1394 486 1433 in
509 1403 593 1428 eum
617 1389 830 1428 liberalitate
854 1389 945 1425 vino
963 1387 1011 1424 est
1024 1388 1068 1424 ab
1093 1396 1095 1398 ·

37 1456 97 1488 -eo
116 1448 271 1486 donatus
295 1473 306 1490 ‚
342 1456 382 1481 ea
414 1442 630 1480 con-ditione
660 1449 699 1477 ut
721 1438 940 1476 beneficium
967 1449 1072 1475 acce-

46 1508 152 1549 ptum
173 1508 257 1535 cum
276 1496 351 1533 aliis
363 1493 575 1532 hominibus
589 1490 893 1528 communicaret.
944 1488 1073 1537 ltaque

48 1549 243 1599 pastoribus
259 1544 468 1595 quibusdam
491 1543 634 1580 Atticae
660 1549 798 1584 terrae,
827 1539 890 1588 qui
910 1540 1015 1586 primi
1036 1539 1072 1575 in

40 1605 137 1647 agro
158 1600 189 1635 ei
217 1603 448 1634 occurrerant
468 1621 478 1637 ‚
514 1593 642 1629 vinum
676 1591 851 1627 distribuit
871 1617 881 1632 ‚
919 1601 996 1637 quo
1019 1589 1071 1625 illi

47 1648 294 1687 immoderate
327 1645 454 1682 hausto
482 1642 651 1680 altiflimo
679 1641 813 1678 somno
846 1640 952 1686 sopiti
979 1639 1075 1676 sunt.

35 1697 264 1747 &Exporretsti
294 1708 378 1735 cum
406 1695 663 1732 arbitrarentur
691 1691 734 1728 ab
757 1691 860 1728 Icaro
882 1689 945 1727 fibi
961 1699 1073 1732 vene-.

40 1760 138 1788 num
162 1746 232 1786 effe
253 1747 376 1784 datum
395 1773 406 1789 ,
443 1755 527 1781 eum
551 1742 825 1780 interfecerunt.
880 1739 989 1777 Canis
1013 1751 1075 1776 ve-

50 1810 94 1838 ro
108 1828 118 1844 ,
129 1809 240 1848 quem
265 1797 386 1834 secum
399 1795 552 1832 habebat
566 1820 576 1837 ‚
587 1792 631 1830 ad
643 1791 844 1840 Erigonem
860 1790 949 1827 I'cari
963 1789 1074 1827 filiam

49 1849 211 1887 reversus
227 1848 381 1884 nomine
402 1846 505 1882 Mera
519 1873 529 1888 ‚
556 1852 727 1892 paternae
758 1842 875 1878 caedis
895 1840 1074 1878 indicium

48 1899 153 1944 fecit.
203 1898 266 1934 llla
295 1909 334 1934 re
365 1903 552 1942 comperta
573 1920 584 1937 ,
618 1892 808 1940 suspendio
838 1892 951 1928 vitam
971 1889 1075 1927 finiit.

53 1949 194 1986 Morbo
212 1956 334 1984 autem
357 1946 530 1994 pestilenti
555 1945 710 1980 Athenis
733 1950 841 1985 orto,
868 1942 1075 1978 Athenien-

52 1998 105 2037 ses
125 1998 169 2035 ab
189 1996 337 2034 oraculo
366 1995 500 2032 moniti
532 1994 677 2030 Icarum
698 1994 736 2029 &
760 1992 959 2038 Erigonem
981 1990 1075 2026 divi-

52 2050 110 2086 nis
132 2046 331 2085 honoribus
354 2043 565 2081 affecerunt.
613 2043 738 2089 Atque
758 2042 807 2080 ita
830 2042 972 2083 Icarus,
1000 2039 1079 2076 Eri-

77 2100 152 2135 one
173 2099 210 2134 δε
233 2097 329 2132 canis
349 2095 384 2131 in
400 2094 572 2144 astrorum
587 2102 781 2129 numerum
795 2090 956 2139 adscripti
969 2090 1049 2127 sunt
1064 2116 1075 2133 ,

44 2155 50 2175 ἓ
74 2159 247 2195 carusque
269 2146 405 2182 Bootes
424 2144 640 2190 appellatus,
669 2138 830 2188 Erigone
851 2141 957 2188 virgo
971 2167 982 2184 ,
1003 2140 1076 2176 Ca·

51 2199 108 2242 nis
125 2208 264 2235 nomen
284 2193 444 2231 retinuit.
498 2193 552 2228 fx
576 2190 734 2239 Hygino
758 2190 826 2226 fab.
851 2201 936 2238 ¹30·
956 2191 992 2226 ὃ(
1015 2190 1076 2226 lib.

39 2254 98 2294 ³151.
134 2245 382 2284 Ailronomici
414 2242 590 2279 Poetici:
631 2241 858 2277 Germanico
891 2240 927 2275 in
972 2239 1076 2275 Arati

44 2298 335 2336 —Phaenomenaz
387 2292 588 2339 Interprete
602 2290 763 2328 Homeri
797 2290 841 2327 ad
875 2287 1009 2326 ilia-dos
1027 2289 1079 2334 χ’.

42 2346 341 2397 *HineTibullus
360 2343 405 2381 ad
430 2340 619 2380 Mess’alam
641 2340 702 2378 lib.
719 2352 775 2378 ιν.

16 2412 19 2426 f
45 2405 91 2432 -1μ,
150 2420 155 2426 ,
182 2400 200 2423 ι’

75 2475 77 2480 ,
105 2473 111 2476 ,
195 2461 199 2464 -
277 2436 396 2472 Etiam
418 2432 546 2471 Phoebo
564 2430 754 2479 gratiffima
774 2430 867 2469 dona

47 2518 56 2530 .
75 2496 184 2528 acres
202 2487 285 2524 tulit
299 2513 308 2529 ‚
336 2498 379 2524 ω’
397 2484 526 2521 cunetis
546 2482 674 2519 Baccho
689 2483 878 2530 jucundior
897 2480 1013 2530 hospes-

45 2552 78 2578 ει·
103 2546 240 2581 Icarus,
267 2550 306 2572 ue
323 2545 407 2584 puro
428 2534 596 2578 testantur
609 2531 726 2581 fidem
752 2532 840 2569 coelo*

46 2604 65 2627 t:
102 2590 305 2637 Erigoneque
321 2585 508 2634 Canisque.

43 2653 98 2695 0Et
117 2650 323 2708 Propertius
348 2648 410 2685 lib.
430 2660 475 2686 11.
504 2647 605 2695 Eleg.
627 2658 687 2696 33.

102 2732 196 2773 lcare
215 2725 377 2774 Cecropiis
398 2724 517 2761 merito
533 2723 685 2771 iugulate
701 2721 841 2764 colonis,

153 2777 356 2823 Pampineus
376 2776 458 2824 nosti
478 2787 582 2820 quam
600 2772 642 2820 fit
665 2786 807 2810 amarus
827 2769 919 2808 odor·

50 2865 310 2904 Sarvnemus
347 2864 612 2912 Muneribusque
634 2863 741 2911 sacris
775 2862 902 2900 PetaV.
936 2857 1072 2896 laeteris

0 2918 4 2929 ¹
53 2916 191 2967 Mureti
215 2916 251 2950 ὅ(
273 2921 342 2949 tres
358 2912 510 2950 aliicum
526 2915 640 2961 prima
661 2913 826 2951 editione
843 2939 853 2955 ,
880 2910 982 2960 quod
1001 2910 1069 2947 sar-

55 2977 216 3004 casmum
232 2963 401 3006 haberet,
414 2963 500 3010 quia
515 2964 600 2999 vino
617 2959 1069 3010 proprielaetarnur‚unde

48 3014 214 3055 -Bacchus
234 3013 400 3050 Laetitiae
416 3011 517 3048 dator
536 3009 692 3059 Virgilio
716 3025 728 3049 ι
746 3014 842 3050 Aen.
863 3021 946 3062 734·
976 3011 1014 3048 δε
1031 3009 1071 3046 in

57 3068 155 3115 ‘usum
175 3064 328 3101 laetitiae
347 3072 445 3099 natos
456 3060 595 3110 scyphos
611 3060 700 3097 dixit
713 3063 847 3099 Horat.
865 3075 893 3100 1.
920 3061 998 3099 Od.
1012 3071 1073 3104 27.

49 3117 154 3164 ..fura
171 3127 314 3152 munera
335 3112 432 3150 reete
455 3114 580 3149 vinum
596 3137 606 3154 ‚
633 3111 749 3157 quiaa
765 3110 909 3148 Baccho
923 3112 1069 3153 datum,

64 3172 104 3202 ut
121 3164 271 3202 Cerealia
292 3175 435 3200 munera
462 3161 584 3209 passim
608 3160 727 3208 fruges
744 3170 763 3194 a
787 3161 972 3200 Nostro&
994 3160 1071 3199 aliis

64 3212 228 3264 {licuntur
237 3214 323 3254 Vid.
339 3225 392 3253 tv,
404 3213 500 3252 Met.
510 3212 591 3262 764·
604 3211 641 3251 ὃ(
651 3207 777 3249 Bacchi
791 3210 895 3248 dona.

1114 1800 1436 1850 fleetqucato-ssy
1466 1796 1760 1835 monstravimus.

1168 847 1247 893 614.
1275 842 1444 894 Intulit]
1472 842 1630 880 Contulit
1651 855 1754 882 unus.

1171 895 1251 944 615.
1278 895 1448 944 §Quodque
1463 893 1575 933 dolore
1602 893 1728 942 meis]
1769 892 1929 938 Erigone
1957 888 2047 926 Icari
2069 885 2141 924 filia

1118 957 1218 995 patre
1241 946 1363 983 occiso
1381 946 1491 982 vitam
1513 943 1647 992 laqueo
1669 943 1773 980 finiit.
1801 943 2044 978 INTERFRES.
2074 943 2143 974 Ne-

1120 998 1165 1034 cis
1191 997 1304 1046 pazris
1334 994 1426 1034 edit.
1464 995 1603 1043 Salvag.
1628 992 1747 1042 patrui
1769 993 1884 1041 prima
1909 990 1943 1026 &
1964 989 2039 1026 duo
2062 987 2144 1032 scri-

1144 1057 1183 1085 ti.

1118 1059 1140 1096 Ρ
1167 1098 1253 1134 616.
1288 1101 1422 1133 Gustus
1449 1093 1544 1144 eat]
1594 1099 1688 1130 Eant
1725 1092 1823 1130 Cod.
1856 1089 1958 1128 Polit.
2000 1091 2036 1126 &
2065 1087 2144 1125 duo

1118 1148 1188 1186 alii.
1217 1148 1363 1185 erus.
1393 1153 1460 1183 Fac
1480 1158 1609 1193 quoque
1627 1144 1761 1192 Regius
1778 1144 1815 1180 &
1836 1152 1928 1179 unus
1950 1137 2091 1178 Heinsii
2107 1140 2145 1176 δε

1120 1198 1271 1249 quidam
1295 1197 1396 1235 editi.

1175 1251 1260 1292 617.
1298 1247 1560 1295 Obstrueffusque
1581 1244 1757 1292 famem]
1796 1241 2038 1290 Euryfi'henes
2070 1251 2149 1277 mae

1120 1307 1215 1336 trem
1230 1299 1458 1335 Laconicam
1473 1297 1685 1334 crudelitate
1699 1293 1862 1331 nobilem
1876 1293 2024 1334 habuit,
2053 1302 2148 1339 quae

1123 1349 1199 1386 filio
1227 1350 1262 1385 in
1294 1348 1428 1385 bellum
1468 1346 1664 1394 prodeunti
1691 1343 1904 1381 mandatum
1934 1340 2067 1384 dedit,
2103 1352 2152 1378 ne

1127 1400 1284 1437 domum
1305 1407 1544 1435 reverteretur
1558 1424 1568 1440 ‚
1595 1395 1659 1433 nisi
1672 1394 1781 1432 caede
1803 1393 1959 1431 hostium
1980 1391 2152 1436 pollutus;

1128 1450 1161 1487 Is
1192 1460 1426 1498 nequaquam
1458 1448 1493 1484 id
1523 1445 1732 1494 perfunctus
1752 1444 1827 1485 est,
1866 1454 1976 1491 quare
1995 1440 2015 1477 a
2039 1450 2154 1478 matre

1130 1500 1265 1537 clausus
1292 1498 1413 1537 inedia
1445 1497 1625 1534 extinctus
1644 1495 1703 1532 est.
1757 1495 1997 1531 lammam.
2025 1492 2152 1528 Pausa-

1131 1552 1230 1588 niam
1254 1548 1549 1586 Lacedaemo-nii
1567 1545 1798 1583 Cleombroti
1820 1544 1933 1582 filium
1954 1542 2151 1585 innuit,de

1125 1611 1202 1649 quo
1220 1612 1297 1637 non
1318 1599 1416 1646 plura
1441 1597 1559 1634 dicam
1576 1625 1593 1641 ,γ
1614 1596 1763 1645 quando
1786 1594 1933 1632 Graecis
1952 1594 1989 1629 &
2011 1591 2154 1628 Latinis

1129 1650 1370 1687 monimentis
1399 1649 1525 1685 omnia
1546 1645 1782 1695 vulgatissima
1801 1645 1892 1684 sunt.
1929 1644 2165 1681 fleamus..

1129 1700 1340 1739 Pausaniam
1368 1698 1487 1736 innuit
1523 1696 1865 1734 Lacedaemonium
1892 1722 1901 1738 ,
1937 1703 2048 1743 quem
2072 1692 2158 1729 Cle-

1131 1751 1294 1788 ombroti
1309 1749 1422 1786 filium
1439 1747 1679 1795 Thucydides
1702 1748 1807 1790 facit,
1837 1747 1874 1783 ὃ(
1894 1756 1960 1782 nos
1974 1745 2009 1780 in
2036 1755 2047 1780 1
2066 1742 2157 1780 Col-

1812 1797 1889 1843 Qui
1910 1793 2052 1832 detecta
2072 1804 2156 1840 pro-

1131 1852 1273 1890 ditione
1296 1879 1306 1895 ,
1341 1861 1453 1899 quam
1483 1860 1566 1886 cum
1600 1848 1720 1884 Xerxe
1747 1846 1918 1884 tractabat
1940 1872 1950 1888 ‚
1974 1855 2023 1882 ex
2037 1843 2156 1887 libris,

1131 1912 1219 1951 quas
1240 1901 1284 1938 ad
1311 1911 1397 1938 eum
1429 1900 1571 1947 Regem
1600 1898 1738 1945 Argilio
1771 1907 1923 1946 pueroa
1964 1894 1996 1931 se
2017 1893 2153 1931 <iliceto

1131 1952 1348 1995 tradiderat,
1375 1952 1411 1987 in
1424 1950 1551 1986 aedem
1569 1949 1785 1990 Minervae,
1814 1959 1908 1995 quae
1939 1945 2164 1981 Chalioecus

1133 2003 1332 2040 vocabatur
1353 2027 1365 2043 ‚
1407 2001 1551 2048 fugiens
1599 1997 1782 2035 obstructo
1824 1998 1898 2045 ejus
1922 1994 2017 2031 aedis
2040 1994 2158 2030 intro-

1131 2053 1186 2089 itu
1225 2052 1394 2089 saxorum
1439 2048 1674 2086 multitudine
1692 2047 1846 2094 Ephoris
1868 2048 1914 2083 ita
1930 2043 2162 2092 jubentibus,

1135 2111 1251 2139 matre
1269 2103 1305 2138 in
1329 2100 1451 2147 primis
1478 2097 1634 2146 lapidem
1655 2097 1857 2140 afferente,
1891 2094 2039 2132 interiit.
2073 2094 2156 2131 Au-

1132 2152 1210 2189 &or
1220 2151 1405 2198 AEmylius
1415 2149 1550 2186 Probus
1563 2150 1598 2185 ὅ(
1612 2147 1825 2195 Thucydid.
1848 2147 1884 2183 in
1903 2145 2157 2190 lib.1.Quam-

1129 2203 1182 2239 vis
1204 2203 1264 2237 hic
1282 2200 1327 2238 de
1348 2201 1420 2236 hoc
1441 2200 1563 2235 matris
1581 2198 1742 2234 facinore
1752 2196 1837 2233 nihil
1857 2194 2051 2243 reliquerit.
2064 2194 2159 2231 Non

1131 2252 1335 2299 displiceret
1346 2259 1468 2286 autem
1485 2276 1493 2291 ,
1508 2247 1530 2284 fi
1547 2249 1582 2284 in
1594 2247 1717 2284 limine
1735 2245 1852 2294 templi
1864 2247 2060 2292 legeretur,
2076 2255 2155 2280 non

1132 2305 1223 2339 teflt.
1267 2301 1420 2338 CONST.
1447 2299 1541 2335 Fau.
1571 2296 1832 2346 Obstrua‘ffusque
1850 2295 2155 2341 samempatiarrs.

1133 2353 1188 2389 lta
1208 2351 1430 2398 legendumn,
1469 2360 1545 2386 non
1573 2347 1781 2389 obfirmas,
1807 2355 1846 2384 ut
1879 2346 1912 2382 in
1935 2345 2152 2392 quibusdam

1132 2402 1297 2440 habetur.
1347 2400 1422 2437 Alii
1452 2408 1575 2435 autem
1603 2399 1714 2435 etiam
1747 2408 1814 2445 pro
1847 2395 1966 2431 limine
1984 2397 2080 2435 tec-li,
2109 2394 2153 2429 li·-

1129 2453 1219 2491 mine
1241 2450 1356 2500 templt
1372 2459 1500 2498 putant
1519 2448 1714 2496 legendum
1730 2475 1740 2490 ‚
1767 2447 1945 2495 quoniam
1961 2444 2006 2480 de
2026 2444 2153 2481 Pausa-

1128 2505 1188 2541 nia
1208 2503 1448 2550 intelligatur,
1476 2500 1537 2548 qui
1552 2509 1587 2534 m
1600 2499 1740 2545 templo
1764 2498 1955 2533 Minervae
1976 2495 2149 2539 χαλκιόι-

1130 2565 1191 2589 κου
1213 2551 1366 2589 obseffus
1386 2550 1466 2587 tuit.
1507 2548 1576 2585 Sed
1600 2549 1645 2585 de
1663 2550 1736 2586 hoc
1754 2560 1829 2584 non
1852 2547 1958 2582 anxie
1981 2548 2025 2580 civ
2059 2556 2147 2588 «ito,

1130 2602 1281 2651 quando
1301 2604 1340 2639 ὅ(
1368 2599 1633 2648 Thucydides,
1668 2601 1729 2634 xx}
1748 2598 1784 2639 ἐς
1808 2596 1937 2639 &mmm
1960 2595 1995 2630 a.)
2024 2597 2144 2637 μέγα,

1127 2651 1199 2695 δ”ἧν
1223 2655 1287 2689 τοῦ
1314 2653 1404 2693 ἱεροῦ
1432 2650 1614 2692 ε’σέλθων,
1641 2650 1783 2696 inquit,
1805 2647 1864 2682 ‘lm
1895 2651 1942 2689 μὴ
1972 2644 2151 2687 ὑπαίθριος

1127 2705 1402 2747 φαλκιπωρεῐιτ,
1433 2698 1641 2745 ἧσύχαζεν.,
1687 2700 1850 2736 Scribunt
1880 2706 2003 2732 autem
2032 2696 2147 2732 inter·

1125 2764 1243 2802 pretes
1275 2750 1544 2800 Thucydidis,
1582 2750 1619 2786 &
1648 2749 1743 2796 apud
1778 2747 1927 2783 Latinos
1948 2746 2145 2793 Aemylius

1125 2805 1285 2847 Probus,
1312 2811 1465 2839 matrem
1487 2800 1677 2838 Pausaniae
1696 2827 1706 2843 ,
1735 2798 1939 2835 Alcitbeam
1964 2798 2144 2837 nomine,

1124 2866 1209 2892 cum
1236 2853 1294 2891 ille
1315 2855 1351 2890 in
1374 2852 1553 2899 templum
1578 2847 1816 2896 confugifl'et‚
1850 2847 2063 2894 Ephorique
2085 2847 2145 2882 fo-

1125 2917 1179 2943 res
1201 2903 1388 2942 aediculae
1403 2930 1414 2946 ,
1441 2902 1500 2938 ubi
1519 2901 1578 2937 ille
1609 2899 1748 2936 abditus
1770 2905 1865 2940 erat,
1894 2896 2142 2938 obstruerent,

1124 2967 1167 2993 ac
1181 2954 1321 2993 tectum
1343 2952 1630 2993 demolirentur,
1655 2950 1828 2994 utinopia
1851 2958 1968 2984 rerum
1989 2958 2029 2982 ac
2042 2947 2143 2983 fame

1124 3006 1354 3044 laborantem
1380 3004 1454 3040 hoc
1479 3001 1587 3049 padio
1614 2998 1860 3041 conficerent,
1887 2998 2074 3045 postquam
2096 2996 2143 3032 de

1127 3056 1258 3094 scelere
1288 3066 1330 3091 ac
1367 3053 1575 3102 proditione
1600 3049 1665 3086 filii
1692 3047 1954 3093 comperisset,
1981 3047 2141 3092 primum

1124 3107 1283 3154 lapidem
1304 3105 1347 3141 ad
1371 3101 1609 3140 obserandum
1642 3100 1742 3135 illum
1765 3095 1963 3144 asportaffe.
1992 3096 2026 3130 id
2038 3093 2140 3141 quod

1126 3158 1188 3194 hic
1209 3152 1496 3194 Ovidiusinnuit
1513 3178 1524 3196 ,
1551 3161 1635 3188 curn
1651 3149 1862 3195 dicitlegcm
1877 3157 2016 3195 poenae
2031 3144 2140 3189 ipsam

1129 3214 1320 3258 parentem
1357 3200 1501 3254 dedisse,
1565 3201 1699 3286 Cetxjra
1739 3198 1835 3246 apud
1857 3242 1859 3246 Α
1878 3197 1916 3236 T
1918 3192 2142 3282 hucydidegi
