2547 3708
859 160 883 216 1
1025 159 1071 217 B

1217 163 1240 218 1
1382 161 1437 219 S.

443 261 599 318 Stella
624 259 1002 334 Leoprepidae
1025 275 1147 314 cum
1173 259 1273 314 fuit
1307 277 1473 331 aequa
1498 261 1630 314 viro,

228 353 328 407 515
365 335 547 406 thue
563 336 646 387 vel
671 333 888 389 Euenus
917 332 1140 387 torrenti
1170 331 1391 385 flumine
1417 333 1613 386 mersus

440 405 672 463 Nomina
699 405 791 460 des
816 406 1055 477 rapidae,
1095 406 1177 459 vel
1200 404 1521 467 Tiberium,
1561 419 1742 475 aquae.

231 652 484 696 Ventorumque
501 653 595 694 regat
606 652 717 694 pater.

78 711 125 754 Et
145 712 230 751 Ode
251 725 308 751 12.

179 777 307 813 Dicam
328 784 371 813 ω’
389 771 536 810 Alciden
549 799 558 814 ,
580 779 762 819 puerosque
781 766 910 812 Ledae,

179 835 281 864 Hunc
301 825 391 873 equis
405 850 415 866 ,
441 822 541 858 illum
554 821 712 868 superare
728 819 848 866 pugnis

179 876 337 914 Nobilem
352 901 361 917 ,
388 884 532 922 quorum
542 869 650 919 fimul
671 868 751 912 alba
772 866 890 905 nautis

229 925 333 962 Stella
350 920 479 969 rrfalfit
494 948 504 965 ,

181 974 312 1015 Defluit
329 974 447 1020 saxis,
479 974 552 1009 &a

76 1046 182 1084 Haec
198 1043 296 1080 enim
316 1041 409 1080 stella
428 1041 545 1077 nautis
567 1040 684 1077 amica
704 1039 742 1076 &
756 1036 924 1075 Salutaris
936 1035 984 1073 est
1000 1063 1010 1081 ,
1034 1045 1097 1083 pe-

73 1096 300 1141 riculumque
335 1089 449 1130 abeffe
486 1090 672 1138 fignificat.
722 1089 917 1126 Caeterum
965 1093 1096 1123 notatu

75 1146 225 1194 dignum
247 1144 294 1180 est
317 1170 326 1186 ,
366 1142 465 1191 quod
496 1142 544 1177 ait
568 1140 694 1177 Strabo
715 1139 776 1176 lib.
794 1150 823 1175 1.
850 1148 991 1174 veteres
1012 1137 1095 1174 lon-

72 1197 174 1243 giora
198 1195 285 1231 mari
304 1201 468 1240 terraque
483 1188 603 1227 fecisse
626 1190 896 1235 itinera,quam
910 1187 1093 1234 posteros,

70 1246 232 1293 ideoque
251 1244 436 1280 Castorem
457 1242 493 1277 &
506 1240 694 1277 Pollucem
710 1240 815 1276 maris
826 1246 1093 1286 procuratores,

69 1305 114 1333 ac
131 1294 380 1339 navigantium
402 1291 598 1328 servatores
617 1289 686 1327 effe
715 1289 831 1327 dictos
846 1316 855 1332 ,
883 1286 984 1335 quod
1012 1288 1096 1326 lon-

68 1344 206 1394 giffime
223 1343 466 1390 latissimeque
485 1342 699 1389 navigarint.
753 1340 950 1377 SALVAGN.

119 1407 202 1442 514.
228 1394 331 1430 Stella
360 1391 579 1440 Lycoridae.]
608 1391 721 1427 Recte
750 1389 962 1437 Leoprepidae
982 1388 1090 1425 Scali-

66 1456 130 1494 ger
141 1446 179 1483 in
195 1444 412 1482 Ausonianis
424 1441 660 1478 Leetionibus
675 1468 684 1483 ,
695 1439 852 1476 insistens
864 1439 1016 1485 vestigiis
1028 1450 1091 1475 ve-

69 1504 188 1533 terum
202 1493 481 1541 exemplarium.
494 1492 693 1538 Leoprepis
705 1489 795 1527 filius
809 1489 1028 1526 Simonides:
1041 1490 1089 1526 ita

63 1546 189 1594 paffim
201 1545 374 1582 auetores.
401 1543 545 1578 Herus.
560 1541 845 1588 Alebaequidam
859 1539 985 1586 scripti.
1001 1538 1091 1574 Ala-

64 1594 124 1632 bae
148 1596 294 1643 Regius.
321 1594 404 1630 vide
436 1592 481 1629 de
506 1591 631 1628 Aleuis
651 1591 741 1639 supr.
763 1589 806 1626 ad
819 1590 858 1631 ss.
874 1600 955 1637 325.
977 1590 1014 1626 &
1045 1589 1090 1626 de

62 1645 132 1682 hac
151 1644 347 1682 Simonidis
376 1642 517 1680 historia
539 1640 688 1678 Phaedr.
715 1640 775 1678 lib.
797 1652 849 1677 ιν.
877 1640 946 1676 fab.
968 1649 1028 1685 24.
1047 1640 1085 1677 &

60 1706 156 1745 quae
175 1695 223 1733 ibi
245 1696 311 1732 viri
338 1692 436 1730 doni
465 1692 696 1729 adnotarunt.
752 1691 962 1739 Leoprepes
994 1700 1083 1727 vero

58 1753 162 1794 pater
184 1744 378 1783 Simonidis
389 1749 615 1780 memoratur
636 1741 679 1778 ab
689 1741 847 1778 Aeliano
873 1740 931 1777 lib.
951 1751 1004 1776 iv.
1028 1751 1084 1787 14.

58 1795 159 1833 unde
170 1795 333 1833 firmatur
349 1793 517 1840 Scaligeri
540 1792 733 1830 correctio.
770 1789 856 1829 Mff.
879 1790 1079 1835 Letoridae,

58 1846 285 1895 Lyquoridae,
300 1843 523 1894 Leoquoridae
537 1870 548 1887 ,
573 1842 789 1893 Leetepidae,
810 1840 990 1891 Leporidae
1008 1841 1079 1879 δῖε.

65 1896 120 1932 cui
135 1897 209 1941 fuit
227 1897 337 1933 etiam
357 1896 497 1933 Sarrav,
524 1893 652 1930 Euam.

113 1957 194 1992 515.
221 1951 327 1993 thue
346 1943 587 1991 velEuenu5.]
621 1943 809 1980 Euenusin
822 1942 1051 1991 Lycormam
1067 1970 1079 1988 ,

59 1993 258 2032 Tiberinus
278 1997 313 2031 in
346 1994 513 2030 Albulam
544 1993 697 2030 demerfi
726 1993 830 2037 sunt,
857 2004 995 2040 exiquo
1016 1992 1080 2028 flu·
1135 2003 1158 2039 p

59 2044 112 2081 vii
132 2044 218 2082 dieti
236 2045 314 2081 sunt
329 2071 337 2086 ‚
368 2043 560 2080 Euenus&
574 2042 783 2079 Tiberinus.
835 2042 1081 2086 INTERPRES,

50 2094 119 2132 ‘De
141 2095 271 2131 Eueno
284 2095 331 2130 ita
342 2093 548 2131 Plutarchus
561 2093 595 2128 in
608 2092 795 2129 Paralellis:
825 2095 964 2128 Evenus
979 2097 1082 2127 Mar-

58 2144 104 2181 tis
123 2155 167 2183 <9¹
185 2143 432 2191 Steropaefilius
456 2156 496 2177 ex
511 2142 654 2189 Alcc‘ppa
677 2142 844 2177 Oenomai
856 2141 937 2187 filia
947 2141 984 2178 in
994 2155 1078 2178 uxo-

57 2206 128 2231 rem
164 2193 267 2230 duaa
299 2193 500 2240 Marpiffam
512 2192 654 2238 suscepit
674 2191 812 2237 filiam3
841 2205 947 2239 quam
967 2192 1076 2238 ‘virgi-

59 2257 137 2281 nem
155 2253 312 2280 accurate
320 2243 498 2286 servabat.
554 2247 735 2277 Caeterum
750 2240 933 2289 Aphareus
957 2241 1072 2286 visam

55 2307 96 2332 ex
116 2293 233 2331 chorea
253 2293 389 2341 rapuit;
415 2301 512 2339 pater
540 2303 657 2327 autem
685 2291 862 2340 insequens
874 2292 1069 2338 fugientem

57 2356 132 2380 cum
146 2343 307 2393 prendere
324 2355 390 2379 non
412 2342 508 2390 pff&
524 2369 532 2383 ,
559 2342 594 2377 in
618 2347 817 2388 Lycormam
836 2342 873 2386 se
887 2341 1065 2389 precipita-

55 2393 112 2430 vit
127 2421 136 2437 ‚
161 2406 198 2430 ut
220 2395 258 2430 in
272 2394 383 2444 primo
406 2406 519 2428 rerum
535 2391 736 2427 italicarum
757 2389 934 2439 Dofitheus
951 2393 1066 2437 refiert.

55 2443 202 2482 Cous-r.
228 2444 321 2481 Fau.
352 2443 594 2480 FuitEuenus
615 2443 741 2478 Martis
754 2441 865 2485 filius,
897 2443 1066 2478 Aetoliae

51 2493 153 2537 Rex,
180 2495 243 2543 qui
265 2506 349 2532 cum
373 2493 473 2530 Idam
498 2493 657 2539 Apharei
676 2490 790 2529 filium
813 2490 1004 2539 Marpiffae
1026 2491 1068 2528 fi-

47 2542 114 2581 liae
140 2554 320 2592 raptorem
343 2544 465 2581 frustra
494 2542 672 2579 insecutus
699 2541 809 2586 efflet,
837 2554 921 2589 prae
940 2543 1070 2579 dolore

47 2594 86 2632 in
119 2595 346 2642 Lycormam
365 2593 530 2631 AEtoliae
560 2592 710 2630 fluvium
736 2594 769 2628 se
789 2594 971 2639 conjecit.
1002 2594 1067 2641 qui

47 2643 93 2679 ab
111 2655 158 2681 eo
178 2644 289 2682 dietus
317 2644 365 2683 cst
397 2645 555 2681 Euenus.
609 2642 666 2679 Sic
690 2643 939 2690 Apollodorus
965 2644 1022 2680 lib.
1040 2655 1067 2680 1.

47 2692 254 2732 Plutarchus
282 2695 319 2731 in
339 2694 512 2731 Parallelis
534 2721 544 2738 ‚
581 2693 673 2731 Hist.
693 2705 752 2739 40.
782 2693 874 2730 Item
905 2694 997 2730 libro
1019 2692 1065 2730 de

47 2742 277 2787 fluminibus,
304 2746 339 2780 in
355 2746 550 2791 Lycorma.
578 2743 763 2791 Didymus
782 2756 818 2780 in
839 2743 1064 2782 Eustathium

46 2791 149 2830 Iliad.
171 2805 206 2840 9.
231 2794 423 2831 Satvmu.
452 2794 605 2831 Hebenus
633 2794 738 2831 multi
767 2793 897 2842 scripti.
931 2793 1067 2832 Ebenus

47 2850 131 2881 tres.
160 2843 231 2880 vid.
245 2843 377 2879 Loens.
395 2844 733 2892 Miscel.Epiph.ix.
750 2856 807 2892 19.

97 2905 181 2940 ςῐς.
209 2894 366 2928 Torrenti
381 2891 562 2941 flumine]¹
591 2895 756 2931 Torrens
779 2895 828 2932 est
860 2894 990 2933 fluvius
1006 2895 1066 2932 vel

45 2942 255 2981 coelestibus
285 2943 385 2990 aquis
419 2944 473 2978 vel
504 2943 630 2982 solutis
659 2944 801 2982 nivibus
825 2946 970 2988 andus,
1002 2946 1066 2993 qui

46 3003 92 3030 ex
109 2993 295 3030 montibus
315 3002 485 3040 praeceps
502 2993 537 3027 in
561 3004 708 3040 campos
723 3022 732 3038 ,
760 2996 818 3032 vel
842 2997 955 3032 maria
970 3023 979 3039 ,
1007 2995 1066 3032 vel

46 3042 194 3081 flumina
230 3043 402 3080 defertur.
454 3040 649 3088 Usurpatur
685 3055 782 3080 nunc
807 3046 966 3082 absolute
995 3056 1062 3092 pro

46 3092 179 3137 fluvio,
209 3104 308 3131 nunc
335 3091 524 3134 ἐπιθέτως,
552 3100 592 3128 ut
626 3093 825 3139 hocloco,
853 3097 942 3134 item
966 3095 1062 3143 apud

48 3141 240 3191 ,Virgilium
267 3144 328 3181 lib.
346 3156 393 3180 ιι.
419 3141 571 3180 AEneid.

99 3220 242 3233 —-·
269 3219 331 3249 aus
351 3209 490 3262 rapidus
508 3217 673 3250 montano
687 3207 830 3260 flumine
847 3219 987 3264 terrens!

2041 480 2187 535 Asta==

1159 636 1320 675 Graecus
1350 630 1535 684 zeinap'p‘oc
1554 633 1733 678 ποταμοὶ,
1769 641 1808 672 ut
1830 634 2005 673 Homero
2027 649 2059 684 ς.
2088 636 2150 676 Ilia
2167 638 2192 678 d

1157 687 1356 723 Herodoto
1395 685 1455 723 lib.
1491 698 1554 725 111.
1580 685 1822 723 Artemidoro
1850 685 1909 723 lib.
1930 699 1981 724 11.
2005 699 2080 734 cap.
2115 699 2181 736 27.

1157 737 1478 834 δΑξ-ἵὲὲᾚαρὶάαε
1507 786 1564 822 vel
1591 786 1768 823 Tiberinus
1786 786 1935 835 aquae]
1975 788 2172 827 Tiberinus

1154 837 1386 873 Albanorum
1404 838 1482 873 Rex
1498 865 1507 880 ‚
1536 837 1595 883 qui
1616 838 1651 874 in
1671 837 1822 884 trajeetu
1843 838 1993 874 Albulae
2010 838 2174 876 submer-

1153 886 1207 923 sus
1228 887 1368 923 celebre
1387 887 1430 923 ad
1458 886 1618 935 posteros
1645 898 1783 923 nomen
1812 886 1926 923 fluvio
1947 888 2058 926 dedit.
2094 890 2176 928 Au—

1152 938 1273 974 thores
1293 937 1344 974 T.
1368 937 1492 973 Livius
1510 936 1569 973 lib.
1586 948 1615 973 1.
1644 937 1802 973 Ovidius
1819 937 1959 984 ipselib.
1977 951 1986 974 i
2001 951 2030 976 1.
2058 939 2180 978 Fasto-

1151 997 1231 1024 rum
1246 1015 1256 1029 ‚
1268 988 1436 1024 Aurelius
1453 986 1583 1023 vietor
1602 987 1637 1022 in
1653 987 1807 1034 Origine
1820 988 1947 1023 Gentis
1961 989 2177 1036 Romanae,

1151 1039 1214 1085 qui
1237 1049 1314 1074 non
1338 1037 1558 1079 Tiberinum,
1586 1036 1645 1074 sed
1666 1036 1962 1083 Tiberiumipsum
1986 1041 2178 1085 nominat,

1151 1097 1191 1125 ut
1212 1090 1249 1124 &
1270 1087 1473 1124 Eustathius
1490 1089 1526 1124 in
1552 1085 1771 1134 Dionylium
1789 1115 1798 1130 ,
1828 1099 1978 1135 pag.5o.
2007 1090 2177 1128 editionis

1153 1139 1398 1185 Stephaneae,
1429 1140 1464 1174 &
1486 1137 1573 1174 Ado
1593 1137 1811 1173 Viennensis
1840 1139 1875 1173 in
1905 1138 2095 1176 Chronicis
2115 1152 2178 1177 ae-

1150 1196 1223 1225 tate
1241 1201 1273 1234 4.
1304 1188 1414 1236 longe
1433 1188 1523 1225 aliae
1545 1187 1589 1224 de
1611 1187 1757 1225 Tiberis
1778 1188 1931 1224 nomine
1953 1191 2109 1227 rationes
2122 1190 2178 1228 af-

1149 1239 1315 1276 feruntur
1343 1238 1362 1274 a
1397 1238 1554 1286 Virgilio
1577 1264 1587 1282 ,
1619 1238 1657 1275 ὅ(
1688 1238 1763 1285 ejus
1789 1238 1988 1284 Interprete
2021 1240 2173 1286 Servio,

1148 1290 1210 1337 qui
1233 1297 1415 1337 praeterea
1441 1289 1546 1325 tradit
1565 1287 1679 1337 ipsum
1705 1299 1740 1324 in
1761 1288 1863 1324 sacris
1884 1287 2081 1326 Tiberinum
2096 1317 2105 1333 ,
2133 1291 2173 1329 in

1151 1340 1382 1377 Coenolexia
1402 1338 1549 1375 Tiberim
1577 1338 1780 1375 nominari.
1835 1338 2032 1377 SALVAGN.

1201 1401 1283 1438 517.
1324 1389 1597 1437 Hyrtacidaeque
1623 1388 1757 1435 mecla]
1796 1387 1997 1436 Euryalum
2033 1391 2170 1439 tangit,
2191 1424 2193 1426 .

1144 1439 1284 1477 socium
1311 1440 1415 1481 Nili,
1443 1439 1557 1476 filium
1581 1439 1756 1485 Hyrtaci,
1787 1450 1898 1486 quern
1913 1440 2037 1477 Rutuli
2058 1443 2168 1479 inter-

1146 1491 1312 1527 fecerunt
1339 1490 1451 1526 noctu
1474 1517 1483 1533 ,
1516 1488 1834 1538 quemadmodum
1866 1491 1962 1526 canit
1983 1491 2170 1539 Virgilius.

1148 1540 1314 1578 INTERI’.
1344 1542 1495 1586 Nugae,
1526 1541 1623 1576 velut
1644 1540 1698 1576 illa
1717 1566 1726 1583 ,
1753 1550 1847 1587 quae
1869 1539 2051 1586 superiore
2072 1543 2168 1580 disti-

1149 1591 1220 1627 cho
1241 1592 1286 1627 de
1308 1590 1472 1627 Alcidice
1492 1590 1633 1626 Alevae
1645 1589 1714 1626 filia
1727 1589 1820 1626 dieta
1841 1589 1930 1627 sunt.
1965 1592 2168 1637 Astacidae-

1151 1653 1214 1689 que
1254 1641 1352 1677 modo
1386 1641 1583 1686 legendum
1615 1652 1659 1676 ex
1692 1640 1787 1676 felzci
1828 1639 2003 1677 Francisci
2031 1641 2166 1680 sanent

1140 1691 1377 1739 conjeaura,
1404 1692 1468 1738 qui
1486 1691 1560 1728 hoc
1584 1690 1758 1727 distichon
1788 1698 1893 1727 antea
1923 1690 2168 1735 depravatissi-

1140 1752 1242 1778 mum
1276 1743 1387 1778 nitori
1417 1741 1481 1778 suo
1511 1741 1671 1778 restituit·
1725 1741 1759 1776 A
1787 1752 1859 1789 qua
1887 1740 2046 1778 lectione
2076 1743 2164 1781 San-

1137 1791 1370 1829 Vietorianus
1392 1793 1523 1829 Codex
1553 1792 1716 1838 optimae
1748 1799 1858 1827 notae
1880 1802 1954 1827 non
1976 1792 2086 1839 longe
2107 1805 2165 1830 re-

1136 1843 1244 1880 cedit.
1298 1843 1453 1880 Nasonis
1474 1842 1572 1878 enim
1595 1852 1699 1878 mens
1719 1839 1787 1877 effe
1800 1841 1967 1884 videtur,
1996 1850 2034 1879 ut
2052 1843 2162 1882 Ibidis

1135 1902 1242 1939 caput
1266 1891 1286 1929 a
1306 1894 1370 1930 suo
1392 1904 1546 1940 corpore
1570 1891 1678 1928 foede
1690 1899 1860 1927 truncato
1872 1889 2037 1928 diffiffum
2054 1921 2062 1935 ‚
2081 1905 2160 1932 non

1134 1941 1233 1979 secus
1264 1955 1304 1979 ac
1334 1943 1537 1989 Menalippi
1570 1941 1808 1984 corrodatur,
1838 1944 2008 1989 quamvis
2036 1941 2055 1978 a
2075 1944 2159 1981 feris

1163 1994 1257 2029 otius
1285 1994 1452 2029 devorari
1485 1992 1646 2028 deberet.
1697 1992 1881 2038 Siquidem
1906 1991 2062 2039 Tydeus
2079 1994 2159 2031 Oe-

1133 2042 1194 2078 nei
1207 2042 1420 2079 Calidoniae
1433 2042 1540 2086 Regis
1558 2044 1592 2076 6<
1607 2040 1825 2088 Eurybocae
1839 2066 1848 2082 ‚
1864 2040 1935 2077 sive
1958 2042 2156 2081 Periboeae

1134 2090 1249 2134 filius,
1278 2092 1314 2128 in
1344 2091 1441 2130 bello
1469 2090 1652 2127 Thebano
1682 2090 1859 2127 lethaliter
1887 2090 1906 2126 a
1937 2092 2155 2141 Menalippo

1135 2141 1341 2178 vulneratus
1363 2169 1373 2185 ‚
1412 2149 1518 2189 caput
1541 2140 1617 2187 ejus
1639 2139 1732 2176 adse
1751 2139 1880 2177 deferri
1900 2141 1998 2188 juffit
2013 2168 2021 2183 ,
2049 2143 2155 2190 quod

1130 2202 1216 2227 cum
1239 2192 1387 2228 tandem
1410 2203 1472 2239 per
1489 2201 1658 2239 quaeque
1677 2189 1834 2237 pericula
1853 2189 2036 2227 defeetum
2060 2193 2155 2231 Am-

1127 2241 1291 2286 phiaraus
1310 2241 1476 2278 attuliffet
1490 2268 1499 2284 ‚
1529 2239 1586 2277 ille
1607 2239 1791 2277 mordicus
1810 2239 1979 2287 arripiens
2000 2245 2155 2280 cervici-

1126 2290 1189 2327 bus
1208 2302 1283 2327 non
1301 2291 1402 2329 aliter
1424 2319 1434 2334 ,
1471 2301 1514 2327 ac
1546 2289 1686 2327 rabidus
1715 2291 1813 2326 canis
1835 2318 1845 2333 ‚
1873 2291 1999 2327 dentes
2022 2292 2153 2331 infixit.

1122 2340 1309 2378 Authores
1336 2341 1585 2389 Apollodorus
1610 2340 1745 2378 lib.111.
1771 2340 2039 2385 Bibliothecae,
2063 2343 2153 2380 Sex-

1120 2399 1176 2427 tus
1186 2391 1254 2427 Em
1263 2394 1404 2440 pyricus
1416 2390 1711 2440 Hypotyposeon
1724 2389 2073 2438 Pyrrhoniarum,lib
2090 2405 2153 2433 111.

1122 2442 1280 2478 Ovidius
1300 2442 1373 2489 ipse
1385 2447 1488 2479 verlu
1503 2451 1591 2489 430-
1617 2443 1653 2478 &
1671 2440 1908 2488 Papiniuslib.
1921 2453 2009 2478 v111.
2043 2444 2149 2482 The-

1123 2491 1248 2529 baidos
1285 2492 1430 2537 Jl‘.718.
1476 2492 1573 2530 unde
1605 2491 1832 2539 Lycophron
1855 2493 1892 2528 in
1925 2490 2114 2532 Cassandra
2135 2523 2147 2539 ,

1125 2541 1356 2579 Diomedem
1381 2545 1444 2578 τοῦ
1469 2541 1713 2587 κρατοβρῶτος
1731 2539 1846 2578 filium
1870 2551 1994 2580 vocat.
2019 2544 2149 2582 Dofia-

1124 2591 1185 2628 des
1205 2593 1240 2629 in
1264 2594 1337 2631 Ara
1366 2593 1542 2636 secunda,
1570 2591 1685 2628 filium
1714 2592 1778 2627 τοῦ
1799 2590 1988 2636 ἀνδροβρῶ,
2013 2595 2149 2641 geniti-

1123 2653 1174 2678 vo
1200 2642 1334 2680 scilicet
1361 2643 1504 2680 Dorico
1527 2670 1537 2685 ‚
1575 2653 1641 2688 pro
1666 2641 1910 2686 ἀνδροβρῶτσς.
1961 2644 2147 2692 Menalip-

1118 2703 1206 2740 pum
1232 2701 1353 2730 autem
1381 2693 1501 2730 Astaci
1526 2691 1641 2729 filium
1671 2691 1741 2729 elle
1772 2692 1915 2729 testatur
1943 2693 2147 2743 Aeschylus

1122 2743 1329 2791 Tragoedia
1359 2743 1406 2780 de
1432 2742 1597 2784 Thebis;
1661 2743 1876 2780 Herodotus
1911 2742 2145 2791 Terpficore.

1120 2793 1223 2829 Hinc
1241 2793 1415 2838 Astacides
1437 2794 1580 2830 Ovidio
1593 2793 1706 2830 dietus
1721 2820 1730 2835 ,
1757 2792 1857 2834 ut&
1877 2792 2029 2841 Papinio
2049 2795 2143 2835 libro

1123 2843 1233 2880 citato
1251 2843 1483 2887 Thebaidos,
1500 2843 1676 2890 Astacides
1688 2842 1902 2890 Menalippus
1911 2854 1997 2881 erat.
2050 2845 2144 2885 Sar.-

1122 2905 1244 2930 VAGN·
1273 2893 1513 2943 Melanippum
1532 2901 1639 2930 vocat
1656 2891 1827 2930 Pindarus
1849 2893 1926 2931 Od.
1952 2895 2064 2933 Nem.
2086 2909 2142 2936 xx.

1120 2943 1469 2989 47.ubiScholiasses
1488 2943 1670 2981 historiam
1693 2943 1803 2980 refert
1822 2957 1827 2979 :
1851 2954 1961 2991 quem
1987 2946 2023 2982 δε
2053 2947 2140 2985 vide

1123 2994 1168 3031 ad
1183 2995 1244 3031 od.
1265 3006 1300 3031 x.
1325 3006 1378 3032 η.
1407 2994 1641 3043 Melanippum
1652 2994 1761 3030 alium
1778 2994 1911 3030 Thesei
1925 2993 2037 3032 filium
2060 3008 2139 3034 me-

1122 3054 1241 3081 morat
1266 3045 1551 3093 Harpocration.
1601 3043 1740 3081 Eadem
1772 3043 1955 3081 diverfitas
1994 3046 2028 3083 in
2060 3053 2138 3082 Me-

1117 3093 1467 3142 naltppeAmazone,
1480 3105 1590 3142 quam
1606 3094 1663 3131 alii
1679 3093 1893 3143 Melanippen
1907 3103 2050 3131 vocant.
2063 3096 2136 3133 vicl.

1118 3145 1248 3182 Maser.
1262 3145 1305 3182 ad
1319 3144 1575 3187 Varfiacav.
1592 3143 1671 3191 138.
1684 3145 1720 3181 δε
1733 3152 1837 3180 notas
1849 3145 1892 3180 ad
1913 3145 2005 3180 Gell.
2021 3155 2051 3179 v.
2080 3157 2137 3183 rr.

1119 3195 1286 3244 Astacum
1305 3193 1505 3246 quemdam
1534 3193 1700 3281 Neptuni
1724 3195 1760 3232 ὃς
1785 3193 1916 3233 Olbiae
1935 3193 2134 3281 Nymplliae

2046 3254 2137 3294 1³1²:

2102 184 2214 244 129⁴
2270 178 2273 182 ’
