2547 3708
326 133 392 178 ’26
1128 113 1644 166 P.OVIDII

433 253 436 255 Α
502 213 612 255 Haec
630 225 772 268 quoque
790 225 889 252 mmc
917 210 979 263 (si
997 224 1089 250 vera
1101 210 1268 261 ferunt)
1298 209 1340 249 in
1362 209 1528 264 imagine
1540 207 1731 260 servant,.

559 266 645 307 Hoc
670 266 812 307 calamo
834 279 945 305 curas
964 264 1068 316 Nast)
1085 262 1213 304 levare
1221 262 1329 316 solet.
1473 265 1476 266 ⁷

507 320 638 375 Atque
661 321 718 360 ita
737 332 832 374 quae
841 318 1005 369 fuerant
1021 317 1153 370 misero
1173 316 1338 358 ludibria
1359 317 1465 365 vati,

561 374 683 414 Nunc
693 373 790 425 sunt
805 372 997 412 barbarico
1013 385 1146 412 nomen
1161 401 1170 417 ,
1195 369 1372 423 honosque
1381 367 1468 419 solo.

508 427 571 467 Sic
591 441 734 482 quoque
753 426 875 477 nostra
895 424 1018 480 legens
1028 427 1112 476 fors
1132 424 1219 464 olim
1245 422 1443 463 Barbarus
1460 419 1584 475 hospes
2294 445 2314 455 f

567 480 614 519 In
631 479 770 531 nostras
789 480 966 519 lacrimas
983 479 1197 528 ambitiosus
1216 478 1302 516 erit.
1364 495 1366 497 >

511 532 726 585 Hqspitium
744 533 874 582 misero
893 533 978 572 vati
989 532 1074 582 fuit
1094 532 1232 570 Axena
1251 527 1362 568 tellus
1374 559 1386 580 ,

567 586 785 639 Hospitium
803 585 905 624 nobis
926 586 1045 638 Agria
1063 594 1169 623 terra
1188 581 1306 621 dedit.

515 639 656 679 Axena
676 650 809 677 nomen
830 638 962 685 habet,
990 639 1166 691 quoniam
1176 634 1232 685 fit
1250 634 1454 688 inhospita,
1483 645 1626 673 verum-

570 692 680 732 Haec
701 706 834 731 nomen
850 690 964 732 nac‘i'a
985 691 1035 744 est
1055 690 1079 730 ci
1087 691 1247 742 feritate
1270 689 1351 730 loci.
1401 723 1404 726 ,

516 744 607 786 Nec
627 755 671 784 tu
692 745 896 785 Pannonia
917 746 1071 798 credas,
1099 743 1189 792 &60

411 865 486 912 M.
536 864 889 927 JUSTs
944 860 1717 914 GOTHOFREDI
1792 859 2431 912 RABENERE.

872 982 1144 1032 Dissertatio
1170 983 1226 1031 de
1246 985 1400 1032 Ovidii
1419 981 1561 1029 exilio
1587 979 1637 1026 &
1656 977 1915 1043 sepulchro.

461 1109 540 1153 Uo
570 1112 766 1165 imprimis
794 1111 835 1152 in
863 1111 946 1153 vita
968 1112 1104 1153 Ovidii
1139 1113 1251 1163 sunt,
1281 1126 1384 1166 quae
1413 1112 1537 1152 libera
1556 1110 1777 1163 opinaturis
1800 1111 1996 1162 reliquere
2015 1108 2335 1150 discordantium
2355 1109 2461 1152 inter

345 1121 453 1218 D*
478 1166 518 1206 se
549 1176 740 1207 autorum
769 1164 940 1216 diffidia‚
971 1164 1103 1208 caussa
1124 1179 1270 1220 nempe
1288 1166 1393 1208 exilii
1415 1166 1451 1206 ὅ(
1471 1165 1696 1216 sepulturae
1717 1165 1854 1208 locus,
1906 1163 2055 1204 Prioris
2078 1173 2327 1216 praetextum
2347 1164 2467 1205 fuisse

345 1226 468 1263 libros
495 1221 743 1269 amatorios,
772 1220 854 1271 ipse
872 1218 1011 1271 paffim
1032 1220 1177 1262 fatetur
1192 1251 1203 1271 ‚
1224 1222 1261 1262 ὅ(
1282 1220 1443 1269 excusat
1460 1217 1600 1269 Elegia
1624 1217 1956 1278 adfflugustum3
1985 1230 2125 1259 veram-
2141 1228 2279 1259 autem
2298 1221 2469 1272 culpam.

346 1275 497 1328 trepide
519 1275 557 1315 ὅ(
579 1275 686 1314 varie
706 1274 1062 1325 circumloquitur.
1118 1273 1253 1315 Nunc
1271 1275 1380 1317 enim
1405 1284 1586 1314 errorem
1610 1281 1732 1312 vocat
1749 1270 1814 1312 lib.
1833 1285 1872 1316 2..
1893 1267 2008 1324 Trist.

523 1327 776 1368 Perdiderint
796 1340 882 1366 cum
904 1341 963 1366 me
983 1328 1054 1367 duo
1074 1328 1257 1378 crimina,
1286 1341 1438 1368 carmen
1459 1325 1511 1373 ἰῇ)
1533 1339 1649 1365 error.

579 1381 751 1420 Alterius
757 1380 862 1430 fac‘li
881 1379 992 1435 culpa
1000 1379 1149 1430 silenda
1169 1381 1277 1421 mihi.

349 1435 492 1479 Modo
525 1433 565 1474 se
595 1433 731 1474 vidisse
763 1433 935 1485 aliquid,
967 1435 1005 1475 &
1039 1435 1160 1475 noxia
1191 1435 1348 1476 lumina
1368 1432 1502 1475 fecisse
1525 1433 1703 1486 queritur
1719 1447 1735 1475 :2
1759 1432 1902 1476 Modo
1924 1430 2104 1475 criminis
2123 1432 2183 1474 sui
2202 1431 2386 1476 curiosos
2405 1444 2466 1473 an-
2532 1451 2534 1456 v

352 1491 478 1531 birros
499 1490 618 1540 plane
638 1488 871 1540 deprecatur
885 1517 896 1537 ‚
923 1497 967 1529 ut
990 1487 1057 1531 lib.
1081 1504 1115 1530 2..
1135 1489 1185 1530 de
1206 1489 1367 1530 Ponto:

507 1577 510 1579 .
531 1539 589 1580 Et
609 1543 704 1593 quid
714 1551 914 1595 praeterea
929 1543 1120 1595 peccarim
1141 1557 1323 1596 quaerere
1341 1541 1431 1583 noli.
2188 1587 2193 1593 ⁴
2378 1558 2381 1562 ·
2535 1578 2538 1586 .

354 1594 544 1637 Tantum
561 1605 698 1636 tamen
720 1594 868 1645 abfuit,
896 1606 941 1636 ut
963 1595 1015 1636 ita
1034 1597 1229 1638 molestos
1251 1597 1326 1637 hos
1350 1595 1537 1637 homines
1556 1597 1794 1638 amoliretur
1808 1626 1819 1645 ‚
1838 1604 1884 1637 ut
1903 1595 2037 1647 potius
2055 1594 2281 1650 malignam
2299 1593 2478 1634 illorum-

357 1648 678 1690 sollicitudinem
708 1648 959 1690 accenderet.
1016 1649 1144 1692 More
1175 1650 1286 1691 enim
1317 1649 1466 1705 ingenii
1500 1651 1663 1692 humani
1693 1650 1876 1692 accidere
1895 1650 2027 1696 solet,
2052 1649 2157 1690 utin
2180 1648 2352 1688 vetitum
2373 1647 2473 1687 nita·
2536 1670 2537 1679 κ

351 1716 466 1754 mur,
497 1702 535 1743 ὅτ
565 1702 663 1743 nihil
697 1713 781 1744 tam
802 1702 944 1743 misere
971 1703 1083 1745 nosse
1109 1705 1339 1757 cupiamus,
1371 1716 1496 1756 quam
1515 1704 1536 1745 a
1558 1705 1674 1756 cujus
1698 1704 1947 1745 conscientia
1969 1703 2242 1755 prohibemur.
2298 1699 2398 1741 Inde
2415 1699 2473 1741 fa·
2536 1747 2538 1750 .

355 1756 469 1798 &um
484 1786 495 1806 ‚
521 1765 564 1797 ut
588 1754 780 1797 Sidonius
803 1757 1054 1809 Apollinaris
1071 1757 1224 1808 Juliam
1245 1758 1451 1800 Corinnae
1480 1759 1651 1798 nomine
1679 1758 1844 1810 turpiter
1867 1756 2094 1797 tradu&am
2116 1754 2267 1796 Poetae
2291 1754 2483 1794 nocnisse:
2538 1802 2539 1813 γ

357 1820 513 1864 putaret
527 1822 545 1853 ι,
569 1809 651 1850 Alii
680 1810 1020 1852 consuetudinem
1050 1825 1148 1853 cum
1176 1811 1257 1864 ipsa
1281 1811 1475 1860 habuiffe3
1511 1811 1741 1863 Oprneerus
1763 1811 1804 1852 in
1825 1810 2113 1852 omen-ruituri
2136 1807 2355 1862 gentilismi
2376 1809 2476 1848 rele·
2538 1857 2539 1862 Ἰ

354 1874 497 1918 gatum
519 1864 726 1906 crederet:
749 1865 868 1905 multi
892 1865 1036 1914 etiam,
1069 1865 1350 1907 crudelitatem
1382 1879 1535 1918 poenae
1555 1865 1759 1916 insectati,
1792 1865 1833 1906 in
1853 1864 2073 1905 vindieiam
2095 1863 2226 1904 adhuc
2250 1861 2476 1902 acerbiores

356 1918 603 1970 suspiciones
624 1927 849 1969 armarent,
879 1919 916 1959 ὅ(
936 1919 1069 1971 ipsum
1092 1921 1323 1972 Augustum
1345 1919 1383 1959 in
1409 1920 1514 1961 filiae
1533 1919 1685 1960 incestu
1706 1919 1728 1958 a
1749 1919 1878 1959 Po‘e'ta
1899 1916 2154 1970 imprudente
2172 1915 2482 1968 deprehenfium·
2539 1943 2547 1966 1¹

360 1970 702 2020 coniectarentur.
764 1973 828 2012 Ab
857 1972 914 2021 his
946 1984 1022 2024 ego
1057 1975 1238 2014 multum
1267 1972 1466 2015 diffentio.
1525 1969 1635 2012 Utut
1657 1972 1767 2011 enim
1786 1971 1974 2023 Princeps
1995 1971 2066 2010 ille
2087 1971 2266 2022 primum
2286 1968 2481 2010 adversus
2522 1987 2547 2018 y

355 2024 537 2065 libidines
566 2036 707 2075 parurn
737 2025 880 2066 firmus
909 2025 1051 2076 fuerit,
1079 2028 1205 2067 tutius
1236 2037 1374 2067 tamen
1401 2023 1533 2065 fuisset
1569 2024 1667 2065 tanti
1695 2025 1886 2065 facinoris
1907 2025 2228 2065 interventorem
2250 2022 2491 2073 opprimere.
2522 2031 2523 2034 ’

357 2077 518 2130 potius,
551 2090 675 2128 quam
704 2078 810 2118 exilii
840 2080 1094 2120 contumelia
1123 2080 1299 2131 irritare,
1330 2080 1367 2119 &
1400 2091 1450 2118 eo
1482 2078 1747 2128 submovere,
1779 2078 1888 2118 unde
1920 2078 2044 2119 tutius
2073 2078 2183 2118 forte
2204 2074 2510 2116 malediceret..-
2540 2079 2544 2088 '

356 2132 519 2171 Annon
550 2131 662 2170 enim
689 2131 915 2172 verendum
942 2132 1097 2184 fuisset,
1128 2146 1179 2174 ne
1209 2133 1348 2182 uxori,
1384 2144 1434 2172 ne
1464 2132 1617 2182 liberis,
1647 2144 1699 2172 ne
1720 2131 1861 2172 amicis
1883 2130 2057 2171 caussam
2079 2131 2159 2170 irae
2179 2128 2396 2170 Caesareae
2418 2127 2483 2168 di·
2542 2170 2543 2173 ,

358 2183 527 2224 scedens
559 2183 764 2232 proderet,
795 2183 833 2223 ὅτ
863 2185 914 2224 lic
947 2194 1084 2225 tamen
1114 2199 1175 2226 res
1206 2185 1439 2226 emanaret?
1476 2187 1546 2225 An
1575 2197 1652 2224 nec
1673 2185 1778 2234 Julia
1806 2183 1970 2233 quidem
1998 2182 2079 2233 ipsa
2109 2181 2366 2235 relegationis
2387 2180 2487 2221 suae„-

360 2236 632 2291 ignominiam
661 2239 746 2278 ulta
777 2235 907 2277 fuisset
929 2236 1064 2277 incesti
1085 2239 1330 2290 opprobrio?
1363 2237 1468 2277 Vide
1485 2237 1706 2275 Suetonium
1729 2236 1898 2288 Augusto
1919 2247 1997 2290 cap.
2020 2236 2085 2285 65.
2117 2235 2184 2276 An
2207 2247 2282 2276 nec
2303 2233 2490 2276 Ovidius
2544 2246 2545 2252 ¹

361 2290 527 2343 quidem
557 2290 643 2341 post
671 2299 854 2331 mortem
880 2291 1045 2345 Augusti
1074 2294 1153 2332 tale
1185 2292 1282 2343 quid
1311 2288 1574 2329 eliminafl'et?
1605 2288 1769 2341 Ignorat
1798 2290 1958 2341 ingenia
1990 2289 2247 2341 Principum,
2278 2288 2316 2330 ἀ
2349 2290 2490 2329 malae-.—
2544 2318 2547 2340 5

364 2344 639 2385 conscientiae
661 2343 994 2398 suspicaciffimos
1031 2355 1226 2392 terrores,
1256 2346 1293 2385 ὅτ
1322 2344 1454 2385 famae
1476 2343 1686 2393 indolem,
1714 2342 1783 2394 qui
1805 2343 1873 2383 ista
1896 2352 1980 2383 tam
2001 2342 2122 2383 facile
2142 2343 2281 2384 credit.
2341 2342 2418 2384 Sed
2436 2351 2484 2384 ut

363 2398 494 2441 adhuc
517 2398 687 2439 aretiore
710 2398 823 2440 nodo
847 2398 1119 2451 constringam
1139 2400 1257 2452 hujus
1278 2399 1333 2439 rei
1353 2398 1579 2446 assertores,
1606 2395 1737 2448 addo,
1758 2395 1932 2437 Ovidius
1951 2407 2140 2437 mortuus
2161 2397 2213 2438 est
2232 2408 2343 2437 anno
2365 2395 2397 2436 1.
2418 2395 2501 2451 O«,
2546 2438 2547 2442 ,

365 2452 577 2503 Ιγῐηρῐειάἰε
604 2465 689 2505 ¹99·
721 2452 893 2504 septimo
915 2452 1040 2503 exilii,
1076 2453 1234 2494 testibus
1256 2450 1454 2501 Eusebio,
1487 2451 1745 2502 Hieronymo
1771 2449 1808 2490 ὅ(
1831 2450 2063 2503 Scaligero-‚
2091 2451 2160 2502 qui
2183 2449 2320 2491 incidit
2344 2449 2384 2490 in
2403 2458 2482 2491 ter·
2523 2476 2532 2500 ἓ

363 2506 467 2546 tium
487 2505 655 2546 Tiberii.
683 2505 1014 2558 septuagenarius
1036 2519 1133 2560 ergo
1159 2507 1357 2560 Augustus
1380 2513 1488 2553 erat,
1515 2517 1612 2544 cum
1632 2506 1825 2555 relegaret
1839 2504 2052 2545 Ovidium.
2111 2504 2216 2557 Quis
2235 2514 2372 2545 autem
2396 2509 2517 2548 cre-si:

367 2558 434 2599 dat
455 2559 594 2599 senem
614 2569 699 2599 tam
719 2559 971 2613 prodigiosae
992 2558 1164 2602 libidinis
1185 2560 1320 2610 fuisse,
1345 2568 1388 2599 ut
1408 2570 1485 2598 nee
1502 2571 1525 2598 a
1547 2557 1631 2599 filia
1650 2558 1819 2608 quidem>
1843 2557 2077 2599 abstineret?
2103 2557 2242 2611 Quem
2263 2557 2507 2598 Suetonius-2

366 2622 446 2665 cap.
462 2623 527 2663 71.
556 2613 609 2653 ait
630 2614 829 2663 infamiam
849 2612 1028 2662 juvenilis
1049 2614 1311 2667 impudicitiae
1328 2612 1535 2664 praesensis-
1555 2610 1608 2658 ἐξ
1620 2611 1788 2666 posterae
1807 2613 1914 2652 vitae
1933 2612 2104 2665 castitate
2130 2610 2316 2705 refmaqe.
2379 2609 2519 2659 julia-³,-

367 2666 489 2706 etiam
508 2665 592 2707 filia
605 2666 694 2717 jam
714 2676 804 2707 tum
824 2667 940 2718 supra
959 2667 1312 2721 quadragenariam
1331 2677 1414 2707 erat
1445 2665 1586 2719 (digna
1605 2665 1756 2705 [cilicet
1780 2678 1902 2716 anus,
1933 2667 1974 2707 in
2003 2678 2082 2717 qua
2104 2664 2222 2705 senex
2244 2664 2436 2717 ceperiret
2450 2664 2521 2715 ἔγω

371 2718 408 2759 &
429 2731 474 2759 ex
497 2718 647 2759 Dionis
671 2731 871 2772 computo
890 2721 938 2760 ad
959 2733 1113 2761 annum
1138 2719 1227 2772 758.
1245 2722 1332 2774 jam
1355 2729 1448 2760 ante
1473 2731 1536 2771 27.
1565 2731 1693 2760 annos
1717 2720 1758 2760 in
1782 2720 1962 2761 Insulam
1984 2718 2262 2761 Pandatariam
2281 2731 2379 2759 cum
2402 2716 2500 2775 filiag

371 2774 440 2812 sua
463 2775 659 2827 relegata,
691 2772 711 2812 a
733 2785 817 2825 quo
839 2784 1023 2825 tempore
1042 2787 1276 2826 nunquam,
1309 2774 1401 2814 licet
1423 2774 1660 2825 deprecante
1683 2776 1861 2825 populo,
1892 2775 1932 2815 in
1953 2772 2276 2828 gratiamrursus
2297 2768 2498 2823 admiffit„

372 2835 415 2865 ut
433 2826 549 2866 habet
569 2826 801 2867 Suetonius.
859 2827 1003 2869 Mirari
1033 2828 1168 2879 itaque
1196 2828 1297 2868 subit
1325 2837 1410 2868 tam
1432 2839 1604 2880 magnos
1633 2827 1818 2868 homines
1852 2827 1891 2868 id
1922 2828 2075 2868 facinus
2098 2825 2283 2878 suspicari
2303 2822 2522 2877 potuisse„-

372 2877 561 2919 Dubium
581 2888 718 2920 autem
739 2882 904 2921 nullum
927 2882 1003 2928 est,
1033 2882 1129 2933 quin
1152 2880 1396 2934 turpiffimae
1415 2881 1617 2933 opinionis
1645 2891 1762 2921 autor
1794 2881 1882 2933 ipsis
1915 2881 2033 2922 fuerit
2053 2879 2298 2933 turpiffimus
2319 2878 2493 2933 Caliguus

375 2933 438 2980 la,
464 2933 531 2983 qui
558 2932 749 2974 asserente
778 2934 924 2974 iterum
945 2933 1147 2976 Suetonio
1170 2946 1250 2990 cap.
1274 2948 1337 2990 23,
1362 2934 1609 2988 praedicabat
1633 2947 1641 2975 :
1682 2943 1844 2973 matrem
1863 2936 1978 2985 suam
2009 2949 2059 2975 ex
2088 2933 2242 2984 incesto,
2277 2932 2378 2987 quod
2406 2930 2497 2981 All-4

364 2984 501 3038 gustus
519 3000 605 3025 cum
626 2985 743 3038 Julia
754 2986 843 3038 filia
865 2987 1119 3042 commfiffet‚
1145 2999 1397 3044 procreatam.
1427 2988 1585 3037 Credo,
1612 2998 1655 3028 ut
1680 2987 1797 3028 suum
1822 2988 1939 3041 ipfius
1961 2989 2090 3030 scelus
2111 2985 2467 3028 communication
2496 2995 2513 3016 -·

372 3039 447 3079 hac
471 3039 597 3079 levius
621 3039 827 3090 redderet,
855 3041 924 3093 qui
943 3055 1040 3083 cum
1063 3043 1253 3084 omnibus
1284 3043 1488 3083 sororibus
1510 3042 1627 3093 stupri
1650 3043 1987 3084 consuetudinem
2007 3042 2167 3083 fecerat,
2225 3038 2305 3080 Sed
2325 3040 2413 3090 jam
2440 3050 2461 3079 a

371 3093 543 3132 alteram
568 3092 681 3133 illam
702 3103 854 3144 partem
874 3096 1080 3137 calamum
1106 3107 1246 3147 verm,
1278 3109 1380 3148 quae
1404 3096 1453 3136 de
1473 3096 1686 3147 sepulchro
1710 3097 1801 3149 agit.
1842 3096 2013 3138 Tomos
2032 3096 2254 3147 relegatum
2273 3091 2386 3134 fuisse
2404 3103 2488 3132 ma-

371 3144 562 3206 nifestum
586 3146 651 3186 est.
709 3145 885 3187 Nomen
906 3150 1039 3202 oppidi
1063 3151 1084 3190 a
1105 3150 1289 3191 fabulosa
1311 3150 1467 3203 Absyrti
1488 3148 1720 3191 dissertione
1740 3148 1786 3191 ex
1808 3150 1965 3193 historia
1984 3149 2317 3202 Argonautarum
2336 3142 2497 3187 arceffie

373 3198 456 3255 1pse
476 3198 649 3243 Ovidius
668 3199 731 3242 lib.
751 3212 789 3256 3.
809 3198 925 3255 Trist.
945 3202 1055 3260 Eleg.
1077 3217 1118 3259 9.
1146 3204 1195 3247 &1
1207 3216 1308 3247 cum
1326 3216 1377 3246 eo
1397 3204 1516 3248 multi
1535 3205 1624 3258 alii,
1653 3214 1798 3248 contra
1815 3216 1918 3258 quos
1936 3215 1988 3244 ne
2015 3202 2169 3245 lusoria
2186 3201 2352 3255 quidem
2379 3208 2496 3240 arma:

483 3292 487 3296 -
2379 3261 2489 3305 expe·
