2547 3708
948 136 1235 189 VITA;
1381 106 1441 158 Ὗ
2113 151 2157 218 5

168 234 171 236 ’
233 231 418 281 Sulmonis
430 225 737 290 gelx'di'patri'ae,
765 227 1010 276 Germanice,
1041 229 1206 281 nostrae,

57 311 63 314 ’
284 291 358 332 Me
377 285 575 338 miserum!
604 282 770 338 Scythico
791 292 915 336 quam*
920 281 1053 336 procul
1068 281 1134 320 1lla
1143 281 1241 333 solo!

54 342 154 392 ‘nam
185 345 276 387 inde
305 340 489 393 scripfiss'e
509 339 693 380 ostendit,
748 334 783 376 E
814 349 840 375 o
862 345 997 376 autem
1018 344 1116 396 puto
1138 346 1233 374 eum
1256 336 1297 375 in
1320 334 1456 378 Ponto
1479 337 1679 392 integrum
1703 350 1806 392 opus
1828 341 2058 394 absolvisse,
2088 344 2155 386 sed

57 412 214 444 tantum
242 397 305 437 sex
336 396 458 436 libros
490 391 726 432 emendatos
757 403 779 429 e
811 389 936 430 idisse:
976 390 1154 437 reliquos
1186 400 1262 427 nec
1294 390 1554 441 emendatos,
1598 404 1674 432 nec
1704 393 1855 446 editos,
1884 396 2041 436 incuria
2070 399 2156 448 post

52 456 144 507 ‘ejus
178 450 380 492 interitum
407 445 570 499 periisse.
628 443 874 494 Dicavitque
895 445 1212 501 hoc-opusnon
1231 440 1400 482 Tiberio
1423 443 1631 496 Augusto,
1654 455 1697 486 ut
1720 448 1840 489 multi
1862 448 2060 498 asserunt,
2090 450 2157 490 sed

56 504 327 553 Germanice,
356 500 476 543 Drufi
507 497 636 540 fratris
657 496 808 538 Tiberii
838 495 949 551 filio,
979 495 1088 533 illius
1107 492 1227 534 Drusi
1260 495 1327 545 qui
1349 495 1388 534 in
1413 495 1636 538 Germania
1654 499 1834 551 oppetiit.
1889 500 2010 542 Nam
2031 503 2056 542 fi
2080 502 2157 543 Ti-

56 559 166 602 berio
186 555 344 598 dicasset
360 587 372 607 ,
402 565 498 594 cum
524 550 692 604 Augusti
713 549 820 589 filius
844 548 937 588 esset
959 546 1196 600 adoptivus,
1227 556 1364 588 tamen
1385 561 1472 590 non
1493 550 1534 591 in
1556 552 1636 592 hoc
1660 564 1695 592 1.
1719 554 1788 594 lib.
1808 553 1983 607 dixisset,

51 636 53 639 >
234 610 300 650 'Et
318 619 407 648 tuus
427 605 590 659 Augusto
607 603 752 644 nomine
774 600 897 642 dieras
915 613 1025 644 avus.

46 665 169 709 ‚Avus
199 664 310 704 enim
341 660 492 702 Tiberii
524 657 597 698 fuit
626 655 752 706 Julius
775 653 946 703 Caesar,
976 654 1013 694 ἃ
1036 655 1240 709 Augustus
1273 665 1403 707 pater:
1433 668 1479 696 ex
1508 656 1727 711 adoptione
1755 669 1905 702 tamen.
1964 661 2075 716 Ergo
2107 662 2157 703 de

54 711 223 772 Augusti
258 724 404 767 nepote
420 710 740 764 {intelligendum
762 709 838 757 est,
868 720 953 747 non
976 707 1024 747 de
1047 709 1157 768 filio,
1184 708 1222 748 ὅς
1242 709 1280 749 id
1299 722 1344 749 ea
1363 709 1526 767 fortasse
1545 713 1723 763 ratione,
1753 715 1864 765 quod
1885 715 2157 756 Germanic-„13

52 773 276 824 plurimum
308 782 330 808 a
359 766 548 808 militibus
583 762 808 811 amabatur,
841 761 866 800 fi
894 760 1057 811 quando
1078 772 1310 813 imperaret3
1339 775 1565 814 quemjam
1583 766 1649 805 sibi
1670 768 1791 818 po'e'ta
1811 768 2081 816 conciliasset,
2109 770 2156 809 ab

51 838 104 866 eo
133 825 394 866 restitueretur
427 820 465 858 in
485 815 673 869 patriam:
702 816 792 863 vel;
817 813 927 864 quod
950 825 1017 863 per
1038 826 1132 853 eum
1157 815 1195 854 in
1216 814 1395 856 Caesaris
1417 817 1584 868 gratiam
1602 819 1760 860 rediret.
1813 821 1896 862 Hic
1919 824 2028 862 enim
2050 821 2157 862 Ger—

49 878 259 928 manicus,
288 885 331 915 ut
361 871 500 913 auetor
534 869 587 909 est
606 867 900 918 Tranquillus,
930 866 1068 906 missus
1097 867 1145 907 ad
1175 869 1396 909 exercitum
1426 871 1464 910 in
1489 869 1776 925 Germaniam,
1810 876 1963 916 excessu
1987 876 2156 928 Augusti

49 934 259 979 nuntiato,
294 926 469 981 legiones
504 922 705 962 universas
739 921 1023 972 imperatorem
1046 919 1259 961 Tiberium
1291 922 1596 974 pertinacissime
1621 926 1872 978 recusantes,
1902 929 1940 968 ὅ(
1961 928 2025 968 libi
2047 930 2156 968 sum-

50 996 163 1025 mam
194 981 335 1034 reipub
368 977 609 1026 deferentes,
641 975 839 1014 incertum
877 973 1118 1023 constantia,
1148 987 1199 1014 an
1221 976 1364 1026 pietate
1382 976 1563 1028 majore,
1590 979 1865 1031 compescuit:
1895 990 2016 1032 atque
2042 982 2157 1023 hoste

48 1049 147 1078 mox
183 1033 362 1084 ἀενίξὶο,
391 1029 661 1081 triumphavit.
723 1027 833 1067 Huic
866 1027 981 1080 igitur
1017 1027 1132 1067 dicati
1163 1027 1253 1068 sunt
1275 1028 1490 1070 Fastorum
1520 1031 1625 1080 libri,
1659 1032 1699 1072 in
1730 1033 1872 1084 quibus
1896 1034 2007 1075 sacra
2028 1035 2154 1075 totius

49 1091 144 1135 anni
180 1086 464 1129 describuntur.
522 1081 597 1133 Et,
629 1091 672 1122 ut
694 1082 743 1122 de
763 1081 871 1120 verbi
894 1079 1130 1121 definitione
1151 1080 1405 1133 disseramus,
1435 1083 1657 1136 Pompejus
1681 1085 1783 1126 libro
1805 1087 1917 1127 sexto
1940 1087 1989 1127 de
2009 1088 2157 1141 fignifi-

48 1144 210 1184 catione
226 1141 443 1191 verborum
465 1137 519 1177 ita
538 1135 690 1187 inquit:
720 1133 933 1175 Fastorum
955 1134 1041 1174 libri
1064 1136 1384 1187 appellabantur,
1417 1136 1455 1177 in
1480 1139 1624 1189 quibus
1657 1140 1781 1180 totius
1812 1142 1903 1181 anni
1934 1141 1980 1181 fit
2008 1140 2156 1181 descri-

47 1197 148 1249 ptio.
202 1192 255 1235 Et
275 1192 423 1233 subdit:
455 1189 558 1230 Fasti
581 1189 689 1228 enim
711 1188 796 1228 dies
816 1187 901 1228 festi
922 1187 1027 1227 sunt.
1057 1201 1102 1228 ea
1123 1188 1279 1229 ratione
1306 1191 1496 1231 volebant
1521 1190 1542 1230 ὲ
1565 1192 1708 1232 nostris
1739 1193 1859 1233 multi
1891 1194 2001 1246 posse
2030 1207 2155 1235 anna·

49 1253 109 1290 les
135 1247 236 1287 dici:
267 1246 305 1285 in
330 1247 408 1284 hoc
429 1253 562 1283 tamen
584 1241 798 1281 differunt:
829 1241 921 1293 quia
937 1241 978 1280 in
1000 1242 1209 1283 annalibus
1232 1243 1409 1294 plurium
1432 1256 1635 1285 annorum
1657 1258 1718 1285 res
1740 1246 1867 1299 gestae
1891 1247 2157 1288 contineban-

48 1310 138 1348 tur,
167 1300 321 1340 servato
344 1296 539 1347 cujusque
558 1295 650 1334 anni
673 1294 839 1334 ordine:
871 1295 910 1334 in
935 1293 1057 1335 Fastis
1081 1308 1178 1335 vero
1199 1308 1285 1336 non
1312 1310 1447 1338 rerum
1466 1298 1684 1351 gestarum,
1714 1308 1781 1339 aut
1802 1301 2032 1341 multorum
2053 1310 2157 1340 tem·

45 1365 193 1409 porum
212 1352 348 1402 series,
378 1349 444 1389 sed
476 1349 648 1388 deorum
677 1350 835 1398 cultus,
865 1347 903 1388 ὅτ
927 1348 1066 1388 omnia
1088 1349 1136 1389 ad
1169 1350 1409 1402 religionem
1437 1351 1611 1392 instituta
1642 1364 1886 1404 quacunque
1913 1353 2055 1404 causa,
2086 1366 2154 1405 per

47 1405 283 1452 natatorius
304 1403 396 1445 anni
419 1413 623 1454 tempora,
653 1401 732 1441 suis
754 1401 974 1453 quibusque
994 1403 1193 1444 menfibus
1219 1416 1316 1444 cum
1338 1414 1431 1445 ortu
1450 1404 1488 1445 ὅ(
1511 1405 1658 1445 occasu
1677 1405 1884 1459 signorum
1909 1406 2153 1447 referuntur.

45 1461 223 1513 Eratque
240 1457 340 1499 illud
360 1457 629 1506 Pontificum,
659 1464 728 1505 ut,
750 1467 1018 1507 quaecunque
1036 1467 1163 1507 patres
1183 1457 1253 1497 sua
1280 1458 1476 1513 religione
1498 1458 1891 1511 instituissent,sacra
1912 1460 1949 1500 ὅτ
1969 1472 2155 1500 ceremo-

48 1517 133 1558 nias
163 1523 328 1563 omnes,
356 1511 396 1550 in
428 1509 566 1550 Fastos
599 1507 834 1562 redigerent.
893 1508 1115 1560 Pluresque
1152 1513 1274 1564 longe
1295 1542 1306 1563 ,
1345 1521 1438 1552 ante
1465 1511 1688 1564 Ovidium,
1718 1511 1740 1552 ὲ
1767 1512 1910 1554 nostris
1939 1512 2154 1555 Fastorum

48 1566 188 1622 po’e'tas
219 1565 428 1617 scriptores
463 1562 707 1614 accepimus.
746 1561 1004 1615 primumque
1036 1562 1207 1603 Livium
1236 1564 1554 1616 Andronicum,
1594 1564 1737 1606 deinde
1768 1564 1949 1607 Ennium
1969 1597 1981 1618 ,
2021 1567 2156 1619 postea

49 1620 230 1670 aliosque
249 1621 416 1659 multos.
475 1616 645 1657 Ovidius
679 1627 776 1655 vero
806 1617 931 1668 longe
963 1616 1074 1668 post,
1103 1617 1278 1657 evolutis
1311 1618 1538 1670 priscorum
1556 1617 1767 1659 Fastorum
1791 1619 1897 1660 libris
1916 1620 1954 1661 ὅ(
1976 1619 2154 1660 Pontifi-

46 1687 142 1716 cum
163 1671 449 1719 monimentis,
479 1669 516 1709 &
537 1669 747 1710 annalibus
770 1678 975 1720 veterum,
1007 1671 1169 1720 omnia,
1200 1682 1302 1722 quae
1325 1671 1371 1712 ad
1398 1685 1486 1713 rem
1516 1671 1670 1712 sacram
1700 1674 1894 1724 pertinere
1924 1673 2004 1713 visa
2037 1674 2150 1726 sunt,

45 1728 266 1771 reformato
290 1726 331 1766 iti
353 1723 567 1766 certiorem
588 1735 723 1775 anno,
754 1722 1043 1775 signorumque
1068 1724 1394 1766 observationem
1414 1726 1454 1766 in
1474 1725 1508 1766 F
1510 1726 1612 1767 astos
1633 1725 1727 1766 suos
1756 1726 1937 1768 seriosius
1959 1727 2122 1782 redegit.

397 1843 1787 1897 CONSTANTIIFANENSIS

135 1959 1176 2029 DISCEPTATIO
1305 1966 2056 2040 PULCHRA,

194 2102 272 2148 An
293 2102 474 2147 Ovidius
501 2099 651 2162 plures
674 2098 787 2146 filias
808 2099 1047 2159 habuerit,
1081 2117 1137 2148 an
1159 2100 1323 2148 Perilla
1342 2105 1439 2166 ejus
1463 2102 1560 2151 filia
1579 2102 1746 2161 fuerit,
1780 2117 1837 2147 an
1862 2102 1997 2148 tertia

817 2180 937 2212 uxor
959 2167 1002 2214 ei
1029 2165 1110 2213 soli
1134 2167 1351 2228 nupserit.

144 2293 252 2336 Vidii
283 2294 408 2336 vitam
435 2294 666 2345 complures
689 2292 830 2334 eruditi
857 2293 1044 2334 homines
1073 2292 1194 2335 docte
1221 2294 1363 2346 pariter
1381 2294 1418 2335 ὅ(
1443 2293 1653 2345 diligenter
1682 2290 1805 2332 literis
1835 2292 2141 2337 mandaverunt.

173 2348 250 2391 Sed
269 2349 370 2390 inter
393 2360 462 2388 eos
486 2359 632 2400 magna
652 2348 928 2399 concertatio,
950 2357 1087 2388 utrum
1110 2348 1141 2388 is
1166 2349 1352 2398 unicam,
1380 2361 1431 2389 an
1452 2348 1548 2387 duas
1570 2346 1747 2387 habuerit
1768 2346 1883 2386 filias.
1914 2346 1997 2398 Qui
2019 2360 2146 2389 unam

49 2408 204 2442 tantum
225 2404 366 2454 po'e'tae
384 2399 599 2454 affignant,
627 2401 700 2440 hac
719 2399 864 2441 ductos
885 2401 1041 2441 ratione
1061 2401 1264 2442 existimo:
1291 2402 1403 2454 quod
1425 2401 1572 2451 ubique
1589 2408 1726 2440 natam
1750 2399 1935 2450 singulari
1956 2413 2145 2450 numero,

47 2465 132 2494 non
156 2464 262 2516 nat-as
282 2454 482 2508 plurativo
514 2451 647 2495 dixisse
671 2454 953 2506 comperiunt:
981 2453 1272 2508 praecipueque
1298 2468 1396 2496 cum
1427 2454 1547 2495 suum
1577 2453 1624 2496 ab
1655 2453 1752 2494 urbe
1781 2451 1994 2494 discessum
2021 2466 2146 2507 expo-

43 2517 142 2554 nens
191 2518 265 2556 ait,
414 2524 418 2528 >

151 2538 162 2561 '
216 2560 328 2602 Nata
341 2561 476 2616 procul
496 2561 647 2617 Libycis
664 2565 796 2605 aberat
814 2562 963 2613 diversit
971 2563 1045 2615 sub
1066 2563 1161 2617 oris,

143 2648 148 2650 .
270 2613 357 2654 Nec
366 2625 516 2668 poterat
526 2617 610 2666 fati
629 2618 764 2658 certior
783 2615 851 2669 effe
870 2617 959 2661 mei,

49 2660 146 2720 Quo
166 2665 285 2727 loco,
314 2669 339 2708 fi
360 2669 456 2709 duas
476 2669 663 2712 habuisset
695 2671 820 2720 filias,
848 2682 935 2711 non
955 2679 1068 2723 nata,
1096 2670 1163 2712 sed
1192 2672 1318 2712 altera
1344 2678 1550 2719 natarum,
1579 2680 1647 2713 aut
1675 2669 1837 2721 J'unior,
1869 2668 2026 2719 minor,
2056 2680 2143 2708 ma-

45 2726 138 2767 jor,
165 2728 293 2769 prior,
316 2720 354 2760 ὅ(
383 2722 467 2762 aliis
495 2724 727 2776 hujusmodi
756 2724 967 2765 vocabulis
998 2727 1218 2777 legeretur,
1248 2734 1366 2776 atque
1394 2723 1557 2764 alterius
1581 2723 1755 2775 junioris
1785 2721 2025 2772 seniorisve,
2054 2722 2140 2761 ubi:-

47 2780 207 2829 cunque
233 2772 422 2830 locorum
448 2774 598 2829 fuisset,
633 2777 784 2820 fecisset
815 2778 1084 2822 mentionem.
1141 2777 1224 2830 Qui
1254 2789 1352 2817 vero
1388 2777 1484 2817 duas
1516 2775 1670 2818 Ovidio
1701 2776 1802 2816 filias
1832 2774 2033 2825 tribuunt,
2064 2776 2140 2815 hac

46 2831 150 2860 moti
168 2831 325 2878 fanone
340 2825 544 2884 videntur,
572 2832 682 2881 quod
704 2832 734 2872 is
756 2844 807 2873 eo
835 2843 959 2882 quem
979 2832 1191 2873 citavimus
1209 2833 1334 2885 loc0‚
1364 2840 1500 2872 natam
1518 2828 1631 2871 fuisse
1654 2828 1748 2872 dicit
1772 2829 1812 2868 in
1835 2826 1973 2883 Libya.
2022 2827 2136 2871 Post-

45 2884 92 2914 ea
111 2875 320 2926 cujusdam
347 2877 530 2928 eplstolae
552 2881 708 2925 initium
732 2886 784 2926 ita
812 2885 980 2926 orditur.
1391 2910 1398 2917 ·

215 2927 323 2990 Vade
329 2929 543 2980 salutatum
553 2935 674 2983 subito
690 2947 870 2990 perarata
891 2938 1081 2980 Perillam

267 2981 446 3042 Ltftera,
462 2984 643 3034 sermonis
653 2988 739 3038 fida
757 2992 928 3042 ministra
950 2993 1037 3032 mei,

116 3084 124 3095 ο
220 3033 303 3096 Azft
322 3034 427 3076 tllam
450 3037 618 3097 ievenies
635 3041 736 3081 dulci
753 3057 837 3083 cum
854 3056 975 3085 matre
986 3045 1199 3098 sedentem.

44 3081 197 3146 Quibus
219 3098 357 3141 utrque
377 3090 528 3143 verbis,
558 3093 660 3132 hanc
687 3094 809 3135 etiam
828 3096 1014 3140 Perillam
1049 3100 1115 3141 fibi
1147 3099 1275 3141 filiam
1304 3097 1382 3140 esse
1408 3097 1563 3138 videtur
1593 3097 1814 3142 ostendere.
1869 3096 2047 3138 Rursum
2074 3093 2132 3133 illi

43 3147 188 3188 priores
208 3141 260 3182 fic
281 3144 392 3183 suam
413 3143 513 3183 tueri
543 3146 780 3197 opinionem
807 3149 987 3203 possunt,
1014 3163 1057 3193 ut
1082 3152 1293 3204 Perillam,
1323 3152 1372 3192 ad
1395 3162 1519 3202 quam
1549 3149 1732 3192 Nasonis
1761 3151 1922 3204 epistola
1952 3149 2133 3190 Romam

45 3188 241 3256 dirigitur,
270 3207 356 3238 non
378 3196 573 3241 diversam
594 3200 642 3242 ab
673 3212 720 3243 ea
743 3213 844 3255 quae
872 3207 1099 3249 morabatur
1127 3206 1169 3249 in
1194 3205 1342 3260 Libya,
1344 3203 1439 3299 Ased
1470 3202 1641 3247 eandem
1669 3218 1764 3248 cum
1792 3217 1839 3247 ea
1863 3202 1939 3245 effe
1966 3201 2133 3294 redsposs·

1416 3269 1441 3311 3
2025 3264 2144 3306 ean,
