2547 3708
582 148 1497 204 PRAEFATIONEs
2037 182 2123 230 ,Π

33 245 318 309 rociniorum.
345 246 672 296 adolescentiae
704 247 805 294 suae
817 281 842 308 ,.
868 246 922 293 &c
948 245 1071 311 quafi
1105 246 1463 312 stipendiorum,
1499 264 1614 314 quae
1647 250 1695 297 in
1725 250 1948 299 bonarum
1973 255 2127 306 litera-

0 328 3 384 1
30 337 126 373 rum
150 317 311 366 militia
332 314 412 361 sub
432 311 785 359 Trocendorfio
809 314 1025 358 meruerit
1038 314 1147 375 3qui.
1165 326 1266 359 tum
1293 316 1513 378 temporis
1536 314 1739 363 scholam
1764 316 1885 363 illam
1911 317 2122 383 frequen-

29 400 166 436 tatam
196 382 252 428 ab
275 380 502 443 Ungaris,
536 377 753 436 Polonis,
790 377 984 434 Silefiis,
1018 378 1289 437 Germanis,
1324 380 1448 442 quod
1484 395 1625 443 paene
1652 381 1842 430 monstri
1869 381 2012 430 fimile
2037 387 2121 433 du-

27 452 170 507 xeriS,
201 446 366 506 absque
403 444 687 507 collegarum
710 443 844 488 ullius
868 442 1291 506 operaradrninistra
1313 445 1360 490 ὃς
1384 445 1531 502 socia,
1567 445 1836 507 prudentia,
1873 448 2122 511 industria,

28 517 74 562 ὅ(
107 511 378 560 auctoritate
412 507 485 554 sua
511 507 699 571 regebat
720 506 851 553 solus.
919 508 1093 569 Neque
1113 507 1247 553 semel
1271 510 1341 555 vir
1363 511 1438 555 ille
1462 509 1515 554 ad
1538 526 1641 569 me,
1677 513 1723 557 in
1746 510 1953 560 familiari
1977 516 2124 561 collo-

0 623 1 630 ,
29 581 165 644 quic,
201 576 315 620 hanc
349 573 615 620 felicitatem
651 577 779 618 luam·
807 572 1115 635 praedicavit,
1151 572 1276 635 quod
1307 575 1399 620 hoc
1420 573 1516 637 ipso
1541 574 1793 622 studiorum
1815 579 2126 640 gubernatore

23 659 73 692 ac
95 656 273 687 morum
301 637 581 694 formatore,
615 650 667 682 ut
691 635 1065 698 prudentiffimO,
1101 637 1164 682 ita
1186 635 1469 697 fidelissimo,
1505 641 1691 686 ineunte
1712 641 2013 690 adolescentia
2042 644 2123 691 fibi

26 708 91 754 uti
115 705 383 766 contigerit.
450 704 526 748 Dc
548 718 641 764 quo
666 699 844 746 scilicet
863 702 907 747 in
936 700 1188 763 praelentia
1205 704 1310 763 plus
1332 705 1578 750 verborum
1605 704 1702 750 fieri
1727 723 1821 752 non
1846 709 1908 752 est
1933 709 2121 756 necesse.

25 773 211 834 Itaque,
247 781 299 814 ut
324 781 564 813 revocetur
588 766 789 810 narratio.
812 765 951 822 haec,
987 765 1106 810 unde
1129 765 1309 811 tribuni.
1332 769 1451 813 illius
1478 768 1765 830 nobilisiimi,
1800 787 1894 817 non
1918 774 1964 818 in
1989 775 2122 820 Mar-

23 838 80 882 tis
115 833 326 898 quidem,
359 829 1218 888 sedMusaeum.castris-militantium,
1254 832 1488 892 paululum
1511 833 1703 897 d‘igrefl'a
1725 835 1814 894 est,
1850 837 1903 882 ad
1929 840 2123 899 majores

22 914 153 957 tuos,
196 898 369 960 inclyte
403 897 446 940 ἅ
486 893 819 958 generofissime
855 895 1100 957 Princeps,
1135 897 1208 939 avi
1244 897 1339 954 tui,
1386 900 1516 956 cuius
1552 900 1734 944 laudum
1771 916 1864 946 non
1896 894 2125 964 postrema

23 965 161 1012 fuerit
193 961 370 1009 scholae
402 972 493 1005 tam
531 960 726 1004 celebris
755 958 996 1017 fundatio,
1035 959 1171 1021 hujus
1194 974 1378 1022 inq-uam
1404 954 1601 1026 vestigiis
1630 963 1794 1009 institit
1821 964 1939 1011 filius
1966 967 2121 1012 Geor-

24 1030 154 1092 giuS,
188 1025 486 1071 Cellitudinis
524 1037 629 1069 tuae
668 1038 851 1086 parens,
885 1039 990 1069 non>
1021 1023 1162 1069 modo
1197 1025 1377 1085 pietatis
1391 1058 1409 1083 ,-
1441 1029 1671 1089 ani-mique
1707 1030 1933 1091 magni&
1954 1030 2122 1077 excelsi

22 1092 352 1149 aemulatlone,
389 1090 435 1134 &
472 1089 528 1134 ad
557 1088 730 1133 summa
751 1103 954 1150 quaeque
979 1088 1157 1134 strenua
1180 1090 1515 1146 contentione,
1554 1092 1623 1136 sed
1647 1093 1781 1137 etiam
1811 1108 1972 1152 curae,
2010 1111 2122 1157 ope-

24 1173 124 1214 rae,
169 1154 332 1212 studii,
376 1154 734 1217 diligentiaeque
765 1155 1087 1211 accuratione,
1124 1154 1175 1198 in
1200 1155 1374 1199 tuendo
1409 1169 1623 1217 paternae
1653 1156 2001 1204 munificentiae·
2029 1174 2122 1205 tam

21 1221 187 1268 illustri
204 1218 430 1281 depolitO.
500 1219 685 1279 Itaque,
720 1218 853 1279 quod*
872 1217 993 1280 apud
1020 1218 1281 1263 Homerum
1310 1219 1556 1265 Sthenelus
1577 1220 1776 1282 Capanei
1805 1220 1948 1280 filius,
1984 1224 2122 1285 paulo

25 1286 79 1332 de
103 1284 143 1331 se
171 1281 412 1347 gloriosius
439 1283 669 1345 praedicat
685 1315 699 1340 ,
734 1282 854 1342 ἡμᾶς
874 1279 1549 1344 roc(inquiensAgamemnoni)
1586 1286 1779 1352 παι-ἥξων
1798 1284 1900 1347 μέγ’
1920 1287 2128 1346 οὲμεένρνςς

25 1343 224 1409 ὤχόμεθ
255 1351 371 1406 ervom
408 1348 464 1393 de
499 1361 686 1409 parente
715 1360 799 1393 tuo
822 1362 925 1393 vere
950 1346 1178 1409 perhiberi
1199 1360 1409 1410 poterat:
1447 1350 1646 1411 quippe,
1680 1365 1814 1412 quem
1842 1365 2075 1413 acceptam
2101 1351 2127 1398 a

23 1414 264 1481 major-ibus
298 1411 676 1476 praestantiffimis
695 1413 907 1457 virtutis
934 1413 1161 1474 gloriam,
1194 1411 1379 1457 suorum
1405 1415 1451 1458 in
1475 1414 1712 1477 Rempub.
1748 1415 2020 1460 meritorum
2045 1432 2123 1462 au-

22 1479 162 1528 &ario
194 1477 468 1536 cumulasse,
514 1493 566 1522 ac
600 1476 964 1523 luculentiorem
993 1476 1257 1535 reddidisse,
1304 1492 1398 1522 non
1433 1478 1499 1522 est
1533 1478 1805 1524 obscurum:
1843 1494 1950 1524 cum
1985 1480 2123 1542 ipsius

25 1557 132 1609 erga
151 1546 431 1606 optimarum
454 1542 627 1588 artium
645 1541 788 1587 studia
809 1557 861 1587 ac
883 1539 1139 1603 disciplinas
1162 1557 1373 1587 amor-em
1392 1541 1440 1587 ὅτ.
1465 1541 1816 1598 loeneficentiam
1833 1544 1913 1600 ,ad
1940 1560 2126 1591 omnem

25 1609 331 1673 posteritatem
368 1607 504 1653 faciat
537 1607 750 1652 testatum
789 1605 1020 1652 extructio
1044 1604 1226 1652 scholae
1245 1606 1513 1670 Bregenfis,
1548 1620 1641 1653 tam
1662 1607 1814 1653 sumtu
1840 1607 1884 1653 &
1910 1609 2125 1672 magnifi-

25 1676 173 1720 centia
206 1671 491 1736 splendidae,
527 1687 661 1732 quam
701 1684 1062 1734 praeceptorum·
1086 1672 1314 1717 constanti
1339 1684 1538 1734 pietate,
1571 1670 1803 1730 doctrina,
1839 1673 2129 1733 eruditione,

23 1754 73 1784 ac
107 1737 352 1795 fidelitate,
391 1752 505 1798 quos
539 1735 791 1782 studiorum
828 1737 874 1781 &
911 1751 1092 1781 morum
1132 1732 1372 1799 magistros
1408 1736 1456 1782 in
1478 1753 1527 1782 ea
1552 1737 1821 1794 constituit,
1857 1737 2123 1788 celebratae.

26 1802 111 1851 Sed
147 1803 366 1866 principis
400 1802 535 1862 hujus
559 1800 737 1858 laudes,
772 1815 885 1863 quae
910 1801 955 1844 in
980 1816 1058 1845 ore
1083 1799 1183 1847 sunt
1210 1802 1515 1863 plurimorum
1533 1835 1546 1857 .‚
1580 1816 1686 1846 cum
1711 1801 1969 1848 incredibili
1992 1803 2128 1849 boni-

23 1869 127 1914 tatis
143 1901 158 1926 ,
191 1867 481 1912 innocentiae
496 1899 510 1923 ,
546 1865 960 1928 magnanimitatis,
995 1865 1434 1927 munificentiaeque
1457 1864 1594 1927 ipsius
1616 1864 1862 1922 desiderio,
1880 1882 2002 1912 nunc
2025 1869 2126 1930 qui-

23 1933 127 1977 dem
163 1930 374 1993 prosequi
400 1930 596 1975 instituti
619 1928 859 1991 praesentis
887 1945 980 1974 non
1003 1929 1079 1974 est.
1150 1930 1223 1974 Ac
1246 1930 1345 1974 satis
1369 1928 1427 1974 fit.
1447 1929 1764 1975 demonstrasse
1785 1930 1828 1974 id
1844 1963 1858 1987 ,
1892 1930 2016 1991 quod
2040 1933 2127 1977 ini-

24 1997 93 2041 tio
131 1993 221 2040 fuit
254 1993 542 2056 propositum
560 2027 575 2052 ,
609 1996 932 2038 Romanorum
960 1993 1005 2037 in
1029 1992 1238 2038 fovendis
1263 1993 1403 2039 literis
1435 1993 1780 2038 humanioribus
1804 2010 1958 2039 curam
1983 2010 2034 2040 ac
2058 1995 2126 2040 so-

22 2059 313 2106 licitudinem
338 2059 541 2104 imitatos
565 2056 700 2102 etiam
724 2057 859 2102 alios:
896 2057 1016 2101 inter
1045 2073 1187 2118 quos,
1221 2069 1353 2102 tuum
1381 2057 1852 2114 nimirum,illustriff.
1876 2059 2125 2121 Princeps,

26 2139 222 2181 nomen,
257 2125 328 2168 avi
353 2122 578 2185 patrisque
600 2120 884 2167 summorum
908 2121 1169 2183 principum
1193 2121 1356 2166 aemuli
1380 2121 1425 2167 δε
1452 2122 1725 2179 imitatoris,
1760 2137 1864 2166 cum
1889 2124 2129 2168 mentione

31 2186 332 2235 honestissima
363 2186 634 2232 meritorum
671 2185 986 2248 plurimorum
1018 2185 1226 2248 usurpare
1250 2185 1420 2247 possem
1437 2218 1453 2244 ‚
1486 2185 1569 2231 nisi
1594 2200 1667 2230 me
1691 2185 1840 2248 pudor
1863 2186 2130 2247 prohiberet

26 2253 74 2299 in
110 2270 160 2299 os
194 2252 372 2299 laudare
403 2250 715 2296 excelsitatem
753 2263 908 2307 tuam,
942 2249 1073 2294 laude
1112 2251 1240 2294 omni
1277 2253 1511 2313 majorem.
1579 2251 1656 2295 De
1691 2251 1821 2313 cujus
1853 2265 1961 2313 erga
1987 2252 2130 2298 iludia

29 2316 310 2375 litterarum,
344 2331 395 2361 ac
435 2317 657 2377 poeticen·
688 2315 922 2376 inprimiS,
959 2315 1090 2375 cujus
1126 2312 1428 2376 professione,
1463 2330 1558 2360 non
1592 2314 1740 2359 minus
1761 2329 1897 2375 quarn
1922 2315 2128 2362 Philoso-

28 2382 189 2445 phiae,
224 2396 409 2427 omnem
445 2380 706 2443 sapientiam
741 2378 1039 2424 &Virtutem
1079 2378 1323 2424 humanam
1359 2379 1666 2424 consummari
1690 2391 1868 2424 certum
1892 2379 1981 2436 est,
2017 2378 2127 2424 affe-

27 2445 180 2493 &ione
216 2445 471 2509 praeclara,
505 2460 617 2506 quae
642 2443 696 2489 fit
717 2444 856 2489 animi
879 2443 970 2488 mei
998 2441 1232 2500 inductio,
1267 2459 1360 2488 non
1387 2442 1789 2489 inconsentaneum
1812 2443 1924 2488 duxi
1949 2443 2032 2487 hac
2059 2444 2130 2488 lu·

29 2511 478 2557 cubratiuncularum
516 2524 717 2554 mearum
753 2508 1071 2563 dedicatione,
1107 2523 1213 2552 cum
1248 2507 1465 2568 peculiari
1498 2509 1726 2553 literarum
1764 2505 2130 2569 significatione,

28 2576 165 2621 etiam
189 2575 242 2621 acl
266 2577 375 2621 alios
399 2573 606 2636 prodere,
674 2572 796 2618 Cum
822 2573 944 2618 enim
972 2570 1282 2617 illustr-issimae
1303 2570 1576 2617 excelsitatis
1612 2584 1716 2617 tuae
1738 2586 1845 2634 erga
1870 2583 1944 2616 me
1964 2570 2131 2617 favoris

30 2639 366 2698 ,clementiffimi
391 2649 668 2701 argumenta.
683 2637 896 2683 haberem
921 2650 1057 2699 atque
1079 2636 1245 2682 indicia
1267 2638 1457 2682 minime
1478 2636 1668 2682 obscura
1682 2669 1694 2692 ,
1732 2635 1936 2697 profecta
1955 2635 2129 2681 scilicet

33 2701 59 2750 ὲ
84 2704 349 2750 liberalitate
372 2716 451 2748 tua
474 2703 597 2748 ultro
623 2705 668 2746 in
693 2718 765 2747 me
787 2700 1047 2759 beneficia,
1075 2700 1328 2764 testemque
1352 2702 1472 2747 iliius
1499 2702 1640 2747 citare
1665 2700 1822 2762 poflim
1849 2700 2131 2760 locupletem

30 2784 82 2814 ac
114 2783 329 2830 gravem,
373 2768 521 2812 virum
558 2765 879 2824 clariflimum,
923 2766 1252 2828 sapientiaque,
1288 2765 1523 2822 doctrina,
1557 2765 1758 2822 virtute,
1792 2780 1842 2809 ac
1879 2763 1967 2808 fide
2004 2779 2131 2824 prae-

30 2833 216 2879 stantem
239 2865 254 2890 ,
303 2834 365 2877 D.
388 2831 647 2888 Joliannem
683 2833 1019 2893 Reymanum.,
1067 2829 1340 2876 excelsitatis
1377 2842 1482 2876 tuae
1513 2828 1906 2890 cipxaygwuartoe
1928 2861 1941 2883 ‚
1989 2829 2128 2886 Deo,

28 2896 231 2959 Reipub.
256 2895 303 2942 &2
329 2896 486 2940 amicis
519 2911 715 2955 operam
743 2908 980 2940 nauantem
1016 2893 1313 2940 laudabilem:
1350 2907 1480 2951 tum,
1515 2908 1738 2956 quantum
1774 2893 1829 2938 de
1859 2893 2128 2937 clementiae

29 2972 127 3010 tuae
147 2960 432 3023 benignitate
453 2974 505 3004 ac
534 2957 855 3013 munificentia
876 2958 1023 3004 Musis
1050 2959 1267 3020 pollicear
1292 2956 1429 3021 atque
1462 2960 1677 3022 recipiam
1694 2991 1709 3016 ,
1742 2960 1838 3020 ejus
1872 2957 1934 3001 rei
1963 2971 2125 3018 perpe-

30 3037 161 3074 tuum
186 3026 280 3071 hoc
301 3024 355 3070 ad
380 3037 630 3069 memorem
656 3022 967 3084 posteritatem
993 3037 1330 3069 monimentum
1358 3037 1513 3069 extare
1541 3023 1697 3080 volui,
1733 3022 2124 3083 nuncupationem

31 3088 200 3140 seilicet
222 3090 596 3136 lucubrationum
625 3102 827 3132 mear-um
854 3087 1050 3133 in-illum
1083 3089 1297 3150 po'e'tam,
1333 3090 1462 3145 cuius
1487 3088 1751 3148 ingenium,
1787 3086 2019 3132 doctrinae
2042 3101 2122 3129 co-

24 3155 149 3216 piam
165 3187 180 3212 ,
213 3166 348 3216 atque
370 3147 660 3216 expromtam
687 3151 948 3197 facultate-m
964 3185 988 3210 ,-
1015 3152 1104 3198 fine
1129 3168 1263 3197 curae
1286 3146 1432 3214 aliqua
1457 3151 1503 3196 ὃς
1526 3151 1843 3196 elaborationis
1874 3149 2124 3195 solicitudi-

31 3232 87 3267 ne
110 3230 246 3283 atque
268 3219 525 3278 anxietate,
560 3217 711 3263 mirati
739 3213 840 3262 sunt
872 3217 1084 3264 omnibus
1117 3216 1338 3264 aetatibus
1372 3214 1574 3262 censores
1607 3215 1864 3262 literaturae
1896 3211 2126 3276 politioris

2077 3275 2129 3324 δί
