2547 3708
626 128 1536 186 PRAEFATIONEs.
1656 182 1658 184 ,
2069 144 2173 212 '1773

46 278 47 283 ,
76 235 164 284 vita
183 224 397 293 quaedam
419 222 713 272 humanitatis
736 223 785 270 &
808 225 856 270 in
880 239 953 271 me
975 238 1253 288 exprompta
1273 226 1599 276 benivolentia.
1669 228 1756 276 Sed
1783 228 1950 279 Illustr.
1974 235 2161 285 Bonifa-

46 291 47 312 ³
73 300 130 346 cii
169 295 447 355 bonitatem,
484 291 589 354 quia
613 290 805 352 propior
836 289 927 347 est,
962 291 1170 352 quotidie
1193 294 1336 354 magis
1361 293 1408 339 &
1432 294 1649 356 experior
1675 294 1720 340 &
1745 294 1919 355 sentio,
1956 299 2001 344 in
2023 318 2159 363 quam

42 376 46 409 ί
70 361 183 410 mihi
208 359 374 405 merito
393 357 639 401 maximam
663 355 786 416 spem
809 354 1124 399 collocandam
1148 356 1290 414 duxi,
1328 359 1431 419 quia
1455 374 1561 404 cum
1588 352 1757 404 nemini
1785 373 1972 407 noceat:
2010 368 2159 413 omni..

41 413 45 468 ἶ
67 425 149 481 bus
186 420 462 479 benefaciat,
500 421 562 465 ita
594 431 647 465 ut
683 434 778 464 non
796 418 885 464 alio
911 419 1097 465 nominc
1119 418 1304 481 dignior
1326 422 1522 483 potuisse
1543 423 1628 468 effe
1649 423 1870 471 videatur.
1905 442 1999 471 non
2024 428 2156 476 dubi-

40 511 41 534 ;
66 503 142 548 to,
177 489 287 550 quin
316 500 420 531 eum
459 482 740 546 potiffimum
775 483 1139 547 compleEtatur,
1176 499 1312 545 qut-m
1335 487 1515 546 Videat,
1551 491 1594 532 ὃξ
1623 487 1848 535 bonarum
1875 492 2042 537 artium
2069 492 2156 540 stu-

37 553 261 609 fdiosum,
298 550 346 597 ὃς
379 552 520 596 totius
554 549 715 594 domus
750 547 848 594 suae
884 547 1141 595 fidiflimum
1176 549 1428 598 cultorem:
1468 551 1555 599 Sed
1594 552 1650 598 de
1687 554 1854 600 horum
1891 556 2155 620 principum

10 673 15 675 ἰ
37 604 39 625 ¹
63 617 271 665 Caesarea
308 616 472 679 stirpe,
506 614 554 660 δί
590 615 771 676 origine
796 612 1122 675 antiquiffima,
1158 614 1205 659 &
1230 613 1529 679 singularibus
1551 619 1690 663 animi
1714 619 2006 683 corporisque
2031 623 2154 670 doti-

11 693 16 697 *
59 683 165 740 bus,
197 697 248 727 ac
273 680 413 726 rebus⁴
428 679 615 744 egregie
635 677 801 740 gestis,
836 677 1020 723 dabitur
1047 678 1202 736 brevi,
1239 692 1290 725 ut
1311 680 1470 742 spem,
1503 683 1634 728 'locus
1659 685 1948 731 commodius
1971 686 2019 732 &
2042 687 2152 733 ube-

58 748 147 794 rius
180 745 379 791 dicendi.
431 745 558 791 ”Nec
598 743 740 788 totius
767 741 1107 788 Montisferrati
1146 743 1424 804 nobilitatis,
1460 760 1510 791 ut
1536 746 1645 804 scis,
1682 747 1728 793 &
1755 748 1889 811 hujus
1912 750 2035 796 urbis
2060 752 2150 799 Ca-

54 810 146 858 salis
182 811 439 873 primorum
473 809 646 854 civium
681 806 936 868 benignitas
956 808 1098 852 animi
1122 808 1237 853 mihi
1260 808 1397 855 deest.
1466 809 1565 856 Cur
1600 812 1745 874 igitur
1764 812 1939 859 confilii
1963 817 2052 871 mei
2076 832 2150 865 me

52 877 311 939 poeniteat,
346 889 451 919 cum
477 873 579 935 plus
612 871 723 917 boni
750 871 827 916 hic
853 871 969 916 mihi
995 871 1254 930 accesserit,
1289 890 1423 937 quam
1453 875 1546 920 illic
1572 875 1854 923 deseruerim.
1922 879 2148 929 Definant

51 955 162 1004 ergo
187 938 258 984 isti
286 938 434 983 mirari
467 951 518 983 ac
549 936 704 1000 potius
740 935 984 982 confilium
1014 935 1275 1000 fa&umque
1307 954 1459 984 meum
1488 939 1671 985 laudent
1697 940 1742 986 ὃς
1769 942 1980 1004 probent.
2016 946 2149 992 Inte--

7 1015 17 1048 :⁴
50 1006 134 1051 iiim
161 1004 305 1066 igitur
337 1017 443 1047 cum
475 1000 554 1046 sub
587 999 893 1062 benigniffimi
918 1001 1208 1047 Marchionis
1235 1002 1508 1060 Guilielmi‚
1543 1018 1772 1067 tamquam
1807 1005 1886 1051 sub
1914 1007 2144 1059 foeliciffi-

7 1102 9 1105 .
50 1084 148 1115 mae
169 1068 262 1130 fagi
285 1065 446 1112 umbra
469 1065 690 1112 recubans
721 1064 892 1127 aliquid
921 1065 1129 1128 quotidie
1161 1067 1383 1126 mediter,
1419 1084 1510 1130 quo
1537 1068 1583 1114 &
1608 1069 1860 1116 socordiam
1884 1071 2025 1118 vitem
2042 1108 2058 1132 ,
2093 1074 2144 1122 δε

49 1133 141 1180 aliis
176 1130 343 1194 profim
359 1164 373 1188 ‚
409 1130 456 1175 &2
482 1145 653 1187 nomen
676 1145 830 1176 meum
846 1163 860 1187 ,
894 1145 986 1192 quo
1011 1131 1125 1176 mihi
1150 1132 1214 1176 ire
1236 1147 1330 1178 non
1355 1132 1492 1189 licet,
1527 1133 1818 1192 transferam,
1852 1150 1906 1180 ex
1932 1136 1999 1182 his
2024 1154 2140 1199 quae

45 1197 292 1260 evigilavi,
339 1211 446 1240 cum
481 1195 627 1257 aliqua
653 1194 856 1256 imprimi
891 1194 1083 1253 vellem,
1121 1195 1374 1242 multorum
1409 1196 1739 1259 efflagitatione
1771 1199 2058 1262 compulsus,
2092 1203 2140 1249 in

46 1261 242 1309 Nasonis
259 1259 483 1306 Hero'inas
508 1259 906 1320 interpretationes
929 1274 1045 1305 meas
1066 1258 1212 1317 edidi,
1243 1276 1349 1322 quas
1375 1262 1553 1307 nomini
1576 1274 1659 1308 tuo
1681 1262 1979 1310 inscribendas
2008 1279 2140 1328 puta-

43 1319 305 1384 vi‘,‘utftuae
326 1338 433 1386 erga
449 1340 521 1369 me
541 1323 878 1370 benivolentiae
892 1339 1145 1370 memorem
1168 1324 1254 1370 effe
1266 1324 1569 1383 ostenderem,
1583 1325 1629 1371 ὃ(
1645 1326 1915 1374 meolabore
1929 1329 2018 1375 tuis
2032 1329 2139 1378 filiis

0 1424 4 1434 .
45 1389 323 1454 prodessem,
349 1404 463 1452 quos
486 1388 668 1451 quidem
684 1422 698 1446 ,
734 1404 842 1434 cum
874 1388 982 1436 οᾶο
1003 1389 1146 1435 virilis
1168 1388 1296 1436 sexus
1322 1404 1507 1448 omnes,
1535 1390 1583 1436 &
1604 1388 1781 1436 eosdem
1806 1392 1982 1454 optima
2005 1394 2136 1441 indo-

41 1455 83 1503 le
101 1454 375 1518 optimoque
397 1454 584 1518 ingenio
610 1453 840 1517 praeditos
863 1452 1043 1513 habeas,
1076 1466 1129 1500 ut
1155 1469 1200 1500 es
1228 1453 1699 1516 sapientissimus,non
1721 1456 1864 1503 nimia
1888 1457 2141 1522 indulgen--

43 1520 104 1567 tia
129 1521 175 1565 &
197 1519 327 1565 molli
350 1518 622 1575 educatione
636 1530 714 1576 ,ut
736 1517 1239 1582 plerique,corrumpis
1267 1520 1315 1566 &
1337 1535 1549 1577 enervas,
1583 1518 1653 1565 sed
1677 1531 1888 1583 paterna,
1924 1523 2017 1568 hoc
2039 1523 2132 1584 est,

41 1583 252 1649 prudenti
285 1582 521 1645 severaque
552 1583 847 1646 castigatione
880 1583 1106 1643 instituis,
1142 1583 1191 1630 &
1224 1585 1275 1630 iis
1307 1595 1651 1648 praeceptores,
1684 1584 1732 1630 ὃζ
1760 1585 1964 1633 moribus
1997 1585 2140 1636 fimul.

39 1649 88 1696 &
116 1648 322 1696 dostrina
357 1647 576 1711 probatos
613 1648 825 1707 adhibes,
857 1660 911 1694 ut
935 1648 1044 1694 tales
1066 1664 1091 1694 a
1113 1649 1279 1695 teneris
1301 1649 1429 1696 annis
1461 1649 1785 1710 instituantur,
1820 1649 1971 1712 quales
2005 1652 2138 1699 viros.-

38 1711 151 1759 fore‘
173 1713 314 1777 cupis.
382 1712 522 1758 Licet
553 1712 675 1758 enim
701 1712 946 1759 Comitum
979 1711 1249 1773 Blandrate,
1283 1712 1446 1760 domus
1481 1725 1558 1759 tua
1595 1712 1895 1776 antiquissima
1916 1714 1965 1762 δε
1987 1730 2136 1778 gene-2·

36 1775 244 1825 rofiffima
277 1775 360 1836 fit,
394 1777 569 1840 quippe
591 1793 704 1839 quae
724 1792 782 1824 ex
803 1776 1071 1824 sereniffima
1095 1776 1315 1825 Poloniae
1339 1793 1500 1843 regum
1525 1777 1686 1840 stirpe,
1720 1790 1772 1824 ut
1792 1775 1926 1840 prisci
1949 1780 2132 1829 annales>

33 1841 260 1900 indicant,
293 1842 521 1904 originem
544 1842 714 1900 trahit,
747 1842 859 1889 licet
884 1840 1041 1889 multis
1065 1843 1113 1889 in
1125 1854 1225 1889 tota
1238 1841 1372 1890 Italia
1395 1840 1674 1888 nobiliffimis
1695 1840 2125 1907 spendidiffimisque

29 1904 209 1953 familiis
240 1905 510 1967 conjunfita,
544 1905 654 1952 licet
677 1906 725 1952 &
747 1919 852 1953 ante
877 1907 924 1952 ὅτ.
948 1906 1040 1953 hoc
1065 1907 1265 1953 maxime
1288 1918 1500 1969 tempore
1521 1906 1777 1953 multorum
1801 1906 2004 1954 virorum
2019 1940 2035 1965 ,
2052 1909 2131 1968 ’,ὃς

27 1982 112 2017 tuo
145 1970 404 2034 praesertim
441 1972 630 2015 nomine
662 1969 878 2033 insignis,
913 1970 1023 2016 licet
1054 1970 1250 2033 denique
1280 1969 1363 2016 filii
1397 1971 1466 2016 tui
1501 1981 1749 2032 paternam
1777 1983 2130 2034 maternamque

29 2034 328 2082 Carretorum
360 2032 647 2079 nobilitatem
670 2033 834 2081 referre
857 2033 1053 2097 poffint3
1089 2047 1241 2081 tamen
1263 2046 1317 2080 ut
1342 2049 1385 2079 es
1407 2031 1963 2096 prudentiffimus‚multo
1979 2035 2124 2097 pluris

26 2096 134 2146 facis
167 2098 377 2144 scientiae
408 2097 458 2144 ὃς
493 2098 722 2144 virtutum
755 2099 1072 2157 nobilitatem,
1107 2113 1242 2160 quam
1269 2099 1461 2160 generis.
1532 2098 1659 2144 Nam
1684 2113 1826 2160 genus
1850 2097 1899 2144 &
1920 2115 2127 2162 proavosv

26 2161 74 2210 &
96 2178 208 2227 quae
240 2177 334 2208 non
367 2160 557 2207 fecimus
588 2161 672 2224 ipsi
702 2162 781 2208 vix
812 2179 863 2210 ea
897 2163 1047 2210 nostra
1072 2177 1221 2220 voco,
1255 2175 1308 2207 ut
1328 2160 1509 2224 Ulyffes
1540 2161 1659 2224 apud
1674 2160 1920 2220 ‘Nasonem
1943 2163 2127 2225 inquit.-

24 2227 166 2293 Qopl
190 2226 323 2289 fiquis
354 2238 594 2288 utramque
615 2225 905 2273 nobilitatem
930 2228 1149 2274 assecutus
1175 2225 1260 2284 fit,
1292 2237 1395 2272 tum
1431 2240 1534 2271 vere
1565 2226 1711 2272 clarus
1745 2225 2113 2290 honorabilisque

0 2296 4 2341 1
23 2291 345 2355 Ρυῖαηάῑιςείὶ.
385 2290 498 2350 Jure
522 2290 669 2353 igitur
689 2302 736 2336 te
757 2289 934 2355 semper
957 2291 1146 2354 plurimi
1169 2288 1377 2335 fecerunt
1405 2288 1551 2335 illust..
1574 2289 1913 2336 Montisferrati
1932 2292 2111 2352 ›princi-

54 2372 127 2416 es,
159 2357 235 2420 qui
266 2372 374 2403 cum
407 2353 702 2402 vetustiffima
730 2357 907 2418 generis
938 2355 1180 2403 nobilitate
1215 2351 1506 2416 conjunftam
1529 2353 1750 2401 virtutem
1773 2353 1907 2400 habes
1929 2353 1978 2400 &
2000 2371 2123 2418 pro--

21 2372 208 2468 {itatem
230 2455 246 2479 ,
291 2436 377 2484 qua
402 2419 458 2464 de
494 2420 841 2483 quamplurimis
885 2422 1064 2483 optime
1098 2419 1282 2464 mereris
1303 2452 1318 2476 ,
1364 2417 1420 2474 de
1454 2418 1586 2466 nullis
1626 2419 1755 2464 male.
1834 2417 1925 2464 Cui
1962 2419 2117 2481 igitur.

0 2487 2 2525 l
21 2487 173 2549 potius
188 2483 439 2532 studiorum
461 2499 670 2530 meorum
695 2483 1034 2532 lucubrationes
1054 2483 1259 2530 dedicem
1286 2497 1421 2544 quam
1448 2482 1535 2528 tibi
1549 2485 1655 2545 ,qui
1677 2499 1783 2529 cum
1804 2482 1990 2545 optimis
2013 2481 2106 2529 stu-

17 2549 100 2596 diis
132 2549 389 2606 delecteris,
423 2565 493 2595 eas
519 2548 703 2610 plurimi
731 2549 867 2608 facis,
903 2550 979 2612 qui
1010 2549 1098 2595 mei
1125 2547 1322 2594 nominis
1344 2545 1517 2608 semper
1540 2546 1664 2593 fuisti
1687 2547 1919 2605 laudator,
1954 2545 2003 2592 ὅτ
2026 2545 2105 2592 ad-

17 2615 219 2660 mirator.
286 2613 503 2675 Accipies
521 2613 665 2674 igitur
689 2629 773 2676 pro
798 2626 925 2677 parte
950 2612 1260 2659 satisfaffionis
1285 2607 1408 2656 meae
1428 2611 1519 2656 hoc
1540 2627 1681 2674 opus,
1704 2611 1853 2658 donec
1876 2609 2103 2663 excellen-

14 2677 167 2724 tiffimi
184 2677 407 2724 Gulielmi
423 2678 710 2724 Marchionis
730 2678 1015 2741 benignitate
1034 2678 1252 2739 aspirante
1275 2677 1596 2737 majora,quae
1612 2678 1707 2739 jam
1733 2674 2099 2731 instituimus,e-

14 2741 119 2788 dere
154 2741 324 2787 licebit.
388 2743 471 2790 Tu
495 2741 624 2801 vale,
658 2742 730 2791 vir
755 2741 1152 2806 praestantisfime,
1184 2740 1233 2791 &
1256 2752 1310 2788 ut
1342 2738 1450 2787 facis
1472 2753 1547 2786 me
1566 2754 1713 2788 amare
1734 2754 1887 2802 perge.
1955 2736 2105 2805 Casali¹

19 2805 154 2854 saneti
177 2804 325 2855 Evafi.
