2547 3708
269 144 334 215 158

708 132 768 189 P.
845 123 1268 186 OVIDII
1342 124 1882 189 NASONIS

559 236 779 311 Quique
805 232 868 288 ab
892 245 1033 303 equo
1058 243 1313 300 praeceps
1339 229 1393 284 in
1417 228 1573 284 Ale'ia
1593 229 1797 300 decidit
1818 251 1940 292 arva
1955 258 1977 300 ;.

420 315 526 369 260
637 307 822 365 Exitio
847 305 1008 359 facies
1033 301 1123 355 cui
1145 299 1234 355 sua
1259 317 1398 373 pene
1422 302 1543 357 iuit.

553 383 614 439 Id
643 379 794 453 quod
822 372 1209 448 Amyntorides
1233 375 1441 437 videa3‚
1482 376 1831 453 trepidusque
1845 382 2083 440 ministro

633 455 942 509 Praetentes
964 447 1157 505 baculo
1173 488 1185 510 ,
1197 447 1408 505 luminis
1425 448 1584 505 orbus
1601 451 1746 516 ‚iren

271 697 446 743 Troica:
481 693 544 735 ubi
571 692 754 744 Apollinis
787 690 977 742 Smynthii
1009 691 1190 740 ternplum
1216 698 1313 737 erat,

271 761 360 800 quas
379 747 580 797 Stephanus
592 744 787 784 &Author
813 743 1011 787 Βονμίσκου
1021 755 1210 793 perperam
1224 755 1316 782 con·

269 800 461 839 fuderunt.
514 797 603 834 Hoc
623 794 733 845 porro
753 793 1072 833 animadverfione
1084 795 1236 844 dignum
1251 806 1314 833 ex-

268 851 395 890 istimo
408 880 419 897 ‚
433 850 632 898 Scriptores
643 858 773 885 ornnes
782 848 920 884 variare
931 847 969 885 in
980 846 1152 895 serpentis
1163 845 1319 895 appella-

266 902 386 940 tione.
440 901 631 939 Homerus
667 898 767 936 enim
798 897 1044 936 Philod'oetem
1091 899 1142 935 ait
1194 896 1309 935 ictum

268 951 342 991 effe
362 953 406 991 ab
432 951 592 1001 Hydro‚
619 951 658 988 &
681 961 768 987 eum
795 947 906 987 secuti
934 947 1164 986 Philostratus
1185 948 1313 998 junior

266 1004 489 1044 inlconibus
499 1004 537 1041 &
550 999 781 1039 Philostratus
791 1000 911 1049 major
923 1000 960 1038 in
972 999 1312 1044 Heroicis,scribens

267 1053 380 1093 solius
393 1053 498 1104 hydri
513 1066 557 1091 ex
570 1051 741 1090 omnibus
754 1050 976 1099 serpentibus
995 1050 1155 1088 morsum
1177 1049 1314 1089 sanabi-

264 1103 342 1143 lem
356 1103 410 1142 eff
407 1117 437 1142 e.
450 1102 686 1143 Theodectes
698 1101 794 1151 apud
803 1101 1037 1140 Aristotelem
1055 1101 1162 1147 ‚loco
1175 1102 1288 1140 citato
1299 1129 1311 1147 ‚

269 1156 310 1194 ὅ(
333 1155 532 1205 Sophocles
554 1153 575 1192 a
597 1156 742 1203 vipera,
772 1153 1004 1203 Lycophron
1023 1152 1043 1189 a
1066 1152 1310 1202 Cenchryne,

266 1204 347 1259 quo
374 1207 461 1246 loco
491 1205 737 1251 Tzetzesait‚
778 1205 1030 1252 Lycophrona
1057 1202 1214 1252 speciem
1243 1204 1313 1242 ser-

267 1257 389 1307 pentis
407 1269 474 1308 pro
495 1257 613 1306 specie
635 1255 761 1294 dixisse
776 1255 990 1304 ,quoniam
1021 1253 1241 1293 Philo&etes
1269 1255 1314 1293 ab

266 1308 390 1357 hydro
422 1308 596 1347 sauciatus
628 1306 726 1346 effet.
778 1307 921 1345 Verum
954 1316 1034 1355 ego.
1050 1305 1312 1355 Lycophronis

270 1360 443 1409 opinioni
461 1358 755 1398 subscribendum
770 1365 861 1406 puto
876 1385 886 1402 ,
914 1358 978 1407 qui
996 1368 1120 1394 veram
1141 1357 1313 1406 serpentis

270 1409 472 1449 Lemniaci
492 1410 652 1460 speciem
674 1409 828 1454 extulit,
857 1406 965 1458 aquo
979 1406 1219 1446 verifimiliter
1230 1409 1314 1446 Phi-

269 1460 426 1501 ioaetes
451 1459 633 1511 percussus
662 1460 733 1505 est,
759 1460 943 1508 κεγχῆνης
963 1460 1082 1504 enim,
1100 1460 1215 1509 qui&
1236 1472 1316 1497 κεν-

269 1512 404 1559 χρίτης
426 1513 465 1551 &
485 1514 638 1559 κέγχρις
658 1539 669 1557 ,
707 1512 745 1549 &
759 1512 917 1558 κέγχρος
931 1538 942 1556 ,
969 1510 1157 1549 invenitur
1179 1511 1317 1559 potiffi·

270 1574 379 1602 mum
401 1564 440 1602 in
462 1563 714 1602 Samothracia
734 1563 773 1600 ὃς
796 1565 968 1608 Lemno,
993 1573 1149 1611 quarum
1163 1570 1318 1612 utraque

269 1612 391 1653 Insula
407 1614 455 1652 est
476 1615 512 1652 in
534 1616 626 1652 mari
647 1613 926 1652 Mediterraneo
936 1612 981 1651 ad
997 1624 1100 1651 oram
1115 1613 1315 1652 Thraciam

272 1664 338 1703 fita
351 1665 462 1711 ,teste
473 1665 665 1704 Nicandro
684 1665 722 1702 in
738 1664 945 1703 Theriacis.
1002 1664 1156 1713 Serpens
1174 1663 1222 1701 est
1240 1665 1306 1713 pes
1308 1687 1319 1693 -

268 1713 459 1755 simus-ita
502 1715 619 1756 dietus
646 1714 668 1754 Ξι
695 1715 803 1754 milio
824 1743 835 1760 ,
874 1715 977 1765 quod
1006 1716 1168 1761 κέγχρον
1187 1716 1318 1754 Graeci

271 1765 425 1812 dicunt,
454 1766 528 1806 five
548 1767 652 1816 quod
672 1766 781 1805 viridi
802 1766 929 1805 colore
946 1766 988 1804 fit
1010 1766 1211 1805 &milium
1225 1767 1320 1805 refe-

272 1825 402 1860 rente,
431 1816 506 1855 five
535 1817 639 1866 quod
667 1817 829 1854 ferocior
859 1816 900 1854 fit
926 1828 1010 1854 cum
1032 1817 1177 1855 milium
1201 1816 1318 1856 floret.

272 1867 335 1906 Ab
356 1868 432 1918 ejus
454 1867 577 1906 morsu
596 1867 801 1917 gravissima
826 1867 920 1905 mala
940 1867 1164 1917 sequuntur,
1196 1877 1320 1916 putre-

273 1918 457 1957 factiones
477 1920 514 1956 &
536 1918 656 1956 ulcera
675 1926 759 1957 toto
793 1930 948 1965 corpore
970 1917 1169 1967 serpentia,
1198 1919 1318 1969 qualia

272 1969 477 2018 Sophocles
502 1968 678 2007 describit.
732 1969 764 2006 Is
784 1968 973 2018 hodieque
994 1967 1012 2006 a
1038 1969 1206 2007 Lemniis
1226 1976 1319 2007 Cen-

275 2020 399 2058 chritis
416 2019 639 2068 appellatur,
669 2018 968 2064 testeBellonio‚
996 2019 1055 2057 lib.
1073 2032 1104 2058 1.
1131 2019 1322 2059 Observat.

277 2081 430 2120 cap.31.
453 2082 531 2120 quo
553 2070 640 2108 loco
671 2070 748 2117 ejus
774 2069 931 2118 speciem
960 2069 1119 2108 exhibet.
1172 2072 1320 2109 Notum

276 2120 369 2160 'vero
384 2148 394 2165 ‚
422 2132 484 2158 cur
515 2120 734 2158 Philoctetes
760 2120 931 2157 Herculis
950 2117 1075 2163 haeres
1097 2121 1320 2171 appellatur,

276 2171 478 2222 quomodo
495 2170 591 2218 apud
619 2169 827 2208 Ausonium
856 2170 1121 2218 Epigrammat.
1146 2183 1205 2218 70.
1235 2179 1323 2210 Her-

280 2222 366 2261 culis
396 2222 538 2259 haeredi
566 2234 674 2273 quam
704 2220 851 2258 Lemnia
884 2218 990 2269 suasit
1021 2220 1152 2270 egestas.
1212 2222 1320 2261 illum

278 2274 381 2313 enim
406 2272 584 2312 Hercules
610 2283 742 2320 rogum
772 2271 949 2310 subiturus
974 2299 985 2315 ,
1020 2283 1105 2310 arcu
1135 2273 1174 2310 &
1193 2272 1323 2320 sagittis

281 2324 460 2370 donavit,
470 2322 792 2373 quemadmodum
802 2322 1022 2361 Philoctetes
1031 2322 1103 2371 ipse
1114 2323 1150 2361 in
1162 2324 1324 2363 Hercule

282 2376 410 2414 Oeteo
439 2375 535 2424 apud
564 2374 742 2413 Senecam
775 2381 908 2413 narrat.
969 2373 1165 2422 Propterea
1196 2375 1325 2425 Lyco·

278 2428 402 2475 phron
433 2426 604 2464 Herculis
632 2436 757 2463 arcum
788 2423 968 2471 δράκοντα
997 2425 1189 2470 nominat,
1219 2425 1322 2475 quod

281 2478 401 2526 ipsum
426 2476 606 2514 mercedis
633 2477 715 2514 vice
747 2487 814 2524 pro
843 2487 955 2524 opera
990 2475 1144 2513 Herculi
1166 2476 1203 2513 in
1232 2488 1324 2526 rogo

281 2536 414 2566 navata
435 2526 654 2566 Philoctetes
674 2526 866 2575 acceperit.
915 2526 991 2564 Hic
1023 2527 1124 2564 enim
1147 2526 1325 2571 δράκοντα

284 2590 371 2617 cum
404 2577 568 2617 Meurfio
605 2589 672 2627 pro
718 2578 847 2628 quavis
876 2576 1048 2616 mercede
1093 2578 1327 2627 interpretor.

291 2628 463 2667 servm.

340 2690 426 2729 255.
447 2680 591 2730 Heres.]
619 2685 725 2716 Heres
747 2678 932 2718 nonnulli.

337 2741 422 2778 257.
453 2738 524 2768 Nec
545 2731 657 2774 levius
685 2727 837 2779 doleas.]
873 2730 1039 2775 Dareus,
1066 2731 1203 2780 primus
1224 2730 1327 2769 Tha-

286 2779 387 2818 leftis
411 2781 543 2819 Milesii
561 2780 675 2824 filius,
703 2787 977 2818 tormentorum
1011 2783 1200 2831 inquirens
1216 2793 1328 2831 gene-

287 2841 351 2874 ra,
378 2831 506 2881 quibus
540 2833 636 2869 cives
662 2830 744 2869 suos
774 2828 890 2878 posset
917 2829 1105 2879 affligere,
1132 2832 1188 2869 lac
1210 2833 1329 2870 cervi-

287 2892 381 2919 num
396 2909 406 2926 ,
434 2882 535 2931 quod
559 2882 695 2921 nimiae
714 2880 762 2919 est
782 2882 1054 2926 amaritudinis,
1084 2883 1240 2931 cogebat
1263 2895 1326 2921 eos

288 2940 439 2980 potare,
467 2932 503 2970 id
525 2931 684 2980 denique
704 2930 724 2968 a
748 2931 886 2968 civibus
908 2930 975 2968 suis
1003 2932 1245 2980 deprehensus
1266 2945 1328 2982 pa·

287 2983 317 3019 ti
344 2982 490 3021 coaetus
513 2982 562 3021 est
576 3009 586 3028 ‚
606 2981 790 3031 Eupolide
808 2979 1007 3029 attestante.
1060 2982 1192 3022 Versus
1212 2983 1246 3021 hi
1277 2984 1330 3023 di-

291 3042 435 3072 cuntur:

341 3106 413 3139 Lac
430 3115 550 3140 cervae
568 3101 718 3151 potando
736 3102 819 3147 suos.
835 3106 970 3138 Dareus
986 3101 1174 3150 perimebat
1189 3130 1199 3147 ,

342 3153 569 3206 Exemploque
583 3154 646 3205 suo
661 3161 743 3202 potu
765 3152 978 3202 consumptus
998 3153 1110 3192 eodem
1129 3152 1182 3201 est.

285 3216 468 3262 isarna.

2286 536 2407 593 Nee

1368 688 1531 730 Historia
1560 689 1698 730 fic‘litia.
1749 689 1893 730 Falsum
1921 690 2112 739 Eupolidis
2135 689 2401 739 testimonium.

1368 741 1504 781 Versus
1523 742 1752 791 suppofititii.
1803 742 1994 792 Telephus
2015 745 2115 782 enim
2135 747 2409 798 intelligendus.>

1369 792 1445 831 Adi
1460 792 1785 832 Commentarium
1807 795 1982 833 nostrum.
2011 796 2182 837 SALVAG.
2208 799 2267 838 De
2288 801 2401 841 Tele-

1372 844 1448 892 pho
1472 873 1483 890 ,
1523 847 1585 895 qui
1617 845 1661 883 ab
1688 845 1834 883 Achille
1864 854 2005 884 armato
2038 849 2169 888 vulnus
2205 851 2242 889 in
2280 853 2404 892 femo-

1373 906 1412 932 re
1436 923 1446 941 ‚
1480 895 1525 934 ab
1560 897 1693 934 inermi
1731 908 1842 945 opem
1869 897 1907 934 &
1928 896 2113 937 medelam
2144 902 2225 939 tulit
2253 929 2263 945 ,
2294 904 2406 942 hisso-

1367 946 1419 984 ria
1445 955 1535 985 nota
1560 958 1605 984 ex
1638 946 1750 996 Dicty
1782 947 1946 986 Cretenfi
1982 948 2042 988 lib.
2071 963 2116 988 11.
2155 952 2310 1002 Hygino
2331 955 2404 994 fab.

1373 1009 1458 1035 τοι,
1487 997 1692 1047 Smyrnaeo
1719 997 1779 1035 lib.
1797 1010 1851 1037 rv.
1878 999 2036 1037 Libanio
2059 1010 2149 1040 orat.
2173 1003 2219 1041 de
2241 1004 2404 1045 laudibus

1370 1048 1537 1086 Achillis.
1587 1048 1775 1086 Eustathio
1802 1050 1837 1087 in
1867 1049 1928 1087 lib.
1953 1062 1982 1087 ι.
2027 1052 2124 1091 iliad.
2184 1053 2330 1093 Tzetze
2365 1058 2402 1095 in

1371 1100 1681 1149 Lycophronem.
1734 1099 1930 1138 Scholiaste
1956 1102 2204 1152 Aristophanis
2217 1106 2252 1142 in
2266 1107 2409 1145 Achar-

1366 1150 1506 1189 nenses.
1560 1151 1697 1188 Datete
1723 1150 1904 1200 Phrygio,
1934 1152 1998 1200 qui
2024 1153 2068 1191 ab
2091 1154 2164 1193 aliis
2192 1157 2229 1193 in
2252 1168 2290 1194 re
2312 1158 2411 1206 gestav

1369 1199 1550 1239 diffentit:
1579 1209 1720 1251 praeter
1740 1212 1833 1251 quos
1853 1202 1901 1239 ita
1924 1202 2057 1242 Plinius
2084 1205 2143 1243 lib.
2169 1218 2254 1244 xxv.
2283 1219 2408 1257 cap.5.

1370 1252 1514 1290 Invenit
1533 1263 1576 1293 cy
1598 1252 1756 1290 Achilles
1772 1252 1951 1302 discipulus
1980 1254 2146 1294 Chironis
2159 1256 2233 1308 qud
2251 1259 2409 1298 vulneri-

1369 1302 1431 1341 bus
1450 1303 1662 1348 mederetur,
1690 1317 1777 1354 quae
1796 1304 1834 1341 ob
1853 1305 1890 1342 id
1921 1304 2094 1343 Achilleos
2121 1319 2280 1347 vocatur.
2333 1317 2407 1349 Hac

1360 1354 1497 1404 sanaffe
1524 1354 1704 1405 Telephum
1732 1355 1874 1392 dicitur.
1928 1356 2008 1394 Alii
2026 1357 2182 1407 primam
2210 1361 2407 1410 aeruginem

1370 1405 1535 1456 inveniſje
1554 1405 1766 1456 utiliffimam
1788 1406 1974 1456 emplastris
1987 1435 1997 1452 ,
2024 1408 2163 1461 ideoque
2178 1412 2337 1460 pingitur
2352 1413 2412 1451 de-

1372 1458 1503 1495 cutiens
1522 1471 1599 1494 eam
1616 1457 1732 1507 gladio
1754 1457 1792 1496 in
1819 1457 1951 1495 vulnus
1970 1459 2115 1509 Telephi.
2168 1463 2249 1500 Alii
2268 1473 2412 1515 utroque

1373 1508 1474 1557 usum
1496 1508 1745 1546 medicamento
1756 1507 1891 1548 volunt.
1943 1509 2337 1564 Itemlib.xxx1v.cap.
2355 1528 2412 1565 ις.

1374 1559 1434 1608 Est
1455 1572 1499 1600 <y
1521 1560 1637 1608 rubigo
1656 1560 1726 1610 ipsa
1747 1561 1783 1596 in
1805 1560 1962 1598 remediis
1975 1588 1986 1605 ‚
2012 1574 2054 1603 (φ
2064 1561 2115 1611 sic
2136 1564 2317 1614 Telephum
2336 1576 2414 1616 pro-

1372 1610 1471 1647 ditur
1483 1610 1617 1661 sanasse
1640 1610 1794 1649 Achilles
1815 1639 1825 1657 ,
1850 1610 1928 1659 sive
1947 1612 1984 1649 id
1994 1625 2114 1657 aerea}
2138 1614 2214 1663 five
2230 1619 2343 1662 ferrea
2357 1631 2414 1655 cu·

1366 1661 1460 1711 [pide
1471 1662 1570 1708 fecit.
1625 1667 1680 1700 Ita
1710 1672 1794 1700 certe
1821 1663 1976 1712 pingitur
1998 1677 2074 1701 eam
2096 1665 2268 1704 decutiens
2286 1667 2415 1716 gladio.

1374 1713 1476 1750 Hinc
1496 1713 1695 1762 proverbio
1708 1713 1808 1761 ceffit
1818 1713 1967 1752 Achillis
1984 1713 2086 1764 hasta
2100 1743 2110 1759 ,
2138 1717 2198 1755 vel
2213 1718 2416 1756 Achilleum

1373 1763 1506 1808 vulnus
1520 1791 1531 1809 ,
1557 1775 1641 1802 cum
1656 1765 1832 1803 auxilium
1853 1765 1896 1802 ab
1909 1776 1955 1803 eo
1973 1766 2131 1814 petimus
2149 1795 2158 1810 ,
2176 1769 2240 1818 qui
2254 1771 2339 1807 mali
2353 1771 2418 1809 ali-

1376 1814 1477 1863 cujus
1500 1815 1602 1853 causa
1627 1816 1758 1854 extitit.
1811 1816 1927 1853 Porro
1949 1817 2108 1855 Cervam
2132 1819 2307 1869 Telepho
2328 1823 2419 1859 ube-

1376 1876 1412 1902 ra
1425 1864 1958 1913 praebuiffetraduntAElianus
1976 1867 2120 1907 lib.xtr.
2146 1881 2298 1918 capae..
2326 1873 2419 1910 Pau·

1374 1916 1485 1954 sanias
1502 1917 1741 1955 inArcadicis
1766 1918 1803 1955 ὅ(
1831 1917 2045 1964 Boeoticis,
2077 1920 2331 1969 Apollodorus
2359 1923 2420 1964 lib.

1378 1979 1427 2005 11.
1453 1967 1544 2006 Inde
1567 1967 1741 2016 Telepho
1760 1980 1913 2006 nornen.
1941 1969 2142 2009 Sauram«,

1431 2018 1515 2066 258.
1543 2018 1675 2056 Vulnus
1693 2019 1823 2056 inerme
1840 2018 1990 2069 petens.]
2021 2020 2306 2070 Aliquilegunt‚
2335 2025 2418 2061 vul-

1377 2082 1442 2106 nus
1459 2070 1588 2106 inerme
1602 2078 1730 2118 potens.
1748 2070 1990 2118 &exponunt
2012 2070 2162 2115 inerme,
2189 2074 2225 2110 id
2239 2073 2288 2110 est
2302 2101 2311 2116 ,
2339 2085 2417 2112 non

1375 2119 1528 2164 hostile,
1557 2128 1597 2157 ut
1620 2119 1708 2158 illud
1720 2121 1816 2168 prius
1840 2120 1994 2157 illatum.
2021 2132 2091 2169 ego
2121 2124 2159 2159 in
2178 2135 2280 2159 arma
2301 2133 2417 2171 potens

1376 2170 1527 2256 llggerim
1542 2197 1561 2214 ‚.
1579 2169 1617 2207 id
1633 2169 1703 2214 est,
1732 2169 1862 2207 vuinus
1873 2169 2068 2209 conferens
2089 2171 2245 2213 vulneri.
2265 2174 2416 2214 Cousr.

1413 2230 1477 2256 AN.

1430 2270 1516 2317 258.
1543 2274 1786 2321 Armatasque
1825 2269 1908 2307 tulit
1936 2271 2070 2311 vulnus
2099 2273 2230 2312 inerme
2255 2278 2417 2327 potens.]

1381 2321 1548 2369 Quidem
1577 2321 1741 2369 plerique
1771 2321 1916 2359 versum
1947 2323 2045 2361 hunc
2065 2325 2214 2373 legunt,
2243 2337 2281 2364 ut
2304 2327 2346 2366 sit
2365 2330 2421 2367 di-

1382 2371 1481 2409 &tum
1508 2372 1592 2408 κατ’
1616 2371 1827 2417 ἀσύνδετον,
1855 2384 1921 2421 pro
1941 2379 2119 2413 Armatus
2139 2377 2175 2414 δε
2197 2387 2313 2426 potens
2336 2379 2421 2417 tulit

1380 2422 1509 2459 inerme
1532 2421 1675 2459 vulnus.
1699 2424 1773 2461 hoc
1791 2423 1838 2461 est
1854 2451 1862 2467 ,
1892 2431 1930 2461 ut
1952 2425 2324 2467 Commentatoribus
2346 2430 2425 2478 pla-

1382 2482 1461 2517 cet,
1491 2473 1534 2511 ab
1556 2473 1687 2511 inermi
1707 2473 1852 2512 Achille
1876 2486 1884 2512 ι
1922 2475 2021 2524 quafi
2054 2475 2202 2515 Achiles
2231 2478 2303 2516 sola
2324 2480 2420 2519 hasla

1381 2533 1539 2562 armatus
1559 2524 1724 2568 fueritfin
1748 2536 1868 2573 pugna
1891 2534 2018 2564 contra
2031 2527 2242 2575 Telephum
2260 2556 2270 2574 ,
2302 2539 2422 2567 caete·

1383 2586 1420 2612 ra
1442 2574 1571 2613 nudus.
1625 2574 1698 2612 Vel
1726 2575 1863 2613 rursum
1879 2603 1889 2619 ,
1918 2584 1957 2613 ut
1985 2588 2126 2614 nomen
2143 2587 2258 2626 potens
2278 2580 2322 2618 ad
2344 2581 2423 2618 vul-

1384 2637 1452 2664 nus
1470 2626 1668 2663 referamus
1693 2653 1702 2668 ‚
1741 2625 1858 2675 sitque
1879 2626 2017 2664 sensus:
2050 2629 2219 2666 Armatus
2238 2630 2318 2667 tulit
2342 2631 2424 2670 vul-

1386 2687 1453 2716 nus
1476 2677 1618 2714 inerme
1638 2703 1647 2720 ,
1683 2676 1741 2714 sed
1764 2686 1913 2723 potens,
1944 2676 1966 2713 s.
1988 2678 2072 2724 quia
2099 2679 2295 2717 incurabile
2319 2691 2419 2727 erat,

1384 2725 1637 2776 praeterquam
1661 2727 1733 2764 sola
1761 2727 1856 2764 hasta
1884 2726 2046 2765 Achillis.
2100 2729 2145 2766 Et
2175 2730 2249 2767 hoc
2267 2732 2417 2780 quidem

1384 2778 1503 2816 modo
1527 2778 1700 2815 Zarottus
1735 2778 1772 2814 &
1805 2777 1997 2816 Domitius
2021 2779 2159 2817 versum
2182 2781 2280 2820 hunc
2299 2782 2429 2821 ferme.

1384 2829 1582 2877 accipiunt.
1633 2827 1714 2876 Ego
1737 2839 1827 2866 vero
1846 2826 2018 2866 hactenus
2042 2830 2246 2869 dubitabam
2263 2860 2272 2876 ,
2300 2845 2343 2870 an
2365 2835 2414 2872 ita

1383 2881 1504 2927 potius
1535 2878 1731 2928 legendum
1762 2879 1880 2923 foret,
1909 2884 2152 2932 Armatasque
2183 2882 2264 2918 tulit
2285 2883 2418 2922 vulnus

1383 2931 1421 2967 in
1446 2942 1549 2967 arma
1565 2939 1702 2979 patens:
1733 2938 1770 2967 ut
1790 2930 1825 2967 id
1849 2929 1979 2967 vulnus
2016 2933 2051 2968 in
2088 2943 2184 2969 arma
2208 2941 2332 2979 patere
2356 2947 2415 2973 ac-

1385 2981 1563 3028 cipiamus
1577 3009 1587 3025 ‚
1617 2980 1720 3029 quod
1742 2981 1849 3018 armis
1863 2981 2013 3019 Achillis
2032 2981 2315 3022 scilicetfat‘lum
2331 3011 2341 3029 ,
2364 2997 2418 3023 ar·

1386 3032 1454 3069 mis
1486 3031 1613 3069 iisdem
1644 3030 1768 3068 denuo
1801 3031 2003 3069 feriendum
2029 3060 2038 3077 ,
2066 3041 2175 3080 atque
2211 3033 2258 3070 ita
2290 3044 2418 3073 curan·

1354 3102 1355 3105 =
1385 3081 1474 3120 dum
1497 3089 1582 3119 erat.
1635 3082 1776 3119 Verum
1811 3094 1895 3119 cum
1925 3084 2015 3120 haec
2043 3090 2283 3130 annotarem,
2313 3097 2418 3124 com-

1386 3132 1541 3170 modum
1564 3132 1674 3170 incidi
1701 3134 1737 3170 in
1765 3133 1965 3171 editionem
1994 3132 2175 3181 quandam
2207 3134 2417 3182 Venetam,

1387 3184 1422 3219 in
1444 3194 1515 3231 qua
1537 3182 1635 3220 idem
1653 3183 1711 3221 hic
1731 3182 1848 3221 versus
1862 3182 2065 3224 correctus,
2095 3184 2131 3220 ὅ(
2155 3184 2415 3235 admarginem

1386 3232 1546 3283 adjec‘tus
1569 3243 1644 3274 erat
1662 3234 1736 3274 hoc
1754 3234 1892 3273 modo:
1921 3232 2090 3282 Qitula'e
2108 3236 2244 3275 armati
2262 3237 2419 3293 vulqus,

2326 3299 2418 3327 mer-
