2547 3708
22 0 30 117 l

26 119 27 155 l

633 143 1573 216 ΡΚΑΕΕΑΤΙΟΝΕΒ,
2050 176 2138 222 mg

39 244 232 315 semper,
265 245 444 293 nullum
480 255 700 303 umquam
731 237 905 285 senium
938 237 1115 284 timeat.
1185 237 1242 284 In
1279 238 1396 286 flore
1431 243 1668 289 maturitas
1699 240 1794 298 est3
1834 245 1880 289 ὃς
1913 245 1990 291 ubi
2023 247 2137 295 defi-

40 313 161 366 c'ie'nt
183 305 288 370 alii,
322 323 495 356 novum
522 305 697 368 ingenii
724 318 936 366 vigorem
964 302 1243 349 NEAPoLis
1266 302 1437 365 sumet,
1455 308 1617 369 majori
1640 322 1784 353 annos
1807 306 1955 354 fruetu
1974 327 2136 373 ,quam

38 392 245 440 tempore
279 372 553 421 emensurus.
622 369 675 416 N
681 384 794 414 ovos
825 367 900 414 ille
934 365 1066 412 nobis
1088 365 1244 413 Fastos
1277 369 1432 430 dabit,
1467 373 1545 434 qui
1582 371 1774 418 illustrat
1798 372 2017 429 Vetere53
2055 393 2138 423 no-

36 460 143 496 vum
175 455 363 498 aevum,
398 437 477 500 qui
511 434 682 482 saecula
713 431 1086 496 comprehendit.
1153 431 1265 478 Hoc
1288 433 1352 479 est
1378 435 1589 498 profecto
1615 438 1799 495 vivere,
1837 436 1896 483 sic
1918 436 2138 500 scribere,

20 515 88 558 {ut
119 519 324 568 aeternus
362 502 437 549 sis:
474 504 570 547 imo
603 500 697 546 hoc
733 497 797 544 est
821 496 1043 555 scribere,
1078 496 1172 542 vita
1195 500 1512 548 aeternitatem
1537 502 1715 547 mereri.
1782 502 1976 549 Animus
2005 505 2138 552 nobis

31 565 248 622 'colendus
279 567 373 625 est,
410 567 490 630 qui
525 578 702 628 quanto
739 561 992 620 eruditior,
1028 573 1158 607 tanto
1181 562 1413 621 nobilior3
1450 581 1554 613 vere
1577 568 1782 625 animus,
1818 568 2001 630 quando
2034 570 2139 616 ren-

35 654 119 702 qua
140 635 221 682 fibi
242 633 448 680 obnoxia
471 630 636 688 habet,
670 627 763 692 ipse
785 643 881 674 non
900 625 1015 672 liber
1039 639 1251 687 tantum,
1287 627 1359 674 sed
1384 629 1626 691 dominus,
1652 632 1844 678 Litteris
1868 648 1921 678 ac
1949 634 2136 696 Sapien-

33 705 94 750 tia
113 698 369 748 instructus.
435 693 680 756 Plerosque
704 694 906 739 intuere:
944 706 1000 736 an
1025 690 1072 737 id
1092 707 1198 738 vere
1222 706 1386 756 agant,
1420 709 1472 742 ut
1496 698 1664 760 Magni
1691 696 1906 759 Clarique
1933 696 2053 745 fint?
2088 700 2136 745 in

31 765 121 832 ipsa
151 766 350 812 maxime
385 761 491 808 luce
521 758 708 806 umbrae
744 757 867 803 fiunt
890 790 905 815 ,
940 771 1220 820 omnemque
1245 759 1384 806 vitam
1402 793 1418 818 ,
1453 761 1581 808 velut
1606 777 1838 826 pugnam,
1875 762 1920 808 δί
1947 775 1998 809 ut
2024 779 2135 825 pro-

28 834 127 896 prie
163 830 344 887 dicam,
379 824 634 889 σκιομαιχίοω
668 822 864 869 habent:
900 820 1043 883 aliqui
1068 822 1205 867 etiam
1232 822 1415 885 ipsimet
1441 824 1522 872 fibi
1548 825 1725 883 hoste83
1761 828 1866 891 quia
1894 827 2042 874 insesti
2066 845 2137 875 ar⁰

27 895 176 954 tibus,
209 909 322 958 quae
355 908 508 940 veram
544 888 722 954 pectori
757 887 814 934 ab
852 886 1139 933 humanitate
1173 886 1222 932 ὃς
1256 887 1481 952 elegantia
1512 891 1877 955 magnitudinem
1916 892 2131 940 inserting

28 961 351 1016 NEAPomM,
385 957 555 1019 viginti
582 953 702 1000 duos
736 964 897 999 natum
932 966 1101 1010 annOS,
1136 951 1408 1015 respiciant,
1446 955 1495 1000 &
1527 956 1734 1002 homines
1770 956 1910 1003 fient:
1954 959 2048 1021 ejus
2085 961 2132 1006 in

26 1024 288 1087 exemplum
323 1022 544 1069 assumant
568 1019 838 1082 ingenium,
875 1016 1096 1064 &lucere
1119 1016 1360 1079 incipient.
1430 1018 1561 1079 Qud
1586 1020 1758 1067 etiam?
1792 1034 1838 1068 te
1861 1020 2129 1084 respiciant,

25 1090 204 1152 Magne
225 1088 454 1145 SCAmA,
493 1084 541 1131 &
577 1082 689 1148 quid
724 1081 780 1128 fit
802 1096 909 1128 vere
930 1081 1168 1131 hominem
1190 1081 1303 1142 effe,
1338 1083 1450 1145 quid
1474 1084 1653 1143 lucere,
1689 1085 1965 1150 intelligent.
2035 1087 2131 1134 Va-

26 1153 97 1214 le,
130 1153 238 1202 vive
250 1173 266 1210 5
304 1155 437 1211 vive,
471 1149 603 1198 vales
650 1146 884 1205 Lovanii,
919 1146 967 1192 in
993 1146 1145 1205 Arce,
1179 1145 1426 1195 Prid.Eid.
1450 1149 2063 1213 Septemb.M.n.c.xxxvi.

918 1228 921 1231 ¹
983 1238 1180 1287 Ibidem.

555 1308 1595 1369 ERYcioPUTEANo

60 1448 63 1449 γ
357 1399 1798 1471 ERuniTonuwiopTIMATi

120 1476 2019 1537 CAES,A1AEXAPQDER.S(3AL1A

889 1563 1198 1612 Felicitatem.

173 1657 344 1707 Ultum
378 1658 464 1706 tibi
498 1657 676 1718 debeo,
709 1658 790 1722 qui
814 1656 972 1705 Caroli
993 1655 1134 1704 Fastis
1160 1655 1387 1720 Elogium
1423 1653 1689 1718 praefixeris
1717 1653 1891 1716 Elogio
1914 1653 2125 1717 dignum.

194 1725 323 1772 Nam
369 1722 479 1788 quid
524 1724 696 1771 amicae
737 1722 901 1770 Musae
945 1723 1142 1787 primam
1182 1722 1333 1768 lucem
1370 1719 1582 1767 subeunti
1615 1720 1787 1781 gratius
1821 1734 2089 1782 apprecarer
2111 1753 2127 1777 ,

22 1804 154 1854 quam
185 1789 395 1836 laudem?
438 1789 559 1836 unde
589 1805 699 1836 vero
732 1791 1017 1852 gratiorem,
1053 1804 1187 1852 quam
1225 1804 1251 1833 a
1284 1788 1384 1834 viro
1418 1784 1631 1832 laudato?
1669 1785 1839 1845 Neque
1877 1797 2029 1830 tamen
2063 1785 2128 1830 ita

19 1854 253 1918 gratulor,
290 1852 414 1917 quasi
447 1854 863 1901 commendationis
893 1853 1064 1917 eguiffe
1099 1866 1259 1914 putem
1294 1867 1374 1916 per
1407 1849 1448 1896 se
1487 1847 1900 1896 commendabilem
1940 1847 2125 1894 librum.

18 1919 266 1966 Mutuatae
297 1919 413 1965 lucis
445 1934 540 1965 non
573 1933 711 1982 eget,
745 1920 825 1981 qui
848 1918 1066 1965 obscuros
1090 1919 1178 1979 jam
1201 1918 1369 1964 Po'e'tas
1392 1914 1587 1961 illustrat
1613 1912 1713 1960 sua:
1753 1927 1836 1958 nec
1864 1913 1983 1958 intra
2006 1913 2125 1958 obli-

19 1982 205 2031 vionem
239 1983 379 2040 latet,
413 1983 492 2045 qui
527 1983 762 2029 oblivione
794 1981 927 2030 foeda
951 1981 1124 2029 saecula
1147 1981 1395 2029 memoriae
1417 1979 1684 2033 redonavit3
1721 1976 1769 2022 &
1790 1978 1995 2023 Romam
2017 1977 2123 2023 Ro-

19 2063 119 2094 mae
141 2048 268 2095 velut
293 2047 588 2093 exhumatam
613 2047 828 2093 restituit.
897 2045 1032 2092 Adde
1059 2046 1317 2108 Sapientiae
1337 2043 1609 2090 miraculum
1630 2042 1821 2088 alterum
1848 2039 2123 2087 Adolescen-

19 2112 129 2159 tiam
146 2112 168 2172 ,’
195 2113 243 2158 in
277 2112 372 2158 aliis
396 2127 502 2158 cum
528 2112 760 2174 Sapientia
781 2113 1024 2158 rixantem.
1095 2111 1145 2158 Si
1171 2122 1324 2156 tamen
1350 2106 1623 2154 Adolescens
1645 2105 1893 2163 dicendus,
1928 2106 2005 2169 qui
2030 2106 2123 2166 pri·

20 2175 198 2224 scorum
223 2177 474 2223 Annalium
511 2178 798 2223 monimenta
827 2175 1055 2240 dirigens,
1090 2175 1303 2221 Avorum
1341 2186 1536 2220 aetatem
1568 2170 1715 2230 vidit,
1752 2170 1799 2216 &
1826 2169 1962 2215 suam.
2031 2170 2124 2215 Vel

18 2241 163 2305 igitur
191 2241 350 2288 divino
384 2257 508 2289 nexu
538 2241 690 2304 aliquo
731 2240 1024 2287 Senectutem
1060 2240 1298 2286 Pubertati
1335 2236 1630 2301 composuit÷
1676 2235 1749 2283 vel
1784 2233 1962 2282 adultus
1995 2247 2121 2280 ante-

3 2316 8 2358 1
21 2321 154 2370 quam
190 2306 469 2367 adoleverit,
504 2306 560 2352 de
595 2303 916 2352 Adolescentia
948 2305 1066 2351 nihil
1101 2303 1242 2350 traxit
1276 2316 1451 2366 praeter
1489 2301 1700 2353 vividum
1736 2300 1902 2345 mentis
1929 2299 2121 2346 florem:

3 2362 206 2433 {minime
227 2384 282 2418 ut
302 2371 438 2417 mirer
451 2371 719 2434 Apollinem
740 2370 995 2417 litterarum
1019 2369 1226 2416 Genium
1249 2367 1469 2422 Iuvenem
1495 2366 1644 2429 pingi.
1680 2365 1770 2412 His
1793 2363 1969 2410 accedit
1990 2364 2121 2426 inge-

1 2439 134 2483 lnuus
146 2435 415 2483 Nobilitate
437 2436 733 2499 sanguis,qui
759 2451 961 2498 purpura
976 2434 1187 2482 ¹Virtutis
1208 2431 1300 2491 est,
1325 2433 1371 2478 ὃς
1397 2430 1531 2477 fucus
1553 2428 1843 2493 triumphalis
1867 2427 2121 2474 Musarum.

1 2479 147 2548 lHinc
167 2500 232 2547 illi
247 2501 533 2564 praeveloces
549 2501 731 2564 Ingenii
745 2513 937 2547 conatus
950 2511 1113 2546 contra
1127 2497 1366 2562 Ignaviam
1380 2495 1577 2545 viriliter
1591 2493 1878 2557 insurgentis.
1904 2491 2119 2554 Ejusdem

2 2552 189 2628 lquippe
215 2564 380 2612 indolis
401 2565 465 2612 est
489 2579 795 2613 atramentum
821 2565 894 2612 vel
917 2564 1182 2628 sanguinem
1207 2561 1386 2608 strenue
1409 2559 1624 2615 fundere·,
1651 2559 1817 2623 stylum
1840 2557 2029 2604 trastare
2048 2556 2119 2604 vel

3 2618 170 2707 {telum.
205 2630 526 2689 Quamobrem
550 2647 644 2677 non
665 2646 786 2677 eram
808 2630 975 2677 dubius
990 2664 1005 2689 ,
1026 2629 1138 2691 quin
1151 2630 1359 2691 ingentes
1372 2626 1527 2673 Hero'i'
1540 2623 1716 2687 plausus
1730 2623 2028 2679 deberentur,
2043 2622 2118 2682 qui

3 2708 126 2760 iquos
145 2693 200 2740 ab
218 2695 409 2741 interitu
429 2711 568 2742 annos
592 2696 835 2754 vendicat,
857 2694 942 2741 suis
965 2693 1118 2740 inserit
1133 2716 1149 2750 3
1168 2690 1477 2739 inscribendus
1497 2690 1630 2752 plane
1643 2688 1783 2735 Fastis
1797 2721 1811 2746 ,
1831 2688 1937 2733 dum
1964 2687 2001 2732 F
2004 2686 2120 2732 astos

3 2757 186 2811 iscribit.
221 2759 310 2805 Sed
332 2762 624 2822 quotidianae
635 2761 889 2807 Felicitatis
913 2776 1006 2806 non
1028 2758 1118 2817 est,
1140 2759 1203 2804 mi
1218 2757 1388 2819 Eryci,
1416 2754 1594 2801 laudem
1619 2752 1812 2810 mereri,
1829 2751 1875 2797 δε
1891 2751 2117 2797 continuo

3 2814 193 2869 lhabere.
229 2824 449 2883 Sequitur
461 2826 726 2871 Minervam
753 2824 825 2871 sua
843 2825 1064 2882 Nostua,
1078 2822 1309 2869 eruditum
1334 2818 1553 2883 quodque
1577 2817 1731 2882 perosa
1754 2818 1908 2863 lumen
1925 2815 2024 2861 :illa
2047 2815 2116 2859 in-

19 2889 148 2949 quam
172 2887 352 2933 Invidia
371 2888 544 2950 ubique
569 2889 689 2947 fera,
714 2891 834 2936 inter
858 2890 1086 2936 litteratos
1106 2885 1313 2933 feriffima
1327 2906 1344 2941 3
1379 2899 1494 2946 quos
1530 2882 1737 2940 (mirum)
1774 2879 2023 2927 similitudo
2051 2878 2116 2925 fa-

3 2949 83 2997 ·cit
101 2951 327 2999 inimicos.
386 2952 468 2998 Ne
493 2953 727 3000 immerito
754 2954 938 3000 Eruditi
961 2965 1189 3000 vocentur
1211 2950 1402 3013 Cygni,
1436 2948 1513 3012 qui
1539 2947 1620 2994 soli
1643 2948 1824 3004 avium,
1859 2945 2017 3007 pennis
2041 2959 2118 2989 ro-

19 3013 200 3079 strisque
223 3018 345 3065 inter
365 3015 451 3063 sese
472 3016 732 3080 transigunt
747 3019 1040 3081 ,mutuisque
1059 3015 1322 3063 vulneribus
1346 3014 1533 3061 cadunt.
1569 3013 1699 3059 Haec
1723 3011 1918 3073 denique
1934 3010 2115 3055 Huma-

17 3078 197 3127 niorum
221 3080 459 3130 Musarum
485 3082 792 3128 inhumanitas
814 3083 905 3141 est,
942 3085 990 3129 in
1023 3095 1248 3146 cognatos
1278 3079 1571 3143 ingeniorum
1596 3089 1766 3138 ‘partus
1803 3073 1965 3122 caesim
1997 3089 2115 3136 pun-

17 3141 217 3207 &imque
248 3144 498 3193 desaevire:
535 3159 586 3193 ut
622 3147 806 3193 lictores
841 3148 1132 3193 inveniantur
1166 3145 1260 3192 fere
1285 3142 1482 3190 totidem
1506 3153 1623 3202 quot
1647 3141 1882 3188 Lectores.
1948 3138 2112 3184 Unum

13 3206 570 3274 viero‘fortunatiffimum
602 3212 876 3269 CAROLUM
913 3212 1208 3261 NEAPOLIM
1242 3208 1298 3319 {lb
1319 3206 1586 3271 inexpiabili
1610 3205 1696 3254 hac
1717 3205 1855 3254 Furia
1874 3204 2113 3266 impunem

39 3295 47 3301 .
1189 3276 1237 3322 D
1322 3286 1342 3335 3
2034 3280 2117 3328 per
