2547 3708
567 199 1606 253 NICOLAIHEINSII
2057 148 2153 200 239

453 283 581 331 Ante
602 282 758 329 Notas
778 282 826 329 in
853 281 1256 347 Metamorphoses
1275 283 1446 332 Ovidii
1472 283 1736 332 Dedicatio.

191 365 370 417 VIRO
429 362 668 412 VARIIS
726 362 870 408 PRO
929 362 1371 413 FOEDERATO
1428 364 1697 413 BELGIO
1753 360 1989 413 OBITIS

532 427 1076 475 LEGATIONIBUS
1132 429 1637 490 PERILLUSTRI‚

173 504 927 566 CONRADO
1045 504 2001 577 ss-EUNlNGlo,

553 590 862 656 Reipublicae
886 591 1340 643 Amstelaedamenfis
1364 595 1591 644 Senatori.

331 686 390 727 On
412 685 753 741 Agamemnoniam
773 683 944 739 Strophio
952 682 1010 734 fic
1031 696 1144 726 natus
1169 685 1346 741 Oresten,

203 690 313 790 N
372 735 510 792 Thesea
519 740 693 794 suspexit
717 737 986 793 Pirithousque
995 738 1132 789 suum,

205 794 262 835 Ut
282 803 352 834 tua
373 809 432 834 me
445 825 456 845 ‚
486 793 682 843 conrade,
703 790 888 844 fidesfibi
905 793 1054 846 jungit,
1084 793 1137 840 ἃς)
1158 793 1224 834 ille

261 846 386 889 Rebus
407 850 445 887 in
464 846 629 894 adversis
641 846 755 899 saepe
768 846 947 898 probatus
970 861 1087 886 amor.

203 900 297 942 Non
309 934 320 952 ‚
349 900 491 950 mihist
505 899 678 939 Lethaea
692 909 872 953 premant
895 898 1035 939 oblivia
1046 902 1204 952 seusus,

257 954 431 995 Excidat
449 953 538 994 haec
552 957 677 1007 pietas
693 952 840 1005 pectore
862 952 962 1008 lapsa
980 968 1071 994 meo,

204 1002 314 1049 Tunc
330 1022 473 1063 quoque
483 1006 648 1058 fatalem
668 1021 755 1046 cum
770 1005 907 1046 Parca
924 1007 1136 1049 minabitur
1154 1008 1308 1062 horam,

257 1062 430 1114 Restabit
450 1063 606 1101 memori
629 1075 761 1100 nomen
781 1060 822 1099 in
842 1074 903 1100 ore
925 1070 1050 1100 tuum.

204 1115 283 1171 Ipse
304 1116 397 1156 cinis
414 1126 474 1166 te,
505 1130 614 1165 care,
644 1129 772 1162 meus,
801 1114 837 1154 C
840 1116 1001 1166 onrade,
1027 1114 1223 1171 loquetur:

258 1168 403 1220 Gestiet
429 1169 555 1221 officiis
572 1171 648 1220 ipfh
663 1167 808 1219 favilla
829 1169 913 1216 piis.

202 1223 319 1266 Exul
335 1225 500 1273 arenosos
524 1223 666 1272 Libyae
676 1219 718 1269 st
732 1222 870 1261 mittar
889 1223 929 1261 in
951 1222 1093 1276 aestus,

256 1272 310 1316 Te
329 1276 422 1316 duce
443 1278 629 1327 desertum
651 1289 723 1314 non
743 1276 923 1315 videatur
945 1277 1032 1316 iter.

198 1328 350 1370 Mittar
369 1329 562 1383 inacccffos
584 1327 676 1368 Nili
698 1328 887 1368 latitantis
904 1330 959 1369 ad
972 1341 1098 1381 ortus,

253 1383 398 1424 Taedia
418 1383 642 1438 longinquae
649 1384 735 1433 sint
751 1382 848 1422 mihi
867 1383 973 1423 nulla
990 1385 1090 1424 viae.

197 1437 282 1478 Aut
298 1438 364 1478 ubi
384 1434 603 1491 Taprobane
616 1468 628 1488 ‚
659 1436 763 1475 modo
772 1436 893 1476 milite
909 1448 1019 1492 capta
1039 1437 1218 1495 Batavo,

250 1491 402 1532 Evocat
421 1490 582 1545 alipedes
604 1505 762 1547 aequore
785 1490 880 1530 Solis
901 1506 1021 1546 equos.

199 1543 368 1586 Dulcius
389 1546 406 1584 ὂ
430 1545 525 1585 mihi
546 1545 658 1585 melle
677 1554 809 1598 caput,
838 1547 1076 1602 quodgignit
1094 1547 1319 1604 IIymettos‚

251 1599 364 1654 Quod
378 1600 474 1654 tegit
495 1598 658 1652 Hyblaei
682 1613 768 1638 cera
785 1598 922 1640 Sicana
932 1601 1045 1652 favi:

199 1652 357 1702 Sidera,
383 1663 530 1707 tempus
548 1654 642 1703 erit,
672 1652 770 1691 mihi
789 1666 876 1691 cum
884 1658 1003 1709 super
1025 1655 1104 1696 alta
1116 1657 1288 1709 feraris,

255 1706 444 1762 Gorgonei
464 1706 564 1758 dorsi)
607 1716 755 1760 raepete
775 1716 907 1760 raptus
925 1711 1036 1762 equi:

197 1758 274 1801 Ore
286 1761 424 1813 sonans
445 1774 533 1800 cum
553 1717 673 1801 bima
694 1775 772 1799 meo
792 1770 861 1799 tua
873 1763 979 1814 gesta
1001 1763 1200 1820 loquatur3

250 1814 310 1855 Et
329 1826 367 1854 te
386 1816 596 1869 conspicuus
614 1815 698 1853 cive
721 1812 901 1853 Batavus
920 1825 994 1855 eat.

197 1866 417 1909 Dic‘i‘abunt
435 1883 608 1908 numeros
631 1866 718 1906 hinc
739 1868 853 1906 turba
863 1870 1008 1918 sororia
1027 1869 1196 1924 Phoebi,

255 1921 360 1966 Hinc
382 1921 492 1961 Deus
510 1931 690 1961 auratam
703 1921 876 1974 porriget
897 1921 970 1972 ipse
988 1921 1130 1978 chelyn.

197 1973 312 2017 Bella
329 1975 400 2013 tibi
419 1974 605 2014 Mavorte
623 1987 757 2014 canam
779 1973 935 2026 discuſja
957 1985 1103 2029 togato,

254 2026 422 2083 Telaque
434 2027 648 2080 flexanimi
657 2025 829 2077 fulmine
837 2026 972 2077 frac‘la
981 2029 1081 2078 soni.

199 2081 359 2133 Lingua
381 2079 647 2130 Pericleaefic
664 2079 837 2119 laudibus
857 2081 1009 2120 aemula
1027 2083 1130 2124 vocis

252 2135 371 2189 Saepe
391 2134 514 2175 locuta
523 2135 622 2185 foris
635 2164 647 2184 ‚
662 2136 776 2187 saepe
793 2132 920 2173 locuta
936 2135 1036 2174 domi
1055 2137 1118 2188 est.

200 2188 327 2246 Quem
346 2199 384 2228 te
403 2203 492 2228 cum
512 2187 648 2241 rigidis
665 2188 809 2226 mirata
830 2182 1031 2228 Trionibus
1050 2189 1188 2230 Arc‘los

252 2241 472 2293 Quamlibet
490 2242 618 2282 invita
642 2239 790 2293 distulit
808 2255 920 2281 arma
939 2256 1072 2283 manu.

199 2295 335 2339 Gallia
354 2297 448 2352 quin
465 2295 607 2344 etiam,
632 2294 811 2348 quamvis
820 2294 1016 2344 facunda,
1043 2295 1234 2352 loquenti,

255 2350 311 2391 Et
330 2350 532 2390 cantiam
549 2359 673 2404 rapax
692 2347 868 2402 Sequana
883 2348 1026 2402 plausit
1044 2364 1157 2404 aqua.

195 2403 272 2445 Seu
282 2406 418 2461 patria
436 2412 624 2444 attentam
642 2402 713 2442 tibi
732 2401 859 2443 Curia
875 2403 1085 2444 commodat
1103 2417 1238 2446 aurem
1250 2434 1265 2458 ‚

253 2458 518 2511 Indomitaque
538 2455 643 2497 trahi
663 2469 751 2496 voce
770 2455 928 2496 Senatus
951 2467 1081 2510 amat;

194 2509 373 2553 Romana
387 2512 478 2553 talis
488 2522 556 2566 pro
578 2510 751 2551 libertate
771 2510 904 2557 diserti

252 2566 441 2607 Armabat
462 2565 633 2606 validam
653 2559 807 2605 Tullius
825 2564 900 2603 oris
920 2575 1036 2619 opem.

196 2618 371 2661 Neaare
387 2619 571 2659 Socratici
589 2633 720 2659 rorans
728 2621 800 2669 seu
818 2616 950 2660 charta
973 2618 1173 2671 Platonis,

249 2673 308 2714 Et
326 2673 458 2714 blando
477 2673 633 2727 Sophiae
652 2674 808 2712 numine
817 2671 947 2724 f'oeta,
975 2682 1092 2713 tenet.

197 2726 260 2767 Ire
275 2738 344 2780 per
360 2726 513 2767 annales
530 2729 618 2768 aevi
635 2727 802 2767 canentis
822 2726 868 2765 ab
885 2738 972 2766 ortu

253 2781 327 2820 Seu
338 2780 482 2831 juvat,
510 2778 723 2833 historicam
741 2782 834 2820 dum
852 2780 948 2820 bibis
965 2794 1059 2820 aure
1069 2778 1205 2831 fidem.

195 2832 270 2874 Seu
288 2847 450 2873 vacuam
469 2835 585 2886 nostro
605 2832 814 2883 stimularis
834 2832 1006 2886 Apolline
1026 2843 1188 2872 mentem
1204 2846 1218 2884 ;

252 2885 441 2926 Maxima
462 2886 543 2925 laus
560 2888 685 2927 titulis
694 2888 826 2942 surgit
844 2888 981 2942 ubique
1003 2890 1090 2927 tuis.

197 2939 312 2981 Salve
330 2940 480 2987 anima,
507 2942 653 2993 angusti
664 2940 773 2989 salve
793 2941 904 2995 ignea
920 2942 1079 2995 corporis
1095 2938 1217 2996 hospes
1226 2953 1252 2994 3

257 2994 413 3047 Vixque
434 2993 559 3031 minus
581 2993 674 3032 coelo
693 3009 796 3034 mens
807 2995 970 3047 spatiosa
982 2996 1066 3046 suo.

199 3046 298 3101 Jam
323 3049 394 3088 tibi
403 3056 477 3101 per
487 3047 591 3097 seros
611 3046 686 3086 late
696 3048 909 3101 spargenda
927 3058 1074 3104 nepotes

250 3102 491 3157 Perpetuam
508 3102 598 3140 vivo
610 3099 736 3155 gloria
741 3100 890 3152 stravit
905 3102 981 3143 iter

1991 3151 2129 3208 Quan-

75 3236 281 3286 Effugerat‚
306 3251 391 3278 cum
410 3240 678 3279 Dedicationes
697 3237 736 3276 δε
755 3236 1008 3277 Praefationes
1027 3239 1235 3289 digererem
1249 3266 1260 3283 ‚
1287 3237 1365 3277 hoc
1382 3234 1469 3276 Nic.
1491 3232 1635 3276 Heinfii
1656 3233 1840 3279 Carmen}
1864 3229 1961 3270 notis
1982 3231 2057 3279 ejus
2086 3227 2134 3267 ad

26 3284 380 3379 &etfmprplfqseon
403 3291 513 3332 libros
531 3289 790 3342 praemiffum:
818 3299 957 3341 quare,
982 3289 1071 3330 licet
1089 3301 1169 3331 non
1189 3289 1271 3330 satis
1290 3296 1381 3339 apto
1399 3288 1512 3336 loco,
1537 3288 1626 3340 quia
1641 3296 1761 3338 yacua
1776 3284 1958 3333 supererat
1974 3279 2136 3330 pagena,

54 3350 89 3380 xc
121 3350 176 3390 egl
193 3350 244 3380 vo
259 3351 308 3381 ux.
