2547 3708
642 131 1461 195 >PER‘J.MASSON‚
2028 150 2140 211 *97

164 231 266 282 Inde
283 231 368 277 levi
390 234 513 274 vento
532 223 774 272 Zerinthia
794 223 854 286 (a)
879 223 1039 271 littora
1056 230 1180 271 nacta
1192 259 1208 284 ,

44 334 47 336 >
229 293 498 343 Threiciam
519 293 657 352 tetigit
668 289 781 350 fcfft
807 292 951 336 carina
976 291 1161 337 Samon.

40 362 116 413 Ab
142 361 226 409 hac
256 357 418 406 deinde
441 355 590 402 Insula
616 353 907 403 Samothracia
939 353 1094 401 noster
1127 369 1234 400 cum
1269 371 1386 403 nova
1421 353 1568 402 rursus
1596 356 1723 403 Navi
1747 356 1951 402 Thraciae
1973 356 2133 405 littora

39 420 237 493 ippuliss
272 424 320 470 δὲ
342 420 500 486 postca
523 417 714 483 pedibus
733 419 823 465 iter
849 435 928 482 per
954 419 1182 481 Bistonios,
1218 419 1342 471 istius
1364 421 1566 485 regionis
1593 425 1818 484 populos,
1853 420 1981 467 fecit.
2037 422 2131 468 Ibi-

39 493 138 541 dein
157 490 279 536 enim
299 485 564 551 subjungit,
598 499 710 531 vers.
737 497 899 546 μοις.
1214 489 1224 497 ·

0 565 1 571 ’
162 555 306 603 Saltus
326 554 379 600 ab
401 552 488 598 hac
511 563 632 596 terra
655 551 792 595 brevis
811 547 865 608 est
884 547 1126 611 Tempyra
1142 552 1321 608 petenti:

227 619 334 665 Hac
359 618 589 664 Dominum
609 626 742 660 tenus
761 613 816 673 est
835 614 909 658 illa
945 612 1115 673 (Navis
1143 613 1202 668 2.)
1223 615 1368 676 secata
1380 614 1519 677 fitam.

159 685 284 732 Nam
298 682 408 728 mihi
429 679 660 728 Bistonios
677 679 839 738 placuit
852 678 953 737 pede
971 691 1132 737 carpere
1153 693 1354 741 campos.

22 748 233 808 :Tempyra
265 761 460 810 nempe,
493 755 636 809 prout
666 757 726 787 ex
759 741 937 804 aliquot
969 743 1106 787 etiam
1143 742 1382 789 codicibus
1403 744 1548 791 MSS.
1583 742 1853 806 legendum,
1887 745 2016 791 locus
2038 756 2133 791 erat

33 814 86 861 ad
112 804 313 861 ‘Thraciae
335 813 494 868 littUS,
527 821 581 855 ut
603 805 678 854 vel
702 807 826 852 Livii
848 805 977 852 iocus
1001 805 1142 851 modo
1164 807 1388 854 indicatus
1409 808 1598 871 probat:
1634 810 1758 868 Inde,
1792 810 1882 869 ait,
1905 813 2133 857 Aeniorum

25 881 161 940 fines,
189 888 356 939 praeter
385 875 616 935 Apollinis,
651 870 918 917 Zerinthium-
949 886 1066 934 quem
1099 883 1250 919 vocant
1282 875 1462 932 incolae,
1496 870 1702 933 ‚Templum
1722 874 1936 936 ficperant.
2003 877 2132 922 Aliae

31 944 240 1006 angustiae
267 944 380 1000 ,circa
404 937 600 998 Tempyra
633 938 867 996 excipiant,
902 937 1002 998 (hoc
1029 938 1109 982 loco
1130 953 1272 984 nomen
1290 938 1376 997 est)
1409 954 1487 985 non
1509 941 1641 984 minas
1662 937 1929 1001 confragosae.
1998 939 2128 986 Hinc

30 1023 184 1055 autem
212 1004 390 1054 Noster
418 1002 564 1050 exfilii
596 1001 754 1048 locum
793 1002 954 1048 itinere
979 999 1175 1064 pedestri
1197 1015 1356 1065 petens
1380 1001 1539 1049 debuit
1559 1004 1738 1065 gelidam
1760 1000 1972 1062 Thracen,
2007 1006 2061 1057 ἑᾷ
2086 1021 2128 1050 o-

18 1084 185 1135 pertum
207 1073 379 1119 nubibas
398 1071 590 1117 Haemon
612 1063 827 1124 transire,
862 1066 1010 1130 Epist.
1034 1081 1077 1127 ς’.
1100 1065 1207 1114 Lib.
1235 1067 1326 1115 IV.
1359 1083 1418 1114 ex
1441 1068 1627 1126 Ponto,
1663 1083 1774 1114 vers.
1804 1082 1846 1130 5.
1905 1089 1908 1092 ⁴

58 1174 60 1178 a
91 1138 176 1185 Illa
201 1153 310 1185 vero
335 1135 486 1182 Navis
507 1131 729 1190 secunda,
751 1147 842 1195 qua
866 1130 997 1178 Naso
1021 1132 1047 1176 εὶ
1072 1136 1211 1193 portu
1235 1133 1436 1179 Cenchreo
1459 1131 1615 1180 νεξὶυε
1639 1145 1732 1178 erat
1758 1133 1810 1179 ad
1836 1132 2031 1180 Insulam
2055 1133 2125 1181 us—

25 1217 116 1267 que
135 1201 495 1258 Samothraciam,
521 1198 631 1244 hinc
653 1197 820 1243 iterum
842 1194 1018 1243 solvens
1041 1197 1196 1260 pergit
1219 1212 1300 1260 per
1321 1197 1676 1261 Hellespontum
1700 1198 1748 1243 in
1771 1198 2008 1245 Euxinum
2032 1215 2125 1245 ma-

19 1282 76 1328 *re
96 1265 322 1314 adcxfilii
343 1263 563 1312 Ovidiani
586 1263 759 1309 locum.
827 1261 941 1324 Ejus
962 1260 1145 1307 cursum
1170 1261 1346 1309 Noster
1367 1262 1540 1309 ibidem
1563 1262 1754 1308 exhibet
1774 1262 1800 1308 a
1819 1278 1933 1309 vers.
1961 1278 2126 1324 24-42..

23 1328 188 1396 quibus
206 1332 328 1378 varia
351 1327 566 1376 describit
586 1328 690 1375 loca
711 1326 946 1374 littoribus
969 1325 1202 1390 apposita,
1226 1342 1342 1390 quae
1368 1327 1518 1374 Navis
1541 1340 1638 1374 erat
1665 1326 1744 1374 suo
1769 1329 1817 1374 in
1840 1326 1970 1374 cursu
1995 1344 2100 1391 prae
2111 1356 2122 1361 -2

17 1394 298 1445 terveEtura.
363 1395 544 1442 Priores
565 1405 747 1440 tantum
770 1389 848 1438 hic·
873 1390 1231 1451 transcribendi,
1266 1391 1392 1457 quod
1416 1392 1723 1441 elucidatione
1744 1404 1935 1456 egeant:

213 1459 562 1524 Ilellespontiacas
581 1461 658 1505 illa
679 1456 865 1520 reliquit
887 1455 954 1517 (b)
978 1473 1123 1519 aquas.

103 1521 130 1533 ’“
151 1527 502 1588 Dardaniamque
524 1524 642 1589 petit
669 1527 850 1571 arctioris
873 1537 1014 1569 nomen
1033 1522 1274 1582 habentem,
1310 1521 1402 1569 δῖε.
1474 1536 1478 1539 ’

24 1590 194 1656 Neque
213 1589 529 1656 praetereundi
550 1587 652 1635 sunt
678 1587 897 1652 postremi
921 1586 1122 1650 ejusdem
1149 1587 1339 1652 Elegiae
1359 1586 1508 1634 versus
1531 1587 1656 1652 3145.

145 1657 234 1707 Vos
256 1672 408 1719 qaoque
422 1689 436 1715 ‚
470 1653 793 1718 Tyndaridae,
826 1668 922 1715 quos
941 1653 1040 1699 haec
1062 1655 1156 1700 colit
1175 1654 1308 1716 infida
1322 1686 1339 1712 ,
1373 1653 1552 1702 Fratres
1566 1688 1581 1712 ,

210 1723 328 1770 Mite
340 1735 482 1782 precor
506 1718 684 1782 duplici
714 1734 861 1766 namen
881 1718 1011 1780 adeste
1034 1718 1148 1765 viae.
1633 1741 1635 1743 ·

149 1789 305 1834 Altera
326 1802 500 1848 namque
516 1795 650 1847 parat
675 1783 998 1849 Symplegadas
1017 1786 1078 1830 ire
1090 1797 1168 1845 per
1187 1789 1327 1832 arctas
1338 1805 1355 1840 ³

213 1853 402 1899 Scindere
422 1850 646 1898 Bistonias
669 1852 805 1896 altera
819 1852 965 1910 puppis
984 1864 1130 1912 aquas.

153 1915 240 1962 Vos
252 1916 387 1977 facite
404 1949 420 1974 ,
453 1927 500 1962 ut
524 1927 693 1972 ventos,
727 1918 814 1961 loca
839 1931 929 1961 cam
948 1914 1114 1976 diversa
1128 1925 1347 1974 petamus,

244 1981 303 2026 lla
315 1981 414 2042 ficos
433 1979 584 2025 habeat
598 2013 613 2038 ,
647 1995 716 2025 nec
741 1981 875 2025 minas
898 1979 975 2039 ista
988 1977 1101 2040 sitos.

20 2043 95 2089 Ex
130 2043 297 2106 quibus
329 2060 368 2090 1.
391 2043 759 2102 confirmantur,
793 2058 908 2105 quae
944 2043 1084 2088 modo
1108 2041 1309 2087 diximus
1333 2040 1390 2086 de
1414 2044 1540 2086 tertia
1567 2040 1721 2099 Navi,
1757 2054 1892 2102 quam
1919 2040 2121 2089 Ovidius

19 2107 67 2153 in
91 2108 409 2156 Samothracia
440 2107 586 2154 rursus
618 2106 816 2153 ascendit
832 2141 847 2166 ,
882 2118 935 2153 ut
960 2107 1195 2153 Thracica
1222 2118 1397 2169 peteret
1419 2104 1607 2164 littora,
1641 2121 1723 2167 per
1744 2103 1969 2150 Bistonias
1989 2121 2123 2166 aquas

20 2173 311 2236 navigaturus
331 2208 346 2233 ,
380 2172 489 2218 dum
525 2173 664 2219 altera
689 2173 838 2219 Navis
873 2184 969 2217 crat
993 2173 1197 2218 Pontum
1225 2169 1415 2216 aditura.
1453 2183 1496 2215 2.
1524 2168 1707 2216 Exinde
1727 2181 1882 2230 patet,
1917 2168 2033 2216 hanc
2060 2171 2124 2217 E-

20 2233 183 2300 legiam
217 2240 242 2284 a
278 2236 462 2285 Nostro
497 2238 852 2293 concinnatam,
887 2251 993 2281 cum
1031 2234 1292 2281 adhucdum
1332 2233 1580 2280 versaretur
1615 2234 1662 2280 in
1697 2233 1772 2280 illa
1805 2232 1978 2292 Insula,
2012 2251 2128 2297 quae-

17 2298 258 2362 Tyndaridis
271 2303 512 2364 fratribus,
546 2302 638 2348 hoc
662 2300 754 2359 est,
790 2299 967 2347 Castori
996 2299 1041 2345 &
1063 2299 1246 2345 Polluci
1271 2299 1531 2346 consecrata
1554 2298 1656 2345 fuit.

18 2411 23 2417 .
81 2367 170 2414 111.
207 2370 362 2430 Exstlii
397 2383 536 2430 porro
573 2369 701 2413 locam
723 2365 923 2413 Ovidius
946 2363 1290 2428 cadem’Elcgia
1314 2363 1445 2411 nobis
1468 2363 1669 2424 indicat,
1705 2364 1798 2411 hoc
1824 2373 1912 2427 pro·
1931 2361 2123 2412 secunda
2147 2377 2150 2381 '

21 2429 148 2479 Navi
175 2445 338 2480 votum
364 2431 585 2492 fundens,
619 2447 732 2479 vch.
755 2445 834 2493 41.
858 2445 937 2492 42.
1296 2491 1299 2494 ἱ

233 2512 236 2514 ·
1321 2494 1373 2541 N
2076 2499 2126 2541 A

73 2575 130 2625 (a)
165 2573 263 2615 Scil.
289 2577 424 2616 littora
442 2573 750 2624 Samothraciae3
778 2585 880 2625 quae
899 2573 950 2614 fic
971 2572 1204 2614 dicebantur
1225 2572 1245 2613 a
1267 2571 1457 2624 spelunca
1508 2586 1514 2600 ·
1536 2571 1650 2612 adam
1664 2601 1674 2621 ‚
1689 2569 1900 2611 Zerinthus
1925 2571 2116 2619 nomine,

16 2639 62 2667 ea
92 2629 130 2667 in
151 2628 286 2670 insula
308 2629 534 2669 Cabiroram
565 2628 754 2682 mysteriis
789 2627 958 2667 sacrata:
987 2626 1080 2666 vide
1098 2625 1286 2668 Bochart.
1309 2625 1540 2679 Geograpi.
1562 2624 1673 2665 Sacr.
1697 2624 1737 2663 Ρ.
1763 2624 1796 2664 11
1835 2622 1920 2664 Lib.
1947 2624 1978 2663 l.
2001 2637 2034 2664 c.
2059 2637 2120 2665 12,

19 2677 87 2721 Ut
106 2680 145 2720 in
165 2695 257 2722 vera
277 2683 498 2733 hujus-loci
520 2682 695 2723 lefflone
715 2678 873 2721 haerere
891 2680 1002 2721 docti
1022 2680 1093 2720 viri
1116 2692 1201 2720 non
1222 2679 1444 2720 debuerint‘
1484 2678 1597 2730 Quin
1623 2679 1668 2718 δι’
1683 2678 1723 2717 in
1745 2678 1951 2716 Aeniorum
1973 2678 2118 2716 finibus

19 2735 201 2784 Apollo,
221 2734 479 2776 ‘Zerinthium
510 2750 621 2790 quem
647 2745 784 2774 vocant
815 2733 978 2784 incolae,
1007 2732 1238 2785 Templum
1266 2734 1421 2783 habuit,
1458 2733 1554 2774 teste
1588 2729 1710 2772 Livio
1743 2729 1832 2771 Lib.
1862 2728 2117 2770 XXXVlll.

18 2798 101 2838 cap.
122 2799 187 2834 4¹-
205 2787 321 2838 cujus
341 2791 484 2830 locum
511 2790 581 2829 Cl.
604 2789 793 2829 Heinlius
814 2788 855 2828 in
874 2786 1006 2828 Notis
1028 2787 1194 2839 profert.

77 2839 142 2891 (b)
172 2839 240 2880 Cl.
264 2840 411 2881 Nicol.
432 2842 619 2883 Heinsius
642 2852 778 2892 notat,
808 2854 894 2882 uuo
914 2840 1022 2881 Cod.
1049 2841 1178 2881 haberi
1197 2838 1351 2894 relegit,
1379 2839 1500 2891 seque
1516 2848 1652 2891 putare
1671 2836 1836 2890 peregit,
1867 2844 1934 2876 aut
1958 2835 2051 2886 quid
2076 2838 2119 2876 {i-

23 2893 118 2934 mile
138 2893 368 2947 legendum.
398 2892 575 2945 „Narm
603 2896 709 2936 addit
726 2927 738 2946 ,
762 2894 978 2947 quomodo
998 2894 1152 2948 reliquit
1172 2893 1506 2945 Hellespontum,
1534 2905 1635 2942 quae
1663 2890 1915 2932 Dardanium
1939 2888 1975 2929 &
1999 2888 2122 2929 Lama

22 2975 49 2995 „
71 2946 233 2999 psacum
248 2947 285 2987 δε
305 2947 496 3000 Abydum
519 2948 560 2987 in
581 2948 667 2998 iplis
691 2948 947 3001 Hellesponti
971 2947 1148 2987 faucibus
1165 2948 1231 2986 lita
1251 2946 1404 2987 aditura
1424 2946 1493 2987 sit?
1518 2946 1675 2986 Verum
1695 2943 1819 2994 regeri
1839 2943 1963 3001 potest
1978 2974 1989 2993 ,
2016 2941 2119 2982 Poe-

18 3008 102 3040 sam
123 3001 200 3041 hoc
222 3002 346 3050 loco,
377 3001 457 3042 five
480 3000 640 3040 licentia
660 3000 849 3051 Po'e'tica,
878 3001 955 3041 five
976 3013 1023 3041 ex
1050 3000 1126 3041 usu
1147 3001 1324 3052 vulgari,
1353 3000 1514 3053 largiori
1539 2998 1651 3039 sensu
1671 2997 1988 3049 Hellespontiacas
2004 3009 2120 3049 aquas

23 3062 165 3093 vocare
187 3066 277 3094 eam
299 3055 420 3095 maris
444 3051 605 3103 AEgaei
626 3062 803 3104 partem,
832 3066 935 3105 quae
954 3055 1063 3095 circa
1083 3053 1383 3094 Samothraciam
1408 3063 1514 3102 erat,
1540 3052 1672 3102 idque·
1689 3049 1924 3091 confirmari
1949 3060 1996 3088 ex
2017 3060 2119 3090 vers.

29 3114 159 3152 15-20.
182 3108 356 3158 superius
377 3108 556 3159 prolatis.
597 3105 758 3147 Deinde
780 3106 988 3160 observare
1008 3108 1082 3155 est,
1110 3107 1402 3159 quodcumque
1422 3106 1591 3145 verbum
1614 3103 1677 3144 hic
1704 3106 1880 3158 legatur,
1909 3102 1948 3151 id
1970 3114 2054 3141 non
2076 3101 2117 3139 in

29 3159 328 3208 praeterito‚sed
352 3164 414 3202 vel
442 3159 633 3214 praesenti
654 3161 717 3200 vel
738 3158 876 3200 futuro
895 3169 1079 3213 tempore
1096 3160 1377 3213 reponendum
1397 3157 1497 3208 effe3
1526 3156 1719 3208 liquidem
1731 3155 1861 3197 Navis
1885 3165 1972 3195 tum
1993 3155 2032 3194 in
2045 3152 2116 3193 Sa-

31 3210 266 3254 mothraciae
292 3224 411 3267 portu
434 3213 665 3256 adhucdum
684 3222 786 3261 erat,
808 3212 1066 3255 cumNoster
1087 3215 1184 3255 haec
1205 3213 1410 3260 scriberet,
1438 3222 1481 3251 ut
1507 3210 1654 3251 invidie
1674 3211 1844 3263 probant
1861 3217 2112 3260 vors.45-5o‚

30 3259 205 3307 Mallem
226 3267 341 3322 igit-ur
363 3267 567 3325 relinquit,
596 3279 719 3322 quam
737 3265 892 3322 relegit,
918 3269 983 3308 vel
1003 3268 1127 3310 etiam
1148 3266 1357 3322 relinquet,
1385 3265 1482 3307 ficut
1503 3263 1542 3307 ἃ,
1562 3275 1664 3307 vers.
1682 3264 1763 3317 seq.
1779 3270 1897 3318 petet&
