2547 3708
314 193 412 260 146
803 168 1354 233 P.0V1D11

1429 167 1963 226 NASONIS

601 297 771 367 Inque
795 305 916 347 tuos
952 309 1012 346 ea
1041 287 1195 361 pestis
1219 298 1334 350 eat,
1369 302 1531 356 quam
1559 284 1750 366 dextra
1775 282 2056 340 Choroebi

676 367 865 430 Vicit,
903 380 1066 440 opem
1097 361 1301 418 miseris
1328 357 1709 431 Argolicisque
1736 356 1875 412 tulit.

317 612 406 663 pilas
425 609 526 650 miffa
557 606 774 659 pinsebant;
798 605 897 644 unde
926 604 964 642 δε
983 603 1144 660 pin-sores
1160 600 1249 639 dieti
1266 629 1275 645 ,
1295 601 1358 656 qui

318 662 807 753 fissnzlpigtpffizsnvocantur,
860 654 980 705 Quod
1003 663 1117 692 etiam
1134 652 1232 691 Naso
1251 652 1360 690 tradit

376 789 455 828 sola
470 787 567 839 prius
577 787 702 835 furnis
721 785 898 825 torrebant
912 786 1021 832 farra
1044 783 1172 829 coloni,

430 844 476 878 Et
498 838 681 878 Fornacali
694 839 783 888 sunt
797 838 894 885 slata
913 837 1013 882 sacra
1040 841 1144 873 Deae.

324 915 428 955 Hinc
450 912 676 960 fornacarias
702 911 822 950 servus
855 922 921 959 pro
943 909 1148 958 pistrinario
1176 906 1272 956 apud
1295 906 1364 943 Ul-

324 967 478 1016 pianum
502 966 539 1002 in
585 964 608 1003 l.
637 963 697 1000 81.
737 961 1057 1012 §.fisornacarius
1083 989 1092 1004 ,
1122 959 1163 1010 ff.
1187 959 1234 996 ad
1262 957 1365 1005 Iegem

324 1015 517 1067 Aquiliam
531 1043 541 1061 ,
570 1024 609 1053 ut
632 1013 729 1052 reete
743 1026 825 1051 mea
837 1013 987 1062 quidem
1004 1011 1180 1049 sententia
1200 1009 1367 1046 Budaeus

328 1067 572 1110 emendavit,
601 1068 639 1104 &
661 1065 872 1103 fornacator
899 1064 934 1100 in
951 1064 976 1101 l.
995 1063 1228 1104 continetur,
1254 1070 1308 1105 14.
1328 1058 1366 1096 ff.

328 1119 376 1158 de
393 1118 487 1159 instr,
528 1117 586 1155 vel
606 1115 771 1154 instrum.
790 1116 860 1165 leg.
901 1113 1005 1162 Quin
1043 1115 1152 1150 etiarn
1179 1112 1258 1148 Dea
1282 1110 1368 1146 For-

328 1181 401 1208 nax
421 1170 470 1206 ob
498 1168 594 1206 hanc
625 1167 767 1205 causam
800 1165 1014 1209 colebatur,
1045 1164 1082 1201 ὅτ
1105 1162 1302 1201 fornacalia
1320 1160 1371 1217 sa-

330 1231 391 1258 cra
413 1232 470 1257 21.
494 1219 573 1257 Kal.
596 1220 705 1256 Mart.
727 1214 1025 1261 celebrabantur,
1053 1216 1099 1253 de
1127 1214 1256 1265 quibus
1275 1212 1371 1250 Ovr·

332 1270 413 1310 dius
430 1269 561 1308 iisdem
576 1269 765 1307 Fastorum
788 1269 908 1307 libris:

385 1358 495 1396 faeta
516 1361 590 1392 Dea
610 1351 653 1399 est
672 1356 812 1388 Fornax
826 1378 837 1395 ‚
865 1346 948 1385 laeti
972 1354 1123 1385 Fornace
1146 1346 1254 1385 coloni

440 1412 580 1451 Orant,
608 1414 648 1442 ut
669 1402 760 1440 vires
778 1409 938 1449 temperet
961 1399 1025 1435 illa
1040 1402 1138 1449 suas.

386 1457 497 1497 Curio
519 1454 682 1505 legitimis
709 1465 786 1490 tum
812 1451 1019 1489 Fornacalia
1041 1449 1156 1487 verbis

441 1508 628 1546 Maximus
650 1503 776 1542 indicit
791 1532 801 1549 ‚
829 1515 887 1541 nec
896 1500 993 1548 stata
1006 1501 1112 1550 sacra
1125 1499 1232 1547 facit.

340 1593 520 1646 Ejusdem
554 1593 730 1633 meminit
756 1593 988 1638 melantius,
1026 1602 1066 1632 ut
1089 1594 1125 1632 ὃς
1149 1593 1385 1631 Fornacalio—

341 1645 424 1685 rum
449 1645 572 1684 Festus
593 1646 648 1683 his
668 1645 786 1683 verbis
809 1658 819 1684 ι
855 1644 1064 1682 Fornacalia
1077 1644 1190 1692 feriae
1208 1644 1386 1691 institutae

334 1695 422 1748 sunt
441 1696 549 1741 farris
564 1694 868 1746 torrendigratia,
896 1696 987 1747 quod
1004 1696 1051 1732 ad
1063 1698 1246 1743 fornacem
1264 1724 1270 1737 ,
1298 1708 1388 1745 quae

345 1749 383 1787 in
400 1747 551 1798 pistrinis
572 1757 670 1791 erat,
691 1747 901 1796 sacrificium
926 1746 1003 1794 fieri
1019 1747 1159 1795 fhlebat.
1213 1752 1388 1783 Fornaca-

346 1799 396 1837 lia
412 1798 516 1849 sacra
550 1808 652 1836 erant
675 1825 685 1842 ,
714 1811 792 1836 cum
814 1800 880 1845 far
899 1798 944 1839 *in
968 1798 1168 1849 fornacffllis
1197 1798 1389 1836 torrebant.

345 1850 463 1889 Porro
484 1850 577 1888 sacra
599 1849 710 1887 etiam
733 1850 769 1887 in
779 1850 965 1888 honorem
980 1849 1110 1887 Vestae
1123 1848 1280 1887 instituta
1294 1849 1387 1893 sunt,

346 1901 452 1951 quod
475 1902 566 1938 sarra
584 1899 825 1939 solummodo
845 1901 882 1938 in
905 1900 1015 1938 furnis
1038 1900 1169 1938 Vestae
1183 1928 1193 1944 ,
1220 1900 1295 1937 hoc
1316 1899 1364 1937 est
1378 1928 1388 1945 ,

347 1952 444 2001 ignis
467 1950 790 1990 beneficiotorreri
823 1949 1062 1988 consuessent.
1116 1950 1292 1989 Tandem
1308 1962 1389 1988 mo-

346 2002 467 2042 larum
492 2001 571 2040 usus
591 2001 612 2039 a
635 2002 779 2051 Myleta
804 2002 877 2039 sive
900 2001 1067 2051 Mylante
1079 2010 1241 2048 repertus
1265 2001 1312 2038 est
1327 2029 1337 2045 2
1352 2010 1391 2039 ut

347 2052 542 2102 Pausanias
573 2052 707 2091 author
737 2052 786 2090 est
813 2054 849 2090 in
883 2052 1102 2095 Laconicis,
1131 2053 1168 2090 ἃ
1190 2052 1392 2100 Stephanus

348 2105 389 2143 in
411 2104 624 2150 Μυλειντὶςι,
675 2105 733 2141 Ac
765 2104 926 2152 primum
946 2103 1213 2152 jumentorum
1246 2103 1304 2140 vel
1324 2103 1393 2140 ser-

352 2166 491 2193 vorum
518 2166 632 2203 opera
658 2154 1000 2204 circumagebantur
1025 2168 1036 2198 ;
1081 2154 1180 2192 unde
1202 2154 1392 2203 pistrinum

354 2217 424 2256 pro
445 2216 559 2254 opere
581 2206 618 2243 &
643 2216 798 2243 munere
831 2206 987 2251 ingentis
1016 2205 1173 2249 laboris,
1205 2203 1393 2243 molestiae

355 2267 399 2295 ac
440 2256 583 2304 negotii
621 2255 733 2300 pleno
773 2254 975 2304 usurpatur.
1026 2256 1173 2294 Deinde
1209 2255 1392 2292 molarum

357 2308 592 2356 aquariarum
614 2306 694 2345 usus
714 2307 943 2355 excogitatus
969 2305 1017 2343 est
1034 2334 1044 2349 ,
1072 2307 1117 2343 de
1140 2318 1216 2356 quo
1238 2306 1392 2344 dubium

357 2358 432 2403 est,
460 2369 506 2396 an
523 2358 707 2396 veteribus
729 2361 839 2395 etiam
872 2358 1051 2395 Romanis
1084 2359 1252 2406 cognitus
1274 2358 1396 2395 fuerit.

356 2408 563 2457 Procopius
592 2410 691 2447 enim
730 2408 836 2446 tradit
866 2408 1082 2446 Belizarium
1103 2408 1292 2455 Justiniani
1314 2407 1396 2446 Du·

356 2471 442 2499 cem
462 2461 610 2498 Romae
633 2460 650 2497 a
671 2460 804 2497 Gothis
817 2457 975 2497 obsessae
989 2461 1171 2497 rationem
1194 2456 1397 2503 invenisse,

360 2518 405 2549 ut
433 2511 557 2549 molae
586 2511 863 2560 aqua‘agitatae
895 2511 1125 2548 frumentum
1161 2511 1398 2548 comminue-

359 2569 456 2601 rent.
509 2562 560 2599 At
576 2561 655 2610 jam
678 2573 802 2599 earum
825 2562 1045 2599 meminerat
1068 2561 1274 2610 Imperator
1291 2561 1397 2598 Zeno

361 2612 401 2651 in
425 2613 449 2651 1.
467 2611 725 2655 decernimus,
754 2617 794 2650 C.
819 2611 859 2648 de
882 2616 1012 2662 Aquae
1043 2613 1150 2649 ducta
1184 2612 1245 2650 lib.
1265 2624 1310 2649 11.
1339 2612 1399 2649 ubi

363 2674 424 2702 eas
445 2676 557 2713 aquae
569 2663 678 2700 molas
707 2662 874 2711 appellat.
929 2665 1013 2700 lmo
1036 2663 1170 2702 Plinius
1201 2663 1264 2701 lib.
1283 2675 1401 2700 xviri.

365 2725 445 2762 cap.
472 2727 530 2753 10.
557 2725 682 2752 earum
704 2714 936 2751 mentionem
956 2715 1042 2752 facit
1065 2715 1119 2752 his
1142 2714 1282 2752 verbis:
1314 2719 1398 2750 Ma·

359 2779 416 2813 Jor
433 2775 513 2813 pars
535 2765 661 2802 Italiae
690 2764 789 2801 ruido
817 2766 929 2801 utitur
953 2765 1045 2810 pilo,
1073 2766 1157 2803 rotis
1184 2765 1292 2803 etiam
1314 2778 1401 2814 quas

372 2829 467 2863 aqua
486 2817 596 2864 verset
609 2816 771 2856 obiter&
788 2815 910 2852 molat.
964 2815 1081 2853 Undo
1107 2817 1209 2854 Vido
1228 2817 1403 2854 Panciro-

361 2864 416 2904 lus
437 2868 493 2904 tit.
513 2878 574 2904 22.
612 2866 843 2904 libriRerum
859 2877 984 2904 recens
999 2867 1232 2905 inventarum
1258 2895 1268 2911 ,
1296 2867 1400 2906 usum

368 2927 495 2954 earum
519 2917 731 2966 aliquandiu
750 2917 1016 2962 intermistum,
1044 2917 1165 2964 postea
1187 2930 1278 2956 vero
1299 2917 1402 2955 aBe-

364 2967 488 3005 lisario
518 2976 739 3006 renovatum
777 2969 973 3007 existimat.
1025 2968 1221 3007 Saevior«.
1262 2975 1302 3006 In
1329 2969 1405 3005 ima

367 3017 508 3067 Regius
530 3020 567 3056 δε
587 3019 711 3057 PetaV.
733 3021 769 3056 ὃς
787 3021 954 3068 quinque
981 3019 1040 3057 alii
1061 3021 1096 3069 in
1108 3021 1346 3059 una.Sarrav.
1367 3021 1406 3057 &

363 3068 431 3107 'sex
452 3069 521 3107 alii.
549 3081 615 3117 pro
629 3071 793 3120 jactaque
814 3070 968 3119 lectaque
998 3070 1166 3108 Francof.
1194 3071 1270 3109 duo
1287 3071 1346 3109 alii
1367 3072 1408 3109 &

370 3123 489 3169 prima
511 3120 636 3158 editio.
666 3121 836 3159 Heinfius
860 3122 1070 3169 conjecerat
1089 3125 1295 3172 Fractaque.

424 3182 508 3220 575.
535 3176 646 3221 thue
674 3181 809 3220 patrem
841 3171 1053 3221 Sameram]
1109 3173 1260 3211 Sarneus
1289 3172 1400 3213 filiam

368 3221 660 3260 habuitnomine
679 3223 934 3261 Leucotheam
951 3251 960 3267 ,
974 3221 994 3260 a
1008 3223 1160 3262 Phoebo
1173 3223 1379 3263 adamatam
1392 3252 1405 3270 ,

371 3284 485 3322 quam
512 3273 561 3313 ob
591 3274 733 3313 causam
754 3282 854 3322 pater
881 3273 992 3324 ipsam
1020 3275 1177 3316 defodit.
1229 3275 1405 3316 Phoebus

2351 431 2452 488 Ut-

1414 600 1451 637 in
1473 599 1655 638 ultionem
1680 597 1823 647 puellae
1843 597 2020 635 Sameum
2053 597 2251 638 interfecit.
2305 600 2456 639 INTER-

1417 662 1526 687 PRES.
1566 651 1703 687 Purum
1731 657 1863 698 putum
1896 648 2132 697 figmentum.
2182 651 2453 690 sarviam-in

1417 701 1603 739 nonnullis
1630 699 1819 738 codicibus
1845 699 1893 737 sie
1920 700 2026 748 lego,
2057 711 2162 749 utque
2190 710 2324 749 patrem
2370 708 2456 750 Psa-

1419 751 1581 795 mathes,
1607 762 1704 800 quae
1733 751 1846 789 lectio
1879 753 1993 800 magis
2025 752 2209 798 probatur.
2264 754 2455 792 Psamatbe

1419 805 1520 840 enim
1551 802 1708 850 Crotopi
1739 802 1965 850 Argivorum
2000 802 2109 849 Regis
2137 800 2208 840 filia
2240 804 2332 850 fuit,
2361 816 2456 854 quae

1420 855 1599 900 quoniam
1623 865 1669 892 ex
1693 853 1876 901 Apollinis
1899 852 2107 902 compressu
2130 852 2244 892 filium
2268 853 2459 904 peperisset

1424 905 1561 942 Linum
1587 905 1768 950 nomine,
1791 902 1887 953 jussu
1910 907 2017 952 patris
2046 904 2108 942 sibi
2138 916 2300 944 mortem
2323 907 2462 944 consci-

1423 957 1486 993 vit,
1521 955 1602 1004 lege
1631 956 1787 993 Statium
1822 957 1858 992 ὅ(
1889 958 1965 1004 ejus
1989 959 2304 994 commentarium
2339 957 2463 996 lib.11.

1424 1007 1545 1044 Theb.
1576 1008 1638 1051 qui
1663 1016 1788 1044 tamen
1810 1005 1968 1054 Crotopi
1980 1007 2024 1044 ab
2045 1007 2220 1056 Apolline
2243 1009 2460 1057 interempti

1423 1058 1560 1097 nullam
1586 1058 1725 1095 faciunt
1748 1058 1996 1095 mentionem.
2049 1059 2201 1096 Consr.
2232 1059 2324 1097 Fau.

1476 1121 1516 1157 ς’]
1527 1122 1558 1157 5.
1586 1113 1695 1158 thue
1707 1118 1845 1157 patrem
1858 1106 2071 1157 Psamathes.
2084 1108 2100 1158 ]
2113 1109 2154 1147 In
2167 1110 2311 1148 Aldinis
2321 1110 2466 1159 legitur.

1426 1169 1465 1198 ut
1486 1159 1532 1197 de
1552 1161 1722 1209 Crotopo
1747 1159 1950 1198 Psamathes
1972 1169 2099 1207 patre,
2127 1161 2230 1210 cujus
2252 1160 2466 1200 crudelitate

1429 1213 1547 1249 Linus
1579 1211 1697 1248 infans
1741 1208 1924 1258 expositus
1950 1238 1959 1255 ,
1999 1211 2036 1248 &
2058 1209 2079 1248 a
2103 1213 2250 1250 canibus
2285 1212 2462 1251 laceratus

1438 1263 1529 1305 fuit,
1558 1262 1792 1311 intelligatur.
1845 1261 1890 1299 Et
1909 1263 2003 1300 hanc
2022 1262 2226 1300 lectionem
2249 1264 2359 1301 etiam
2383 1277 2468 1312 pro-

1438 1313 1596 1351 babilem
1631 1314 1717 1350 facit
1735 1313 1770 1350 id
1800 1312 1902 1361 quod
1929 1313 2045 1350 statim
2077 1313 2237 1362 sequitur
2256 1314 2302 1352 de
2324 1315 2470 1353 Coroe-

1439 1365 1487 1402 bo
1503 1393 1512 1408 ,
1540 1364 1585 1402 de
1605 1375 1681 1413 quo
1705 1363 1889 1401 Pausanias
1910 1365 1945 1401 in
1966 1363 2097 1403 Atticis
2126 1377 2203 1412 cap.
2223 1362 2347 1414 43,'in
2369 1367 2470 1403 hunc

1439 1415 1596 1454 modum
1631 1414 1772 1453 scribit:
1801 1415 1874 1453 E'nl
1912 1413 2074 1467 Kgoraiorx
2117 1416 2249 1462 λέγεν-ιν
2286 1421 2314 1456 ὲν
2359 1414 2469 1466 Α”ργει

1440 1469 1691 1516 βασιλέυοντζῷυ
1712 1498 1722 1517 ‚
1764 1468 1938 1519 *Pocpcot'sslw
1957 1466 2024 1508 n'cci
2043 1470 2213 1522 Kgoraizra
2237 1475 2337 1510 τεκέῖν
2355 1471 2470 1510 aazia

1440 1526 1472 1570 ἒξ
1500 1524 1727 1570 Α’πόλλωνος,
1757 1524 1922 1574 ἐχομένίω
1952 1525 1983 1563 δὲ
2009 1528 2155 1578 Ξα-χυξῶς
2175 1529 2233 1563 τοῦ
2257 1529 2387 1578 πατζὶς
2405 1525 2474 1565 Bel·

1441 1596 1532 1630 ματ-ι
1550 1611 1557 1625 ,
1589 1578 1618 1618 >5-
1636 1577 1748 1617 maiia
1768 1580 1913 1618 ε’κθεῖνοιι.
1951 1585 1982 1633 59
2004 1578 2099 1630 &7⁴9ss
2118 1578 2334 1634 διαφθείρει-ιν
2353 1582 2472 1621 ἐπιτυ-

1443 1636 1555 1685 χόντες
1577 1634 1612 1672 ἔκ
1648 1638 1705 1676 τῖς
1734 1635 1870 1684 ποίμνης
1897 1634 2062 1676 auhsau&
2083 1636 2262 1687 Kgoroiaw,
2294 1637 2475 1675 A'm'aam

1444 1689 1474 1728 δὲ
1495 1691 1655 1740 Α’ςγειόις
1690 1689 1722 1730 ἐς
1754 1689 1821 1728 rba)
1849 1690 1945 1728 πόλιν
1975 1692 2104 1740 πέμπει
2139 1687 2282 1734 umba,
2311 1690 2471 1742 vallo-bas,

1443 1742 1504 1785 τὲς
1526 1743 1656 1786 adstas
1676 1744 1746 1782 ἐπὶ
1768 1746 1798 1785 512
1819 1747 1964 1796 μητέξων
1983 1750 2087 1793 φασιν
2107 1744 2293 1798 ἁρπάζειν,
2323 1746 2351 1787 ἐς
2370 1746 2385 1784 “ο’
2406 1747 2478 1786 Kv'·

1443 1797 1564 1853 3⁰⁴3&
1583 1799 1611 1841 ἔς
1621 1796 1720 1851 χάριν
1740 1799 1897 1850 Α’ργείοις
1906 1799 2021 1849 (poteria
2035 1798 2090 1842 τῆν
2100 1797 2391 1849 Ποίνῆν.Φονευ’σ-κς
2401 1801 2445 1844 δὲ,
2460 1801 2480 1840 8⁹

1444 1852 1514 1906 ‘yoig
1532 1854 1605 1893 οἱνίει
1617 1858 1709 1910 σφξίς
1720 1851 1854 1908 demiges
1875 1856 2080 1894 ἐπιπεσοῦσα
2092 1856 2195 1898 teir&
2206 1853 2381 1905 horpaldlne
2395 1888 2404 1906 7
2416 1858 2480 1895 Ko'.

1445 1916 1568 1964 gand&
1579 1908 1750 1950 ἐκῶνῆλθεν
1770 1910 1799 1951 ἐς
1809 1908 1978 1959 Aeneade,
2010 1911 2132 1959 ὖφέξων
2149 1910 2247 1952 δίκας
2277 1914 2323 1960 τᾷἶ
2351 1916 2404 1962 θεῷ
2423 1914 2481 1950 τοῦ

1446 1965 1524 2011 <olis
1537 1966 1593 2005 τῖς
1613 1968 1735 2005 Homic-
1763 1961 1907 2015 ἔιςμῖῥὸἒ
1923 1965 2060 2014 Α’ργῷυ
2072 1966 2262 2018 εἷνκςξέφετν
2282 1965 2322 2004 ἐκ
2342 1969 2392 2006 ε’ίοι
2413 1976 2480 2004 Ho-

1447 2023 1513 2058 θέοι.
1532 2018 1676 2070 τρίποδα
1686 2018 1718 2056 δὲ
1738 2018 2005 2071 οἷςοῖμῖμονφέξειν
2026 2021 2177 2060 ἕκέλευκν
2197 2022 2235 2059 ἐκ
2259 2022 2319 2057 τοῖ
2340 2023 2428 2071 ἱεροῦ.
2444 2026 2477 2072 253

1444 2074 1515 2112 ’ἔνθα
1539 2071 1579 2113 οἶν
1611 2074 1738 2126 ἐκπέσῃ
1765 2075 1791 2113 oi
1822 2074 1947 2127 epigoni
1970 2075 1984 2112 ὅ
2013 2076 2153 2126 τρία-ες,
2183 2075 2322 2113 ἐνταῦθα
2346 2084 2374 2114 A
2390 2076 2480 2113 πόλ-

1446 2136 1561 2172 λωνῶυ
1579 2128 1795 2179 οὶκοδομῖπιι
1816 2133 1906 2177 νειὸν,
1940 2131 1998 2167 nal
2019 2130 2118 2167 dura»
2139 2132 2271 2170 οἶκΞο-αιι
2285 2159 2297 2181 ,
2328 2129 2482 2168 &ovi-

1450 2185 1512 2222 des
1540 2187 1632 2220 haec
1663 2195 1725 2231 per
1755 2185 1884 2221 omnia
1918 2186 2120 2221 convenire
2152 2183 2238 2221 huic
2268 2186 2356 2221 loco
2378 2211 2389 2228 ,
2416 2180 2484 2219 nisi

1449 2235 1552 2284 quod
1573 2233 1618 2270 de
1642 2234 1791 2271 interitu
1809 2245 1850 2271 ac
1868 2233 1980 2270 caede
2011 2233 2169 2282 Crotopi
2196 2235 2341 2272 mentio
2363 2241 2486 2283 aperte

1450 2286 1546 2323 nulla
1578 2283 1628 2322 fir.
1680 2284 1889 2322 Verisimile
1927 2291 2051 2322 autern
2085 2285 2133 2322 est
2155 2313 2163 2328 ‚
2202 2286 2240 2322 &
2272 2286 2484 2333 Crotopum

1452 2336 1583 2375 eadem
1614 2336 1684 2373 hac
1715 2336 1813 2383 peste
1832 2363 1843 2379 ‚
1880 2344 1942 2372 aut
1973 2336 2083 2372 etiam
2124 2335 2167 2373 ab
2186 2335 2260 2383 ipso
2290 2336 2488 2384 Apolline,

1452 2388 1536 2425 neci
1558 2386 1708 2425 datum:
1739 2388 1777 2424 &
1798 2386 1842 2423 ab
1861 2385 1996 2424 eodem
2027 2395 2132 2424 antea
2161 2386 2269 2424 filiam
2290 2388 2340 2425 ob
2355 2388 2486 2426 vitium

1453 2437 1618 2476 oblatum
1642 2438 1901 2485 interemptam
1918 2465 1929 2483 ‚
1956 2436 2234 2475 alicubileetum
2258 2437 2342 2477 esse.
2373 2438 2490 2487 quue

1453 2489 1515 2527 hic
1534 2487 1716 2528 Ovidium
1737 2488 1915 2526 secutum.
1978 2488 2156 2526 Micrrr.
2192 2489 2401 2537 Crotopum
2418 2493 2488 2527 Ar-

1457 2540 1631 2588 givorum
1652 2540 1821 2587 Regem,
1849 2540 1952 2588 cujus
1980 2538 2051 2577 filia
2072 2540 2261 2577 Psamathe
2282 2540 2418 2576 Linum
2441 2553 2487 2578 ex

1456 2590 1633 2639 Apolline
1690 2591 1784 2629 clam
1846 2597 2036 2639 pepererat
2066 2616 2076 2634 ‚
2136 2601 2248 2638 quem
2302 2590 2493 2639 negligen-

1455 2642 1505 2679 tia
1558 2641 1740 2690 pastorum
1775 2669 1786 2686 ,
1848 2639 1945 2689 apud
1998 2650 2092 2687 quos
2155 2640 2369 2678 educaretur
2409 2669 2420 2686 ,
2467 2640 2490 2680 a

1458 2691 1604 2730 canibus
1631 2691 1847 2740 discerptum
1872 2691 1971 2738 supra
1992 2690 2151 2728 diximus
2182 2690 2227 2727 ad
2252 2692 2392 2730 versum
2408 2692 2498 2736 482.

1459 2744 1647 2790 Crotopus
1680 2743 1832 2789 cognito
1867 2741 1961 2779 filiae
1994 2748 2096 2786 partu
2124 2741 2235 2789 ipsam
2258 2753 2379 2781 morte
2401 2744 2490 2781 affe-

1458 2795 1532 2839 cit,
1562 2802 1601 2830 ut
1622 2794 1719 2831 canit
1739 2793 1910 2842 Papinius
1937 2790 1996 2830 lib.
2017 2804 2044 2831 ι,
2073 2792 2311 2840 Thebaidos,
2341 2796 2489 2845 59o.his

1460 2843 1641 2884 versibus:

1689 2920 1754 2958 Hic
1774 2933 1855 2958 vero
1877 2919 2048 2958 attonitas
2068 2931 2107 2958 ut
2124 2921 2271 2958 nuntius
2290 2935 2391 2959 aures

1512 2971 1648 3010 Matris
1679 2971 1758 3008 adit
1776 2999 1786 3017 ,
1821 2971 1906 3021 pulss
1935 2985 1976 3009 ex
1998 2972 2115 3010 animo
2133 2974 2332 3022 genitorque
2361 2973 2491 3023 pudora-

1586 3037 1672 3071 que,

1510 3079 1558 3112 Et
1581 3085 1712 3117 metus,
1744 3074 1814 3123 ipsa
1837 3074 1932 3111 ultro
1943 3073 2059 3124 saevis
2072 3071 2295 3123 plangoribus
2312 3087 2433 3112 amens

1513 3128 1615 3164 Tee‘la
1651 3125 1753 3175 replet
1775 3153 1787 3171 ‚
1833 3137 2055 3173 vacuumque
2081 3124 2202 3170 ferens
2237 3125 2410 3164 velamine
2433 3136 2492 3177 pe-

1587 3180 1661 3213 elas

1511 3228 1670 3265 Occurrit
1691 3228 1829 3278 confessa
1847 3225 1943 3277 patri
1955 3241 1965 3269 ;
1996 3238 2052 3263 nec
2073 3235 2207 3271 motus,
2235 3236 2273 3262 at
2294 3238 2370 3264 atro

1513 3285 1689 3331 Imperat,
1715 3279 1931 3328 infandum,
1958 3276 2147 3327 cupientem
2172 3278 2366 3317 occumbere
2392 3278 2493 3368 Igho.

2443 3341 2493 3369 vi-
