2547 3708
581 167 1496 221 PRAEFATIONEs
2036 174 2144 249 1&

24 285 109 337 que
129 269 249 315 enim
275 274 392 329 puto
408 295 423 320 ‚
456 260 534 310 vel
555 259 931 325 Philosophiam,
966 261 1040 308 vel
1066 262 1256 322 Poe'fin,
1290 265 1363 312 vel
1389 265 1614 313 stellarum
1648 266 1804 314 obitus
1836 280 1971 332 atque
1995 286 2124 320 ortus

23 343 117 389 eam
137 330 310 378 docuit.
376 327 441 374 Et
463 325 588 389 quod
619 325 792 389 aliquid
815 324 972 373 vidiss‘e
996 324 1036 372 se
1059 327 1294 390 deplorat,
1330 331 1460 376 variis
1498 332 1953 395 interpretationibus
1989 353 2123 385 occa-

22 399 190 447 fionem
212 392 351 441 dedit.
420 395 491 438 Ac
525 389 706 437 fortasse
732 390 886 439 velum
917 390 1013 449 vest,
1050 407 1144 454 quo
1182 393 1378 441 dedecus
1410 395 1635 442 involvit:
1671 414 1727 444 ne
1755 397 1786 444 fi
1813 400 1987 444 crimen
2021 417 2125 463 prae

19 462 249 519 referret,
272 456 416 520 magis
439 456 667 514 irritaret,
702 471 837 520 quem
862 454 923 502 fic
958 457 1058 502 satis
1085 454 1322 504 offendiss'e
1355 459 1611 507 videbatur.
1682 462 1960 522 Caeterum,
1994 478 2124 511 auto-

23 529 81 575 ris
104 526 237 589 hujus
252 557 267 581 ‚
300 535 394 568 tam
419 520 620 567 defensio
644 537 779 584 quam
803 520 1171 581 commendatio,
1205 524 1352 569 autori
1375 524 1667 588 relinquenda
1689 527 1767 573 est.
1836 527 1992 587 Qam
2016 546 2125 593 pro-

21 591 154 639 lixius
179 587 396 645 tra-stare,
431 599 509 632 aut
536 585 681 632 ociofi
712 597 789 632 aut
820 585 1115 649 ineptienti53
1152 586 1236 634 tibi
1263 601 1415 634 autem
1449 591 1799 651 commendare,
1835 593 2022 655 ingenio
2049 596 2127 657 ju-

23 655 237 716 dicioque
262 665 345 699 tuo
373 649 620 697 diffidentis
650 648 729 696 est.
777 665 883 695 cum
921 665 1025 712 prae
1061 651 1140 697 illo
1175 653 1370 699 alterum
1405 655 1485 700 vix
1511 654 1758 702 admireris.
1831 658 1944 703 illud
1973 673 2125 722 petere

21 720 192 777 aude0,
227 729 280 763 ut
315 731 413 762 mea
447 713 574 762 causa
610 715 752 777 magis
788 714 1163 761 commendatum
1204 715 1388 773 habeas,
1422 735 1557 780 quern
1595 722 1969 768 commendatum
2006 725 2126 770 inter

22 785 196 848 primos
220 782 392 844 semper
416 778 639 827 habuisti:
676 791 753 825 aut
779 780 915 840 quem
939 777 1064 842 fiiepe
1089 780 1304 827 haetenus
1340 783 1489 845 legisti
1505 817 1520 842 ,
1558 783 1588 830 fi
1611 802 1704 831 non
1733 785 1900 849 saepius
1916 821 1931 846 ‚
1966 788 2124 834 luben-

20 852 110 895 tius
135 862 258 894 nunc
281 848 412 909 legas.
459 843 575 891 Vale
594 843 732 889 decus
757 843 981 889 nostrum.
1019 844 1177 907 Lugd.
1201 847 1305 892 Bat.
1336 849 1479 893 Anno
1506 849 1841 897 clolacxxrx.
1877 852 1993 914 prid.
2018 852 2122 899 Kal.

25 914 170 960 Mart.
1002 913 1006 916 ’

343 1024 548 1074 NIC.
616 1025 1082 1073 HEINSII
1152 1027 1804 1080 DEDICATIO

745 1132 849 1165 ante
875 1089 1227 1165 Editionemfiss
1261 1128 1428 1182 1652.·
1564 1085 1569 1090 ὓ

27 1213 2004 1319 QcflnrsTiNAE-AUGUSTAE.

30 1350 582 1470 PUblium'Ovidium
608 1352 845 1401 Nasonem
881 1353 1087 1402 coelestis
1119 1355 1292 1421 ingenii
1325 1357 1624 1421 scriptorem,
1659 1358 1944 1414 AuousrA,
1978 1371 2029 1402 ac
2062 1356 2128 1402 ino

81 1463 84 1469 .
144 1419 474 1483 comparabiles
500 1417 738 1466 Musarum
761 1419 944 1467 delicias
966 1419 1084 1467 Tibi
1112 1420 1232 1468 fisto.
1267 1420 1425 1480 Qem
1451 1440 1539 1488 ego
1565 1425 1752 1486 poetam
1778 1421 1889 1467 dum
1906 1420 2032 1471 inter
2054 1437 2130 1466 an-

28 1489 180 1550 tiquos
203 1500 364 1531 omnes
389 1485 686 1547 praecipuea
708 1485 872 1532 teneris
897 1484 1127 1545 admiror,
1163 1486 1212 1533 δί
1238 1490 1466 1550 frequenti
1492 1488 1690 1535 letitione
1724 1485 1990 1532 familiarem
2015 1484 2129 1530 mihi
2193 1498 2199 1503 ·

30 1550 197 1610 reddo‚'
227 1566 321 1596 non
355 1548 448 1596 {ine
487 1558 653 1613 magna
681 1547 807 1613 saepe
844 1548 1165 1614 indignatione
1197 1552 1317 1597 inter
1352 1552 1597 1616 legendum
1635 1549 1951 1615 deprehendi,
1984 1550 2133 1595 naevis

33 1620 174 1682 prope
199 1613 395 1662 infinitis
414 1613 652 1662 foedatum
676 1614 731 1660 ad
755 1630 837 1661 nos
861 1616 1123 1677 pervenisse.
1183 1617 1318 1662 Hanc
1343 1618 1461 1664 tanti
1486 1616 1682 1664 auetoris
1706 1615 2008 1662 calamitatem
2033 1630 2136 1676 par·

31 1682 116 1729 tim
139 1680 273 1726 inerti
296 1680 463 1744 longae
485 1678 722 1726 vetustatis
744 1694 885 1743 opera
920 1677 964 1732 (a
988 1697 1076 1745 qua
1103 1680 1219 1727 nihil
1244 1680 1356 1728 solet
1382 1682 1467 1729 effe
1491 1681 1665 1737 tutum)
1701 1679 1981 1727 conti-abiam
1998 1712 2013 1738 ‚
2035 1694 2134 1742 par-

29 1746 115 1794 tim
141 1745 429 1792 librariorum
454 1743 768 1807 imputandam
795 1742 1025 1805 inscitiae,
1058 1746 1169 1792 dum
1193 1746 1472 1809 exemplaria
1501 1759 1798 1811 properanter
1821 1745 1954 1790 nimis
1980 1760 2031 1789 ac
2057 1759 2134 1806 pa-

33 1827 132 1857 rum
157 1821 331 1856 attente
352 1811 407 1856 ab
431 1808 698 1856 hominibus
719 1810 929 1855 omnium
953 1811 1242 1857 venustatum
1271 1812 1438 1874 ignaris
1451 1825 1502 1858 ut
1526 1812 1773 1874 plurimum
1797 1808 2133 1866 describuntur,

31 1876 220 1922 minime
239 1873 469 1920 ferendam
495 1887 617 1921 ratus
641 1872 737 1919 sum
756 1889 974 1936 :eamque
997 1876 1074 1938 qui
1103 1875 1232 1921 omni
1259 1876 1407 1923 studio
1432 1876 1487 1923 fit
1510 1875 1688 1923 amoliri
1712 1885 1901 1920 conatus
1917 1906 1932 1930 ‚
1967 1875 2014 1918 in
2034 1884 2135 1918 tan-

35 1952 87 1986 to
112 1937 216 2001 post
239 1950 412 1983 renatas
426 1938 572 1984 literas
593 1937 840 1984 domitorum
863 1948 1058 1985 numero
1079 1939 1477 1998 defuiffe‚mirum
1502 1940 1645 1986 videri
1663 1940 1767 2001 jure
1792 1935 1939 1999 poffit.
1977 1935 2135 1994 Qiot-

35 2005 151 2067 quot
177 1999 299 2048 enim
335 2017 518 2048 manum
553 2001 784 2064 praeclaro
810 2002 903 2048 vati
926 2003 1198 2066 interpretes
1230 2003 1450 2067 superiori
1486 2004 1789 2050 admoverunt
1817 2000 2020 2059 saeculo,
2054 2012 2134 2046 aut

37 2066 352 2131 persuncfftorie
375 2066 511 2112 nimis
534 2078 671 2129 atque
693 2064 812 2111 aliud
839 2065 1016 2129 agendo
1044 2068 1153 2113 huic
1189 2084 1322 2114 curae
1348 2064 1658 2116 ‘incubuerunt
1676 2100 1691 2123 ,
1723 2078 1800 2112 aut
1835 2077 2009 2126 partem
2035 2076 2135 2110 tan-

37 2145 138 2179 tum
165 2146 298 2177 unam
332 2131 610 2192 alteramque
641 2131 849 2192 corporis
877 2130 1174 2193 pulcherrimi
1215 2132 1549 2196 proposuerunt
1578 2130 1659 2178 fibi
1686 2128 2021 2186 illustrandam,
2057 2141 2138 2175 aut

39 2197 259 2260 denique,
294 2193 474 2257 insuper
506 2193 659 2241 habita
682 2207 891 2241 veterum
925 2196 1259 2258 exemplarium
1284 2197 1582 2256 austoritatQ
1615 2195 1670 2240 ad
1694 2210 1828 2258 quam
1863 2191 2138 2254 confugien-

38 2261 149 2308 dum
172 2259 366 2308 omnino
391 2272 515 2317 erat,
543 2258 576 2306 fi
604 2274 691 2321 qua
716 2257 961 2304 difficultas
986 2260 1071 2311 illis
1094 2275 1356 2308 occurreret
1380 2275 1458 2308 aut
1480 2262 1683 2308 haereret
1707 2275 1822 2321 aqua
1843 2258 1890 2304 in
1913 2257 2028 2303 locis
2055 2257 2139 2302 mi-

0 2367 1 2370 ,
40 2327 164 2372 nime
189 2323 434 2388 perspicuis
459 2322 708 2385 inscitaque
733 2322 808 2369 illa
833 2323 1119 2371 librariorum
1143 2325 1327 2371 audacia
1348 2325 1634 2389 interpolatis
1649 2360 1659 2379 ,
1678 2323 1937 2369 maluerunt
1960 2334 2138 2378 tamen,

0 2391 2 2451 j
42 2389 214 2436 solenni
237 2388 331 2435 fere
354 2388 566 2434 omnium
586 2402 766 2446 errore,
800 2403 882 2449 per
907 2386 991 2434 hos
1010 2387 1200 2436 elustari
1234 2389 1473 2454 scopulos,
1506 2390 1647 2453 longe
1668 2385 1877 2450 quaesitis
1902 2401 1953 2431 ac
1974 2386 2140 2448 jejunis

0 2453 4 2564 ι
46 2452 527 2516 interpretationibus,
561 2468 656 2499 non
679 2450 769 2497 fine
792 2450 1054 2515 naufragio,
1089 2470 1226 2517 quam
1249 2469 1330 2518 per
1349 2468 1558 2517 apertum
1579 2469 1748 2515 aequor
1768 2463 1868 2498 tuta
1888 2451 2141 2516 navigatio-

45 2534 102 2565 ne
123 2518 375 2564 decurrere.
441 2518 480 2563 F
484 2529 649 2563 uerunt
681 2515 818 2562 etiam
832 2510 923 2580 hui
946 2518 1134 2581 ingenio
1159 2517 1239 2566 suo
1271 2517 1467 2566 nimium
1496 2518 1713 2575 fidentes,
1747 2513 2110 2577 conje&urarum
2126 2547 2141 2572 ‚

47 2586 160 2645 q'uae
191 2597 258 2628 res
289 2581 465 2628 lubrica
486 2582 697 2640 maxime
724 2580 771 2626 ὃς
793 2582 991 2641 incerta,
1026 2583 1301 2644 medicinam
1337 2585 1619 2631 temerariam
1652 2582 1705 2628 ad
1732 2593 1878 2644 partes
1904 2580 2111 2624 vocarint
2128 2611 2143 2636 ,

44 2646 156 2693 dum
179 2659 384 2694 veterum
418 2647 750 2709 exemplarium
786 2645 1148 2694 evolvendorum
1179 2648 1411 2707 laborem,
1446 2650 1678 2711 ingratum
1715 2646 1908 2702 merim,
1941 2642 2139 2689 aversan-

50 2723 143 2758 tur.
191 2710 339 2757 Aliam
367 2711 482 2756 mihi
507 2727 557 2757 ac
580 2711 721 2774 longe
741 2709 961 2757 diversam
985 2712 1121 2774 selegi
1145 2714 1294 2772 viam,
1330 2715 1581 2761 AUGUSTA
1596 2734 1611 2768 3
1650 2727 1734 2758 nec
1755 2710 1996 2772 quicquam
2023 2708 2144 2767 prius

51 2775 190 2822 habui
216 2785 293 2819 aut
313 2776 572 2839 antiquius)
606 2791 740 2837 quam
772 2775 976 2821 vetustos
1003 2778 1170 2841 poetae
1201 2778 1343 2825 nostri
1368 2776 1550 2824 codices
1574 2776 1598 2822 e
1627 2773 1955 2838 pulverulentis
1975 2771 2142 2816 biblio-

56 2841 295 2887 thecarum
320 2838 500 2884 latebris
532 2855 613 2901 per
645 2841 783 2885 varias
810 2840 1023 2902 Europae
1057 2855 1203 2905 partes
1232 2859 1416 2902 eruere,
1452 2842 1498 2887 ἃ
1521 2858 1627 2887 cum
1653 2838 1847 2900 vulgatis
1871 2835 2145 2881 editionibus

4 2921 10 3146 ἱ
55 2903 301 2967 diligenter
323 2903 630 2949 committere.
700 2904 810 2949 Nec
833 2903 1162 2966 poenitendum
1183 2906 1355 2953 laboris
1373 2907 1568 2954 'maximi
1591 2905 1686 2950 sum
1708 2902 1904 2949 fruftum
1930 2898 2144 2946 consecu-

58 2979 160 3025 tus,
192 2967 351 3013 sanatis
388 2966 585 3012 feliciter
620 2967 732 3012 locis
768 2968 1004 3031 plurimis,
1038 2973 1085 3018 in
1110 2971 1275 3022 quibus
1307 2973 1394 3018 viri
1429 2968 1785 3035 praestantissimi
1823 2966 1869 3012 δί
1902 2965 2039 3027 longe
2075 2979 2146 3009 me
2210 2994 2215 2998 -

62 3028 287 3078 doftiores
310 3031 534 3077 solertiam
560 3029 679 3076 suam
708 3030 867 3090 frustra
887 3023 1204 3083 exercuiffemss
1252 3037 1604 3098 Nonnunquam
1626 3035 1793 3092 etiam,
1827 3029 1896 3077 sed
1925 3044 2056 3092 parce
2078 3027 2146 3072 so-

8 3155 10 3158 *
61 3095 276 3159 bneque,
309 3096 388 3142 ubi
412 3095 459 3140 in
480 3096 676 3157 antiquis
700 3096 1114 3149 membranisnihil
1140 3100 1344 3163 praefidii
1378 3099 1623 3162 apparebat
1658 3102 1673 3149 (
1686 3096 1786 3144 sunt
1817 3096 1936 3141 enim
1962 3091 2147 3138 mendae

8 3171 11 3203 1
62 3175 155 3206 non
180 3171 290 3206 raro‘
312 3174 403 3207 tam
430 3161 734 3219 inveteratae,
769 3173 822 3206 ut
849 3162 901 3207 ad
931 3163 1135 3224 :ipsorum
1161 3166 1376 3228 proxime
1409 3163 1649 3210 auftorum
1675 3175 1866 3208 aetatem
1899 3153 2143 3209 accedant)

10 3235 12 3248 *
62 3224 336 3288 conjeeturis
361 3224 583 3285 admotis,
617 3241 700 3272 nec
728 3224 971 3275 audacibus
992 3242 1147 3277 tamen
1167 3231 1281 3290 illis,
1304 3231 1458 3282 literae
1477 3227 1748 3291 plerumque
1770 3225 1900 3273 unius
1921 3235 2054 3284 atque
2076 3218 2144 3291 al-

1275 3293 1325 3340 Χ
1358 3308 1387 3340 2
2017 3296 2151 3330 terius
