2547 3708
726 124 788 182 P.
863 119 1272 181 OVIDII

1345 120 1878 192 NASONIS

367 244 467 301 175
505 227 563 286 In
585 228 703 285 loca
730 225 794 280 ab
822 224 1009 297 Elysiis
1032 223 1239 279 diversa
1260 223 1517 296 fugabere
1547 226 1779 296 campis;

586 302 845 374 Quasque
875 311 1062 353 tenent
1090 297 1238 353 sedes
1261 299 1420 353 noxia
1443 297 1627 362 turba,
1665 300 1827 355 coles,

518 374 767 447 Sisyphus
790 373 865 426 est
888 372 993 426 illic
1017 372 1198 427 saxum
1228 373 1560 443 volvensque
1587 385 1913 445 petensque,

581 448 803 521 Quique
828 445 1002 516 agitur
1028 444 1247 517 rapidae
1272 444 1482 500 vinetus
1510 444 1574 500 ab
1597 444 1728 507 orbe
1754 459 1921 501 rotae.

505 522 771 595 Quaeque
798 531 990 589 gerunt
1018 519 1255 573 humeris
1281 518 1543 589 perituras
1568 516 1782 573 Belides
1805 518 2004 586 undas,

367 595 470 654 130
584 591 790 649 Exsulis
814 590 1072 662 AEgypti‚
1112 590 1266 644 turba
1293 603 1542 654 cruenta,
1584 607 1764 647 nurus,

510 668 679 725 Poma
704 676 852 736 pater
884 665 1094 735 Pelopis
1119 663 1415 735 praesentia
1437 664 1674 735 quaerit,
1712 665 1766 718 &
1795 664 1942 720 idem

589 740 811 811 Semper
835 750 959 810 eget
985 737 1222 811 liquidis,
1260 736 1467 810 semper
1492 736 1724 792 abundat
1748 738 1911 811 aquiS.

223 944 279 983 cia
304 939 540 982 inexorabilia
551 939 700 978 miseros
723 947 899 978 maneant
923 945 1115 982 mortuos,
1146 936 1184 975 &
1199 934 1268 974 alia

225 996 300 1043 iam
338 994 425 1033 inde
462 991 506 1030 ab
534 994 689 1039 antiquo
713 991 940 1030 execrandos
971 992 1008 1029 &
1038 987 1268 1027 detestandos

222 1040 456 1089 exercentur,
485 1054 573 1091 quas
595 1041 666 1090 ipse
688 1054 825 1090 poenas
845 1042 1009 1081 absurdas
1030 1048 1155 1078 vocat.
1184 1039 1269 1077 No-

228 1096 281 1137 bis
304 1094 511 1135 Christianis
525 1093 827 1132 dubitandilocus
848 1105 926 1132 non
948 1092 1009 1132 est.
1046 1091 1217 1129 SALVAG.

275 1157 359 1197 175.
389 1145 594 1195 fugabam]
626 1145 786 1182 Vocabere
807 1145 960 1183 Moreti.

280 1200 364 1245 176.
391 1201 559 1247 Qasque
575 1206 667 1234 tenet
678 1196 774 1245 sedes
796 1197 900 1234 noxia
919 1194 1024 1233 turba
1038 1222 1047 1237 .
1060 1191 1183 1243 cole5.]
1214 1190 1274 1230 Sic

225 1250 408 1299 populum
434 1251 651 1288 Romanurn
672 1249 830 1286 Tiberio
849 1256 1002 1286 mortuo
1023 1246 1270 1294 imprecatum

225 1301 349 1350 prodit
361 1300 768 1348 Suetoniuslocosupra
792 1300 918 1338 citato:
933 1305 1020 1336 Pars
1036 1309 1169 1335 terram
1191 1306 1270 1332 ma-

228 1363 320 1389 trem
334 1357 487 1401 Deosque
499 1364 618 1389 manes
634 1361 774 1389 orarent
785 1378 796 1395 ‚
826 1363 866 1388 ne
878 1361 1012 1388 mortuo
1031 1348 1143 1394 sedem
1156 1346 1269 1384 ullam

228 1402 295 1450 nist
304 1403 397 1441 inter
407 1403 523 1454 impios
544 1402 684 1442 darent.
712 1403 894 1451 Idemque
905 1401 952 1440 de
973 1400 1146 1438 Gallieno
1159 1399 1271 1437 refert

227 1454 402 1493 Aurelius
411 1454 545 1493 Vitstor
560 1481 570 1499 ‚
581 1455 636 1494 his
651 1454 788 1493 verbis:
807 1459 900 1490 Cum
912 1454 1053 1490 inruens
1061 1449 1188 1500 vulgus
1195 1448 1274 1499 pari

229 1505 378 1542 clamore
396 1516 530 1543 terram
551 1517 704 1545 matrem
758 1511 912 1555 Deosque
930 1505 1055 1551 inferos
1076 1511 1276 1552 precaretur

222 1557 316 1604 sedes
338 1556 463 1602 impias
488 1555 543 1594 uti
575 1559 733 1596 Gallieno
762 1557 902 1595 darent.
957 1557 1085 1603 Quam
1108 1553 1194 1590 ideo
1222 1551 1276 1591 se-

228 1607 314 1645 dem
339 1609 498 1648 Ovidius
520 1607 581 1646 lib.
604 1623 651 1649 11.
680 1608 934 1655 Metamorph.
959 1605 1130 1644 Tibullus
1155 1604 1218 1642 hb,
1242 1616 1272 1642 ι.

230 1659 334 1707 Eleg.
359 1672 422 1698 ιιι.
449 1660 657 1699 sceleratam
684 1668 844 1704 vocant,
871 1658 1046 1709 Virgilius
1066 1655 1275 1706 sceleratum

228 1709 348 1749 limen.
376 1710 574 1750 SALVAGN.

288 1763 373 1808 176.
401 1767 506 1800 Tenet
525 1764 629 1802 noxia
649 1764 789 1810 turha.]
818 1760 1057 1800 Tenentidem
1071 1759 1278 1799 ServiiCo-

230 1811 303 1851 dex
332 1814 370 1851 &
393 1813 589 1852 oetavian.
617 1816 656 1852 δε
677 1816 793 1862 prima
823 1814 954 1851 editio.
990 1813 1139 1850 Haxas.
1167 1811 1278 1859 Impia

230 1862 336 1901 aurbu
348 1864 541 1902 Mediceus
565 1865 691 1903 &duo
703 1865 773 1905 alii.
801 1876 933 1915 quoque
953 1873 1044 1902 tenet
1071 1862 1278 1912 Edit.Gry-

230 1914 309 1964 phii
328 1915 447 1963 major
465 1916 501 1952 δε
514 1916 717 1954 Vincentii.

288 1976 371 2012 177.
397 1965 606 2014 Sisyphusest
624 1965 732 2015 illia]
762 1965 830 2003 Iste
854 1966 941 2015 quia
959 1966 1122 2004 Dianam
1144 1966 1190 2004 de
1207 1965 1280 2003 stu-

230 2028 299 2066 pro
321 2016 590 2065 interpellavit,
617 2017 758 2054 hancin
779 2016 927 2053 inferno
947 2028 1108 2065 poenam
1123 2019 1280 2065 patitur,

233 2076 272 2105 ut
295 2068 474 2105 molarem
488 2066 926 2116 affiduejffletlapidem.
970 2067 1140 2105 INTERI’.

291 2129 373 2164 177.
387 2123 521 2155 saxum
536 2118 746 2166 volvensque
759 2118 969 2167 petensque.]
984 2116 1272 2166 Ingeniofiffime

234 2168 388 2207 dietum.
449 2169 548 2206 Vide
583 2177 669 2217 quae
704 2168 833 2205 notavi
870 2169 906 2204 in
920 2168 1136 2205 observat.in
1148 2170 1275 2204 Meta-

236 2221 384 2269 morph.
408 2219 468 2258 lib.
491 2231 546 2257 1v.
593 2220 763 2258 Cxorm.
792 2218 958 2268 Sisyphi,
994 2218 1157 2261 Ixionis,
1196 2218 1274 2254 Da-

233 2270 415 2313 naidum,
444 2270 620 2314 Tantali,
649 2270 756 2319 Tityi
778 2271 840 2318 qui
864 2270 960 2317 apud
985 2270 1122 2307 inferos
1143 2268 1277 2317 suppli-

233 2323 290 2361 cia
312 2322 548 2371 expendunt,
560 2321 705 2368 ‚fabulae
715 2323 878 2359 notiores
890 2320 984 2365 sunt,
994 2332 1106 2370 quarn
1121 2329 1159 2357 ut
1172 2322 1211 2358 iis
1222 2321 1278 2357 in-

233 2374 374 2412 haerere
403 2374 575 2412 debeam.
629 2374 876 2410 Annotavero
906 2381 1050 2410 tantum
1082 2371 1170 2409 illud
1196 2373 1280 2409 I-Io-

236 2424 387 2463 merIde
397 2424 519 2474 Tityo
539 2424 599 2462 llb.
612 2436 666 2462 1x.
694 2422 826 2472 Odyff.
852 2419 965 2460 5537?
978 2423 1071 2459 ἕννεα
1084 2423 1281 2459 neh-mm}-

237 2476 366 2521 λεθροι,
393 2477 633 2525 hyperbolice
653 2474 672 2512 a
698 2475 839 2513 Latinis
861 2473 1079 2523 expreffum.
1107 2475 1279 2514 Graecam

235 2527 338 2564 enim
362 2538 497 2565 vocem
521 2525 1282 2575 fugientesverteruntnovemjugera‚quae

236 2576 290 2614 bis
312 2577 410 2616 mille
431 2587 580 2615 centum
610 2577 792 2624 sexaginta
823 2577 932 2625 pedes
955 2577 1170 2622 continent,
1197 2589 1285 2616 cum

237 2638 380 2667 novem
407 2629 547 2679 plethra
574 2627 641 2666 sint
671 2628 847 2666 duntaxat
867 2636 1163 2678 nongentorum.
1192 2628 1287 2667 Sar.—

237 2690 361 2717 vaou.

295 2729 377 2776 178.
405 2729 545 2782 Qique
565 2728 721 2779 agimn]
762 2729 872 2767 Ixion
915 2730 1071 2769 Iunonis
1111 2740 1287 2781 appetens

237 2781 477 2819 concubitum
491 2811 500 2827 ‚
529 2783 563 2819 ei
583 2781 719 2819 nubem
734 2781 831 2827 Juno
843 2782 1025 2830 opposuit.
1082 2781 1148 2820 llle
1159 2792 1284 2822 autem

237 2842 325 2870 cum
346 2832 494 2879 Junone
516 2841 643 2880 putans
669 2832 942 2876 concumbere,
971 2844 1055 2871 cum
1076 2834 1174 2872 nube
1196 2847 1286 2874 con-

237 2882 386 2926 cubuit,
416 2894 460 2920 ex
480 2895 597 2932 eaque
621 2882 826 2920 Centauros
839 2885 987 2931 genuit,
1016 2883 1114 2921 unde
1133 2886 1287 2934 nubige-

235 2944 298 2971 nae
311 2943 504 2972 vocantur.
561 2934 715 2982 Quique
725 2934 867 2971 hancin
882 2936 1028 2971 inferno
1041 2946 1200 2982 poenam
1223 2949 1284 2983 pa-

237 2985 351 3030 titur,
378 2994 417 3023 ut
439 2986 476 3023 in
504 2992 583 3022 rota
604 2983 733 3033 ligatus
759 2984 893 3023 affidue
923 2985 1107 3023 volvatur.
1133 2985 1285 3026 Inun-

238 3047 354 3075 enas.

291 3085 374 3133 178.
405 3088 521 3124 Venus
540 3083 585 3122 ab
602 3085 677 3123 orbe
698 3085 831 3137 rotae]
861 3087 899 3124 ἓξ
921 3090 1060 3132 mistus,
1089 3088 1127 3125 &
1145 3088 1285 3127 Vinflus

236 3136 308 3183 iegi
333 3139 512 3187 aptiffime
532 3137 658 3186 potest.
690 3137 820 3183 Ixion,
852 3150 935 3176 cum
962 3139 1074 3177 Diam
1089 3139 1222 3178 Eionei
1241 3141 1282 3179 fi-

236 3186 322 3224 iiam
343 3188 534 3237 accepisset
564 3199 721 3226 uxorem
747 3216 757 3232 ,
795 3189 912 3227 multa
942 3189 1089 3227 Eioneo
1111 3193 1282 3239 promisit

234 3235 272 3286 se
292 3237 391 3289 dona
411 3241 594 3283 daturum.
623 3239 693 3280 Sed
706 3239 867 3281 eundem
881 3240 1026 3292 postea,
1054 3249 1094 3281 ut
1114 3241 1172 3282 illa
1186 3244 1281 3285 acci-

2275 816 2372 888 Ju-

1325 942 1459 985 peret,
1498 936 1536 974 in
1567 936 1726 984 ignitum
1754 935 1944 976 barathum
1974 936 2020 977 ad
2053 937 2091 977 id
2117 938 2369 983 construetum

1325 989 1340 1033 (
1354 987 1458 1036 quod
1483 987 1700 1026 tenuiffimis
1715 986 1819 1037 lignis
1837 989 1876 1027 δε
1895 988 2121 1029 subtiliffimo
2140 992 2264 1031 cinere
2282 1006 2374 1043 ope-

1325 1038 1467 1084 ruerat)
1496 1038 1683 1088 delapsum
1703 1038 1887 1077 interficit.
1923 1041 2183 1090 Quamobrem
2213 1043 2250 1081 in
2273 1045 2376 1084 furo-

1325 1100 1405 1128 rem
1426 1088 1526 1128 aeus
1544 1090 1736 1128 neminem
1763 1091 1906 1129 invenit
1923 1092 2123 1131 hominum
2143 1092 2374 1145 deorumve,

1325 1142 1390 1191 qui
1410 1153 1497 1180 eum
1517 1141 1629 1179 vellet
1654 1152 1854 1192 expurgare
1880 1171 1893 1187 ,
1936 1155 2053 1193 quum
2070 1144 2209 1192 primus
2234 1147 2345 1187 fuerit
2359 1177 2371 1194 ‚

1329 1194 1396 1241 qui
1427 1193 1551 1230 virum
1584 1192 1758 1231 affinitate
1781 1193 1955 1242 juneum
1976 1195 2213 1234 interfecerit.
2268 1198 2376 1239 Solus

1326 1243 1470 1292 Jupiter
1488 1255 1575 1282 eum
1599 1243 1786 1282 miseratus
1811 1245 1996 1294 expiavit,
2044 1255 2155 1295 atque
2174 1247 2203 1285 is
2227 1253 2372 1298 accepti

1325 1296 1490 1333 munens
1517 1295 1634 1334 statim
1662 1295 1866 1335 immernor
1895 1296 1931 1334 in
1947 1296 2105 1344 Junonis
2126 1308 2296 1338 amorem
2318 1303 2377 1340 in·

1324 1346 1434 1385 cidit:
1463 1346 1576 1385 Unde
1597 1347 1739 1394 Jupiter
1760 1347 1897 1386 nubem
1927 1349 1965 1386 in
1986 1349 2063 1396 eius
2081 1348 2188 1386 Deae
2207 1349 2376 1390 fimiiitu-

1324 1397 1451 1436 dinem
1478 1397 1529 1438 illi
1559 1398 1598 1436 in
1626 1397 1795 1436 cubiculo
1828 1399 2038 1438 collocavit.
2091 1399 2243 1439 Deinde
2270 1410 2375 1441 rotae

1326 1457 1485 1498 quatuor
1502 1439 1650 1487 habenti
1670 1449 1790 1488 radios
1806 1449 1991 1499 alligatum
2003 1451 2179 1489 cruciavit
2192 1479 2204 1495 ,
2229 1452 2377 1493 Auctor

1327 1499 1585 1549 Pherecydes,
1612 1500 1701 1539 teste
1726 1500 1919 1549 Apollonii
1948 1503 2224 1540 commentario
2245 1504 2282 1541 in
2303 1512 2378 1543 ter-

1329 1552 1425 1590 tium
1455 1552 1599 1600 Argon.
1655 1552 1733 1600 Qui
1757 1552 1926 1590 Ixionem
1963 1565 2040 1590 non
2071 1553 2230 1601 Piegyae
2256 1553 2375 1594 filium

1329 1602 1395 1650 (ut
1406 1602 1622 1652 Euripides)
1648 1602 1710 1641 sed
1727 1602 1913 1641 AEetionis
1925 1603 2024 1642 facit.
2048 1603 2124 1642 hoc
2141 1616 2296 1654 quoque
2315 1608 2379 1646 ad·

1329 1653 1495 1692 ciendum
1509 1653 1640 1692 censeo
1653 1683 1662 1699 ‚
1689 1665 1792 1693 aerea
1805 1653 1909 1693 fuiffe
1924 1655 2072 1693 vincula
2101 1655 2150 1702 (fi
2168 1656 2377 1704 Apollonio

1330 1705 1540 1753 credimus)
1567 1705 1698 1756 quibus
1729 1707 1828 1744 hunc
1853 1716 1957 1744 rotae
1985 1705 2202 1744 devinetum
2232 1707 2379 1747 fabulae

1335 1757 1564 1794 cecinerunt.
1591 1756 1933 1795 CONSTANT.FAN.
1964 1758 2079 1796 Venus
2095 1758 2190 1796 mihi
2205 1759 2379 1799 arrideret

1333 1808 1509 1845 maxime.
1537 1806 1607 1846 Sed
1620 1819 1705 1846 cum
1726 1809 1762 1845 in
1776 1807 2005 1846 unoHeinfii
2019 1807 2086 1853 fit,
2115 1813 2269 1859 Captus,
2298 1810 2381 1858 pos-

1332 1858 1384 1897 set
1412 1859 1451 1896 &
1486 1867 1605 1908 raptus
1623 1859 1694 1907 legi
1712 1886 1723 1903 ,
1749 1858 1815 1896 nifi
1836 1859 1977 1908 rapidae
2005 1868 2158 1898 vetaret.
2186 1859 2230 1896 ab
2252 1874 2305 1898 ore
2324 1875 2379 1898 ro-

1333 1919 1391 1947 tae
1417 1910 1529 1948 etiam
1554 1910 1709 1948 Moreti.
1734 1910 1876 1959 rapidus
1898 1911 2039 1947 vineias
2071 1910 2141 1947 Ms.
2170 1910 2380 1950 ansnm.

1389 1969 1473 2008 179.
1499 1960 1824 2010 ⁵6‚chz‹ayueget·unt.]
1856 1961 2005 1998 Danaus
2035 1961 2073 1998 ὅ(
2101 1960 2288 2009 AEgyptus
2307 1963 2381 2001 fra-

1334 2020 1406 2049 tres
1416 2012 1532 2049 fuere.
1550 2010 1736 2060 AEgyptus
1746 2012 2013 2060 quinquaginta
2024 2009 2119 2049 filios
2132 2012 2257 2050 habuit
2269 2040 2281 2058 ‚
2302 2014 2383 2052 Da-

1329 2073 1419 2099 naus
1435 2061 1596 2099 totidem
1627 2060 1728 2099 filias.
1784 2061 1827 2099 In
1850 2062 1931 2099 fatis
1951 2070 2075 2099 autem
2097 2072 2174 2100 erat
2203 2063 2379 2102 Danaum

1326 2120 1507 2161 nepotem
1522 2112 1731 2150 habiturum
1744 2139 1755 2155 ‚
1783 2122 1946 2161 eumque
1962 2111 2025 2149 fibi
2044 2123 2153 2158 regna
2172 2111 2231 2149 sua
2244 2113 2383 2153 ablatu-

1327 2175 1426 2201 rum.
1481 2163 1632 2200 Danaus
1652 2164 1811 2198 incertus
1830 2189 1841 2205 ‚
1891 2173 1976 2199 cum
2006 2162 2272 2211 quinquaginta
2297 2165 2382 2203 fuis-

1329 2212 1408 2249 sent
1432 2239 1443 2256 ,
1480 2212 1561 2261 quis
1588 2211 1648 2248 ille
1678 2218 1859 2260 nepotum
1891 2210 2001 2256 effer,
2037 2224 2170 2250 omnes
2199 2213 2286 2252 filias
2303 2215 2381 2254 suas

1332 2273 1418 2301 cum
1447 2262 1621 2300 omnibus
1651 2259 1731 2300 filiis
1758 2274 1802 2299 ex
1834 2263 1939 2301 fratre
1972 2263 2380 2314 matrimoniojunxit,

1327 2314 1504 2363 jussitque
1531 2312 1620 2350 filias
1638 2312 1738 2356 suas,
1767 2322 1807 2351 ut
1829 2325 1913 2351 cum
1949 2315 2068 2352 mariti
2089 2326 2215 2353 earum
2243 2316 2382 2355 obdor-

1335 2365 1493 2409 mirent,
1520 2375 1756 2414 unaquaeque
1786 2366 1907 2402 virum
1928 2365 2033 2403 suum
2056 2365 2301 2413 interficeret,
2329 2369 2384 2406 fa-

1336 2415 1515 2465 &umque
1541 2414 1587 2453 est
1606 2416 1668 2453 ita.
1721 2416 1804 2453 Sola
1839 2415 2129 2464 Hypermnestra
2158 2418 2292 2456 marito
2314 2419 2380 2458 suo

1337 2467 1438 2504 Lino
1460 2467 1643 2516 pepercit,
1664 2467 1726 2516 qui
1748 2466 1870 2515 postea
1892 2479 2047 2516 regnum
2077 2468 2211 2506 Danao
2231 2469 2385 2510 abstulit.

1341 2518 1442 2556 Filiae
1462 2527 1586 2555 autem
1613 2518 1734 2555 Danai
1755 2517 1965 2563 huiusmodi
1986 2530 2147 2567 poenam
2168 2519 2205 2556 in
2233 2520 2382 2558 inferno

1342 2570 1550 2618 patiuntur,
1593 2577 1772 2608 uturnam
1797 2571 1833 2606 in
1858 2570 1942 2607 imis
1983 2571 2204 2617 perforatam
2242 2570 2382 2618 replere

1343 2620 1479 2658 affidue
1492 2620 1657 2658 studeant
1671 2647 1682 2665 ,
1702 2621 1740 2658 ὃς
1761 2620 1899 2667 replere
1918 2629 2115 2667 nequeant·
2164 2619 2307 2658 Belides
2320 2633 2382 2670 ap-

1344 2672 1523 2720 pellantur
1535 2669 1554 2708 a
1568 2671 1658 2709 Belo
1671 2680 1771 2719 patre
1781 2671 1942 2709 Danai&
1953 2670 2120 2719 AEgypti.
2134 2670 2262 2709 INTER
2272 2685 2319 2710 vn
2329 2685 2384 2712 ss.

1344 2736 1480 2774 quaque
1494 2722 1649 2760 Moreti.
1688 2721 1857 2760 Heinsius
1879 2721 2051 2764 volebat,
2087 2734 2241 2772 quaeque
2257 2734 2384 2771 gerunt

1342 2774 1441 2811 urnis
1454 2774 1526 2812 ὅτε.
1542 2784 1620 2811 non
1632 2773 1730 2810 enim
1744 2772 1907 2811 humeris
1923 2800 1933 2816 ,
1950 2771 2008 2810 sed
2022 2773 2129 2822 capiti
2141 2774 2384 2821 imponebant

1342 2836 1449 2862 urnas
1468 2835 1560 2874 aqua
1581 2824 1717 2870 plenas,
1747 2823 1821 2862 vid.
1839 2823 2002 2872 inf.356.
2024 2836 2087 2861 111.
2109 2822 2199 2861 Fast.
2231 2835 2288 2871 14.
2317 2831 2383 2862 Po-

1341 2875 1441 2913 nitur
1458 2889 1475 2912 e
1497 2876 1640 2923 summa
1662 2873 1785 2921 fictilis
1813 2886 1904 2910 urna
1933 2874 2043 2915 camd.
2058 2874 2232 2926 perituras
2271 2888 2382 2914 urnas

1342 2938 1449 2965 unus.
1479 2926 1631 2964 vid.111‚
1653 2926 1749 2964 Met.
1769 2937 1831 2974 29.
1858 2925 1991 2964 Euam·

1379 3004 1395 3031 1
1404 2990 1788 3041 80.Aegypti.]Aegysti
1800 2991 1932 3030 editi&
1942 2992 2059 3042 scripti
2071 2991 2219 3042 quidam
2238 2992 2384 3031 vitiose.

1383 3043 1465 3082 181.
1493 3049 1600 3080 Poma
1614 3053 1710 3089 pater
1724 3044 1847 3092 Pelopis
1860 3045 2034 3092 prasentia
2049 3044 2186 3094 quaerit
2203 3071 2213 3088 ‚
2241 3044 2385 3083 videm

1342 3098 1474 3142 Semper·
1482 3105 1548 3142 eget
1562 3093 1705 3142 liquidis
1717 3122 1725 3138 ,
1730 3096 1863 3144 semper
1873 3094 2034 3131 abundat
2044 3093 2176 3144 aquis]
2206 3094 2387 3133 Tantalus

1340 3143 1432 3182 filius
1450 3145 1552 3192 Jovis
1566 3173 1575 3189 ‚
1603 3144 1706 3183 Deos
1725 3145 1968 3194 comprobare
1992 3145 2161 3193 cupiens,
2191 3157 2254 3183 eos
2264 3145 2388 3194 hospi-

1339 3196 1393 3232 tio
1414 3197 1584 3243 excepit,
1612 3195 1767 3245 ipsisque
1786 3198 1830 3234 ad
1861 3207 2017 3233 coenam
2046 3195 2252 3235 sedentibus
2267 3195 2387 3235 filium

1334 3246 1552 3288 dilaceravit
1576 3248 1778 3298 Pelopem,
1807 3257 1919 3298 quem
1943 3247 2019 3297 igni
2044 3247 2083 3288 ὃς
2104 3258 2198 3300 aqua
2210 3248 2386 3337 coetum?

2286 3309 2387 3349 quai
