2547 3708
284 190 380 240 116

725 174 784 230 P.
861 163 1275 228 OVIDII
1348 163 1887 220 NASONIS

575 274 802 333 Vic'tima
828 273 909 326 vel
943 268 1163 324 Phoebo
1190 265 1356 320 sacras
1380 264 1619 319 madieris
1645 263 1710 316 ad
1742 281 1880 328 εἴας,

650 348 830 420 Quam
856 344 974 398 tulit
1000 344 1028 397 a
1054 342 1208 395 saevo
1233 337 1562 393 Theudotus
1595 335 1740 390 hoste
1765 352 1968 390 necem.

345 568 426 603 Aut
445 558 676 611 Caffandreae
697 554 834 593 domino
859 566 925 590 non
947 551 1066 590 mitior
1089 549 1194 586 urbis.

290 645 441 684 Heius.
471 637 668 689 Cassandrii
682 635 820 672 domino
833 644 924 671 unus
936 631 1094 688 Heinsti.
1108 625 1313 687 Caffendrei
1324 653 1333 670 ‚

293 697 354 734 vel
373 692 602 742 Cassandreus
633 687 784 726 Moreti.
819 696 909 723 mox
932 711 943 729 ,
971 683 1098 731 mjeffa
1122 683 1271 729 Regius.
1299 691 1336 715 m

296 745 416 784 Getica
440 744 579 781 Sarrav.

349 808 432 856 465.
462 811 542 842 Aut
565 811 603 841 ut
628 797 888 848 Abantiades]
916 793 1336 841 Proetus,filiusAban-

300 860 346 897 tis
372 858 436 896 filii
463 855 565 903 Jovis
602 853 640 890 &
667 853 838 900 Europae
858 879 868 893 ‚
909 850 1015 886 frater
1039 846 1192 890 Acrisii,
1221 855 1334 893 quem

298 909 468 952 Perseus,
497 905 584 954 quia
612 902 753 941 Acrisio
785 913 857 939 avo
887 900 951 937 suo
975 910 1128 947 regnum
1150 895 1239 953 dolo
1257 894 1338 932 sub-

301 966 484 1000 traxerat,
509 957 776 1002 interemptum
795 953 830 989 in
849 961 948 989 mare
961 950 1225 999 praecipitavu.
1254 951 1340 994 Lyr-

300 1008 408 1057 nesius
437 1007 529 1044 beros
548 1034 558 1051 ‚
596 1004 645 1042 est
678 1005 899 1052 Naupotus,
927 1000 1019 1038 filius
1052 999 1191 1048 Ligdae
1216 997 1340 1054 Ny'm-

302 1062 418 1110 phae,
446 1069 560 1108 quem
589 1056 753 1094 Ascintes
784 1064 899 1101 nepos
919 1080 928 1096 ,
967 1052 1051 1100 quia
1074 1058 1231 1105 matrem
1257 1047 1342 1084 Lie-

304 1111 476 1150 mestrem
497 1109 652 1156 stuprare
677 1105 818 1149 voluit,
849 1105 886 1141 in
907 1114 1008 1141 mare
1029 1102 1201 1150 projecit,
1241 1098 1340 1136 unde

303 1160 536 1210 Propertius:

357 1229 544 1271 Naupotus
562 1223 729 1272 Ascintae
747 1227 891 1267 patruus
905 1219 992 1268 perit
1005 1221 1078 1269 ense
1095 1222 1217 1270 nepotis
1231 1249 1241 1267 ,

413 1279 458 1311 Et
481 1272 595 1311 voluit
622 1274 714 1312 natis
734 1271 792 1318 effe
809 1281 947 1320 parente
961 1271 1067 1320 prior.

308 1357 553 1395 iunximus.
580 1352 715 1391 Fabula
740 1351 845 1399 plane
866 1350 1093 1387 conturbata.
1147 1348 1206 1387 Ad
1228 1348 1346 1387 versus

309 1407 413 1457 quod
432 1407 586 1448 attinet,
616 1415 704 1441 cave
717 1401 1117 1449 Propertianoscredas,
1146 1399 1347 1439 Satvaou.

311 1459 404 1496 Duo
428 1457 590 1494 Abantes
613 1453 633 1491 a
651 1454 771 1502 poetis
789 1452 1025 1489 celebrantur.
1080 1451 1183 1488 Alter
1206 1452 1345 1489 Euboi·

311 1521 397 1554 cus,
423 1507 514 1545 filius
536 1506 701 1552 Neptuni
723 1505 759 1541 &
782 1501 1007 1546 Arethusae,
1036 1511 1075 1539 ut
1099 1502 1344 1551 Porphyrius:

310 1560 387 1597 sive
408 1567 446 1596 ut
467 1557 551 1601 alii,
581 1555 758 1599 Alconis,
788 1555 863 1602 ejus
879 1581 889 1596 ,
916 1554 979 1601 qui
1001 1552 1235 1591 fuitPandori
1247 1553 1344 1601 ejus,

315 1611 382 1659 qui
406 1610 474 1647 fuit
502 1607 726 1648 Erechthei,
767 1614 805 1641 ut
837 1603 995 1641 Eustath.
1025 1603 1128 1641 Iliad.
1158 1613 1194 1641 2.
1224 1603 1348 1652 Hujus

314 1660 469 1698 Abantis
488 1658 578 1696 filius
603 1655 820 1694 Chalcodon
843 1655 931 1699 fuit,
961 1652 982 1691 a
1010 1666 1087 1703 quo
1110 1653 1350 1692 Chalcodon-

312 1711 435 1749 tiadae
458 1705 806 1748 Euboeensesdicii:
849 1704 999 1753 perinde
1032 1713 1070 1743 ut
1092 1705 1277 1749 Abantes,
1305 1704 1350 1742 ab

316 1762 462 1800 Abante
492 1767 611 1806 patre:
647 1758 746 1795 hunc
775 1756 1027 1804 Amphitryon
1065 1756 1202 1793 occidit
1231 1755 1352 1800 bello,

317 1812 422 1861 quod
450 1808 682 1848 Euboeenses
697 1820 779 1846 cum
807 1807 998 1844 Thebanis
1016 1803 1152 1854 gessere
1168 1833 1178 1850 ,
1207 1815 1245 1844 ut
1263 1806 1353 1843 Pau-

312 1863 427 1901 sanias
449 1864 486 1899 in
509 1860 694 1898 Boeoticis
715 1866 822 1895 autor
841 1857 900 1894 est.
954 1857 1056 1894 Alter
1081 1857 1177 1894 Abas
1197 1857 1355 1905 Argivus

316 1915 412 1957 fuit,
440 1912 532 1950 filius
562 1911 730 1961 Lyncei,
759 1909 856 1956 ejus,
882 1907 945 1956 qui
975 1909 1042 1943 fuit
1072 1906 1239 1956 AEgypti.
1281 1908 1357 1945 Hic

318 1963 504 2002 Acrisium
528 1962 654 2010 genuit
674 1988 685 2004 ,
721 1959 822 2006 cujus
852 1957 922 1995 filia
946 1959 1075 1996 Danae
1104 1959 1195 2002 fuit,
1223 1970 1267 1994 ex
1286 1969 1357 2006 qua

317 2014 464 2052 Perseus
485 2022 589 2050 natus
604 2039 615 2055 ,
643 2011 775 2058 dequo
792 2009 1013 2056 praesentem
1034 2009 1217 2056 accipiunt
1241 2009 1358 2045 Com-

322 2073 562 2102 mentatores.
615 2063 791 2099 Micitrt.
828 2059 915 2095 Hoc
947 2059 1099 2095 disticho
1132 2058 1277 2095 Perseus
1320 2060 1358 2095 &

324 2116 453 2153 Tenes
484 2111 722 2160 intelligendi.
776 2111 877 2147 Prior
908 2109 1126 2146 Abantiades
1149 2108 1290 2152 dietus,
1318 2118 1359 2147 ut

329 2168 366 2202 δε
389 2166 449 2202 lib.
474 2176 528 2201 xv.
564 2161 817 2207 Metamorph.
838 2160 881 2195 ab
905 2160 1049 2196 Abante
1067 2170 1206 2207 proavo
1227 2168 1358 2197 mater-

324 2227 399 2258 no,
429 2213 554 2251 Acrisii
583 2221 681 2261 patre
705 2238 715 2254 ‚
754 2211 815 2258 qui
842 2221 924 2246 cum
961 2210 1005 2244 ab
1034 2211 1184 2246 oraculo
1213 2210 1359 2256 respon·

324 2267 405 2304 sum
426 2262 601 2302 habuisset
625 2291 635 2306 ,
673 2261 706 2298 se
727 2259 887 2297 occisum
921 2259 961 2297 iri
990 2258 1010 2296 a
1033 2267 1169 2307 nepote
1192 2287 1202 2302 ,
1231 2260 1294 2308 qui
1316 2272 1361 2297 ex

327 2317 399 2354 filia
434 2317 563 2355 Danae'
593 2312 797 2350 nasceretur
818 2339 828 2354 ,
869 2318 1046 2358 nepotem
1069 2310 1235 2348 Perseum
1266 2309 1362 2348 &fi-

326 2369 414 2406 liam
437 2368 472 2403 in
499 2364 618 2402 arcula
647 2362 805 2400 inclusos
834 2363 870 2398 in
901 2372 999 2397 mare
1019 2360 1195 2408 projecit,
1223 2369 1259 2398 ut
1281 2361 1359 2399 scri-

330 2419 421 2455 bunt
441 2417 613 2464 Hyginus
640 2414 707 2451 fab.
729 2413 789 2462 63.
818 2411 1068 2459 Apollodorus
1097 2411 1152 2448 lib.
1177 2422 1221 2449 Π.
1246 2412 1363 2460 Apol-

333 2469 425 2506 ionii
456 2461 665 2505 Scholiastes
691 2463 823 2501 libain
842 2474 944 2499 num.
961 2462 1021 2498 68.
1048 2463 1209 2500 Tzetzes
1225 2464 1260 2500 in
1286 2465 1363 2511 Ly-

334 2519 561 2556 cot-thronem
578 2544 587 2561 ,
615 2514 801 2561 Didymus
828 2513 871 2550 ad
892 2512 992 2550 iliad.
1013 2524 1091 2551 xxv.
1114 2513 1301 2550 Zenobius
1322 2515 1361 2552 in

334 2568 443 2610 Αἵὸος
473 2572 567 2607 κυνῆ.
612 2565 785 2602 Similiter
826 2565 864 2600 &
906 2564 1033 2601 Tenes
1054 2591 1063 2608 ,
1101 2562 1177 2601 sive
1207 2565 1361 2607 Tenus,

335 2621 457 2668 Cycni
479 2616 856 2660 filius‚Philonomae
886 2625 1068 2651 novercae
1100 2614 1176 2651 vim
1207 2614 1364 2654 intulisse

333 2671 424 2709 falso
452 2668 635 2707 accusatus
658 2694 666 2709 ,
714 2677 786 2701 una
818 2675 901 2701 cum
936 2665 1139 2701 Hemithea
1174 2664 1296 2702 sorore
1328 2667 1363 2703 in

336 2721 513 2770 capsulam
528 2717 703 2760 inclusus,
733 2715 823 2752 &in
846 2715 1114 2760 mareabjcrftus
1126 2715 1183 2753 est.
1220 2716 1367 2754 Author

338 2771 552 2809 Heraclides
576 2768 747 2805 Ponticus
770 2765 804 2801 ἐν
824 2767 995 2813 πελιτεὶᾳ
1017 2765 1200 2802 Τενεδίων.
1245 2771 1368 2814 Lyco-

340 2824 457 2871 phron
472 2823 506 2858 in
523 2816 714 2856 Cassandra
732 2845 741 2860 ‚
769 2815 954 2854 Pausanias
970 2818 1004 2852 in
1020 2817 1185 2854 Phocicis
1199 2845 1206 2860 ,
1222 2818 1369 2854 Home.

338 2875 369 2910 ri
390 2871 598 2910 Scholiastes
620 2867 719 2905 Iliad.
737 2880 770 2903 ec.
797 2868 885 2904 Sunt
905 2867 966 2914 qui
993 2878 1059 2914 pro
1080 2868 1248 2914 cyamias
1269 2875 1371 2906 Heres

339 2925 488 2969 legunt,
519 2917 715 2967 Lyrneffius·
737 2924 865 2958 Heros,
895 2929 956 2965 per
982 2928 1092 2964 quem
1114 2918 1302 2966 Telephus
1317 2920 1371 2956 in-

340 2968 521 3021 telligatur
537 2998 546 3014 ,
571 2982 634 3017 qui
666 2966 883 3015 Lyrnesi'um
908 2967 1032 3003 urbem
1065 2967 1126 3003 sub
1144 2967 1286 3005 ditione
1309 2970 1373 3006 ha-

343 3025 443 3062 buit:
473 3032 557 3059 nam
580 3023 617 3057 &
639 3019 740 3056 illum
765 3029 834 3054 una
861 3028 943 3053 cum
977 3018 1102 3064 Aorge
1124 3028 1238 3054 matre
1261 3018 1303 3055 ab
1320 3021 1371 3057 A-

341 3076 404 3113 leo
422 3084 496 3110 avo
519 3072 555 3109 in
580 3081 659 3108 arca
680 3069 890 3117 impositum
906 3095 915 3111 ,
945 3068 983 3104 &
1006 3069 1042 3104 in
1067 3078 1165 3104 snare
1187 3069 1368 3116 abjectum

344 3125 468 3175 prodit
487 3122 614 3160 Strabo
640 3120 699 3158 lib.
722 3133 781 3158 111.
798 3131 841 3156 ex
858 3117 1044 3165 Euripide.
1097 3118 1296 3157 SALVAGN.

396 3178 480 3222 465.
509 3169 686 3221 Lyrnefius
704 3168 834 3218 herm]
865 3169 965 3216 Quid
987 3167 1010 3204 si
1029 3169 1197 3216 Cygneius
1217 3171 1371 3218 legatur,

346 3227 385 3265 ὃς
406 3232 506 3263 Tenes
522 3250 533 3267 ,
559 3223 656 3261 unde
675 3219 978 3260 Tenedosinsula
1001 3220 1094 3256 dicsta
1110 3247 1120 3263 ,
1149 3232 1250 3257 arcae
1265 3220 1284 3258 ὲ
1308 3233 1370 3269 pa-

343 3289 381 3316 re
404 3275 557 3316 inclusus
583 3272 804 3322 intelligatur
825 3270 839 3311 ἓ
877 3271 938 3324 De
968 3270 1077 3312 Tene
1099 3279 1223 3311 autem
1248 3273 1284 3311 ὃς
1309 3273 1370 3312 Se-

2301 414 2415 468 Aut

1389 547 1465 584 curi
1499 544 1671 584 Tenedia
1703 545 1803 593 plura
1836 544 1930 583 alias.
1982 545 2215 585 Remmius.
2240 547 2421 598 Lyrnesius

1391 610 1410 634 a
1436 598 1611 635 Domitio
1641 595 1879 641 emendatur,
1909 597 2012 644 quod
2029 610 2108 636 non
2125 599 2300 647 displicet.
2348 599 2420 638 Sed

1393 649 1477 696 quia
1501 649 1537 685 in
1558 647 1633 684 aliis
1660 646 1847 684 codicibus
1866 650 2035 697 Cygneius
2057 648 2188 697 legitur
2202 678 2212 693 ‚
2239 658 2276 688 te
2296 652 2422 689 moni-

1392 708 1472 736 tum
1497 698 1610 738 volo,
1638 700 1807 746 Cygneius
1826 699 1935 736 etiam
1953 697 2054 747 posse
2075 701 2287 746 emendari,
2317 704 2422 740 utin-

1393 749 1573 798 telligatur
1586 747 1713 785 Tenes
1726 748 1846 797 Cygni
1860 748 1974 793 filius,
2003 761 2022 787 a
2046 759 2145 797 patre
2166 752 2202 789 in
2229 763 2310 793 arca
2324 754 2423 791 clau-

1393 800 1471 842 sus,
1500 798 1663 848 dejectus
1691 799 1728 835 in
1750 811 1859 838 mare.
1884 812 1995 849 quarn
2018 801 2176 838 fabulam
2200 802 2236 840 in
2250 801 2424 841 finesexti

1394 851 1631 889 bibliotheces
1659 849 1851 888 Diodorus
1882 860 2035 901 enarrat.
2072 853 2109 889 &
2140 851 2328 890 Zenobius
2360 855 2424 894 sub

1394 901 1622 949 compendio
1639 901 1768 948 tangit.
1797 900 1832 938 Si
1853 913 1942 939 vero
1962 901 2007 939 de
2034 902 2163 940 Perseo
2187 904 2224 941 ὅτ
2251 903 2425 952 Telepho

1397 953 1454 990 vel
1479 952 1590 989 Tene
1614 950 1781 999 intelligis
1802 979 1812 995 ,
1839 964 1917 990 non
1942 954 2053 1002 caesus
2074 980 2084 998 ,
2120 953 2179 991 sed
2200 954 2333 1001 clausus
2352 956 2426 1004 legi

1397 1003 1517 1040 debet.
1572 1002 1722 1038 CONsT.
1752 1003 1846 1040 Fau.
1872 1003 2054 1052 Lyrnesus
2083 1016 2156 1042 una
2176 1017 2220 1041 ex
2251 1005 2426 1045 undecim

1398 1053 1573 1102 Trojanis
1609 1052 1815 1090 civitatibus
1845 1052 1938 1097 fuit,
1975 1066 2086 1102 quam
2118 1056 2278 1093 Achilles
2307 1057 2429 1104 cepit,

1400 1104 1523 1142 occiso
1545 1104 1594 1141 ibi
1612 1103 1756 1140 Minete
1771 1131 1781 1147 ‚
1807 1105 1845 1141 ὅτ
1867 1103 2021 1141 abducta
2049 1105 2207 1144 Briseide
2229 1107 2324 1145 illius
2339 1119 2431 1146 uxo-

1401 1168 1462 1199 re,
1492 1163 1531 1192 ut
1562 1155 1751 1191 Homerus
1779 1154 1878 1192 Iliad.
1911 1153 1944 1197 β.
1968 1155 2005 1192 &
2038 1155 2139 1194 iliad.
2159 1170 2194 1194 τ.
2234 1157 2344 1196 Hanc
2367 1158 2432 1197 sub

1401 1206 1561 1254 imperio
1589 1204 1748 1252 Telephi
1783 1205 1981 1254 aliquando
2007 1204 2132 1250 fuiffe,
2161 1218 2283 1256 eoque
2302 1214 2433 1257 Lyrne-

1393 1255 1489 1305 stum
1521 1256 1653 1292 heroem
1683 1254 1703 1293 a
1734 1259 1846 1304 poeta
1877 1255 1940 1293 hic
1970 1254 2040 1294 dici
2064 1284 2073 1300 ,
2103 1257 2432 1298 Commentatores

1403 1309 1547 1345 volunt.
1603 1305 1674 1343 Sed
1700 1306 1774 1344 hoc
1796 1306 1882 1355 quia
1901 1306 1986 1344 alibi
2008 1316 2154 1355 aperte,
2183 1309 2230 1346 ita
2250 1320 2432 1358 nusquam

1402 1359 1565 1396 traditur.
1592 1357 1652 1394 alii
1683 1369 1750 1404 pro
1774 1355 1931 1407 Lyrnesia
1954 1384 1966 1402 ,
2004 1359 2194 1406 Cygneium
2213 1359 2365 1407 legunt,
2393 1369 2435 1399 ut

1402 1410 1448 1447 de
1473 1410 1584 1447 Tene
1605 1408 1827 1457 intelligatur
1850 1436 1860 1453 ‚
1900 1407 2022 1457 Cygni
2044 1408 2144 1461 filio,
2170 1409 2190 1446 a
2208 1421 2285 1458 quo
2305 1410 2438 1449 Tene-

1401 1460 1466 1498 dos
1489 1459 1611 1509 postea
1641 1459 1818 1507 appellata
1845 1459 1928 1508 suit.
1978 1461 2204 1509 Quanquam
2226 1460 2300 1508 ipsa
2327 1463 2437 1500 verba

1401 1512 1564 1548 neutrius
1586 1509 1668 1547 sane
1689 1509 1856 1548 historiae
1886 1509 1964 1548 satis
1994 1512 2225 1548 conveniunt
2248 1539 2258 1554 ,
2285 1513 2437 1561 quando

1402 1562 1447 1600 de
1468 1569 1626 1610 utroque
1645 1559 1776 1598 dicitur
1789 1588 1800 1605 ‚
1828 1560 2002 1609 Caesusin
2012 1573 2194 1612 aequoreas
2210 1562 2439 1612 praecipiteris

1404 1626 1528 1662 aquas.
1582 1611 1694 1648 Unde
1714 1611 1751 1648 &
1770 1612 1844 1649 hoc
1865 1613 2088 1660 corrigentes
2107 1613 2256 1663 quidam
2273 1640 2283 1657 ,
2309 1613 2438 1662 legunt

1405 1663 1553 1713 Clausus
1585 1673 1651 1709 pro
1677 1663 1805 1707 caesus.
1857 1662 1955 1700 Vide
1988 1664 2247 1701 annotationes
2269 1664 2439 1711 Egnatii,

1406 1715 1444 1751 δε
1467 1713 1672 1751 Constantii
1701 1712 1883 1751 Fanenfis.
1934 1713 2081 1751 Poterat
2111 1722 2234 1751 autem
2256 1714 2355 1751 idem
2376 1715 2438 1752 hic

1405 1765 1509 1802 locus
1539 1765 1650 1801 etiam
1682 1762 1728 1800 de
1756 1762 2017 1801 Chalcodonte
2049 1765 2087 1802 ὃς
2117 1764 2265 1802 Minete
2299 1765 2442 1814 accipi,

1406 1814 1558 1864 quando
1593 1814 1782 1851 caesorum
1815 1814 1960 1852 mentio
1997 1812 2070 1852 fit:
2107 1814 2173 1852 nisi
2204 1825 2446 1864 repugnaret,

1408 1864 1512 1915 quod
1530 1864 1610 1903 illos
1632 1864 1809 1912 nusquam
1827 1864 1985 1912 legimus
1998 1865 2035 1901 in
2055 1876 2154 1902 mare
2174 1865 2336 1915 abjectos
2358 1867 2445 1905 fuis-

1411 1918 1457 1953 se.
1512 1916 1692 1953 Mrcrrr..
1721 1916 1890 1964 Cygneius
1922 1926 2006 1952 cum
2037 1915 2268 1954 Sarraviano.
2307 1917 2442 1963 multi,

1415 1966 1572 2014 Lignoius
1595 1967 1630 2003 δε
1657 1966 1807 2002 Leneius.
1835 1977 1901 2014 pro
1929 1964 2056 2011 Caesus
2082 1968 2191 2003 etiam
2222 1967 2370 2017 Clausus
2390 1980 2448 2005 re-

1413 2017 1644 2065 ponendum.
1695 2015 1838 2053 Perseus
1858 2016 1957 2053 enim
1981 2016 2017 2051 ὃς
2040 2015 2169 2053 Tenes
2188 2027 2291 2055 arcae
2318 2018 2446 2056 inclusi

1413 2068 1583 2110 fuerunt,
1611 2078 1696 2104 cum
1718 2067 1753 2103 in
1777 2077 1878 2103 mare
1897 2067 2233 2113 praecipitabantur.
2267 2069 2346 2104 Nos
2368 2068 2446 2115 plu-

1414 2129 1450 2154 ra
1467 2116 1512 2155 de
1534 2117 1608 2155 hoc
1627 2117 1716 2154 loco
1738 2117 1834 2155 notis
1857 2117 2081 2154 uberioribus
2103 2118 2140 2153 in
2171 2117 2335 2155 medium
2361 2129 2447 2166 pro-

1416 2169 1589 2206 feremus.
1642 2168 1782 2204 Herus.

1464 2219 1550 2263 467.
1589 2217 1734 2253 Viffffima
1761 2216 1819 2252 vel
1847 2215 2024 2265 phoebe]
2065 2215 2291 2255 Theodotus
2332 2219 2449 2258 Poeta

1416 2268 1485 2305 fuit
1508 2295 1517 2311 ,
1562 2267 1627 2316 qui
1664 2278 1750 2304 cum
1781 2267 1928 2304 liberius
1955 2267 1991 2304 in
2025 2267 2280 2306 Mnesarchum
2309 2269 2451 2319 Regem

1416 2316 1601 2366 scripsiflet
1616 2344 1626 2361 ,
1654 2317 1697 2354 ab
1717 2328 1763 2354 eo
1785 2316 1978 2354 crudeiiter
1997 2318 2032 2354 in
2047 2318 2227 2363 Apollinis
2251 2319 2340 2357 aede
2366 2333 2448 2359 cae-

1418 2368 1472 2407 sus
1497 2368 1557 2406 est.
1610 2367 1685 2404 Alii
1706 2367 1854 2411 dicunt,
1886 2367 2128 2415 Tyrrhenos,
2170 2380 2254 2407 cuin
2279 2370 2451 2419 cepissent

1422 2420 1611 2467 Liparium
1643 2416 1815 2462 castrum,
1843 2418 2077 2456 fortiffimum
2098 2418 2243 2458 illorum
2267 2420 2312 2459 de
2337 2422 2450 2460 castro

1419 2470 1574 2508 Phoebo
1596 2467 1787 2514 mactasse,
1816 2468 1913 2506 unde
1933 2469 2078 2508 Gallus:

1471 2546 1665 2604 Theudotus
1692 2547 1729 2584 in
1760 2546 1842 2584 bello
1877 2545 2006 2584 Phoebo
2031 2547 2140 2584 datur
2171 2547 2275 2592 baffia
2290 2576 2300 2594 ,
2320 2562 2453 2599 quam-

1523 2611 1757 2700 naquaquam
1770 2647 1817 2699 fit
1837 2648 1936 2685 homo
1957 2647 2105 2685 viflima
2122 2659 2227 2696 grata
2246 2655 2328 2688 Deo.

1423 2733 1668 2770 Inrfiitpnes.
1702 2731 1877 2769 Insulsnm
1900 2732 2007 2779 plane
2037 2732 2211 2772 distichon
2237 2763 2248 2779 ,
2283 2736 2369 2774 falso
2398 2737 2456 2774 iti-

1426 2784 1510 2821 dem
1531 2783 1748 2830 adscriptum
1767 2782 1887 2818 Gallo.
1910 2794 1980 2830 ego
1996 2785 2115 2831 sacras
2143 2798 2223 2823 aras
2236 2789 2456 2835 interpretor

1425 2832 1581 2872 scelestas
1602 2831 1866 2869 &execrandas
1885 2860 1894 2874 ‚
1921 2835 2117 2880 quomodo
2140 2835 2298 2884 Virgilio
2311 2839 2456 2882 dicitur,

1427 2885 1622 2931 aurifacra
1647 2884 1764 2929 fames
1788 2909 1798 2924 ‚
1835 2882 2120 2928 Horatio.sacer
2149 2886 2320 2934 nepotibus
2336 2901 2457 2933 cruor,

1429 2934 1577 2972 Catullo
1606 2961 1615 2977 ,

1429 2996 1494 3032 pro
1523 2983 1711 3021 Theodotus
1755 2982 1935 3021 editiones
1974 2986 2154 3033 quaedam
2190 2987 2335 3024 habent.
2400 2989 2459 3027 Sic

1429 3037 1528 3072 enirn
1569 3031 1772 3082 Theudosius
1798 3034 1921 3081 passim
1948 3035 2169 3073 Claudianus
2201 3040 2237 3074 ἃ
2261 3037 2457 3084 Sidonius,

1426 3094 1465 3122 ut
1484 3086 1653 3172 &Avetus
1683 3084 1869 3133 inscriptio
1901 3085 2221 3136 Constantinopoli
2251 3088 2352 3138 supra
2371 3101 2459 3139 por-¹

1425 3144 1498 3174 tam
1564 3146 1699 3173 ureatn:

1482 3220 1570 3250 Haec
1590 3212 1662 3250 loca
1685 3213 1889 3262 Theudofius
1909 3215 2044 3252 decorat
2062 3215 2226 3264 poflfata
2251 3221 2409 3267 Tyanni,

1479 3270 1600 3306 Amen
1616 3264 1706 3314 secla
1726 3268 1833 3314 gerit,
1862 3266 1923 3315 qm·
1937 3278 2075 3315 portam
2099 3269 2376 3317 construit'auro.

2341 3334 2461 3385 Quod

1651 2933 1745 2981 facer
1774 2932 1917 2970 libellus.
1971 2936 2085 2973 Recte
2129 2947 2216 2974 vero
2240 2937 2468 2984 Theudotus,-
