2547 3708
368 195 440 252 74
1027 178 1545 234 1³.ov11)1‚1
1611 180 1884 231 VITA

364 274 564 337 mulfta,
599 288 652 324 ut
682 291 852 342 equus,
887 276 966 341 qui
999 275 1086 323 illis
1118 274 1308 339 publice
1342 274 1648 339 affignabatur
1679 290 1731 321 ac
1765 274 1961 339 publico
1995 272 2150 323 sumtu
2186 274 2419 340 alebatur,
2452 277 2479 327 ἐὶ
2516 316 2518 319 v

366 343 606 406 Cenfhribus
627 341 935 403 vadimeretur,
970 357 1077 388 cum
1114 341 1300 404 lingulis
1332 341 1480 387 lustris
1508 341 1700 402 Equites
1732 341 1789 384 ad
1809 355 2002 386 examen
2029 339 2324 390 censuramve
2346 359 2480 393 revo-
2536 358 2541 361 *

368 408 768 535 califiutAugustUS
792 484 944 518 autem
971 470 1198 534 Censstram
1222 470 1407 535 quidem
1424 478 1666 529 perfetuam
1685 483 1809 515 anno
1833 466 1902 514 U.
1922 466 1982 514 C.
2007 468 2378 519 DCCXXXIl.
2411 488 2490 522 rec
2519 478 2522 481 “

367 538 522 600 cipere
558 543 765 584 noluerat
791 536 883 596 (a),
921 537 1074 598 postea
1113 550 1268 583 tamen
1292 536 1383 580 An.
1414 532 1783 581 DCCXXXV.
1816 532 2056 581 decretum
2080 534 2171 595 est,
2203 546 2251 583 ut
2274 537 2483 602 Magister

367 618 524 648 morum
541 616 618 661 per
637 605 810 662 quinque
832 616 957 647 annos
978 602 1097 661 effit,
1104 600 1417 660 potestatemque
1429 596 1665 660 Censorium
1679 612 1757 659 per
1779 599 1828 644 id
1846 602 2038 660 temporis
2056 600 2319 659 haberet(b).
2355 603 2481 652 Cum

367 682 480 714 vero
508 666 620 711 illud
644 681 800 711 morum
827 667 1034 727 legumque
1066 668 1240 726 regimen
1273 675 1546 717 renovatum
1580 678 1634 710 ac
1665 664 1995 710 continuatum
2029 664 2169 728 usque
2198 666 2255 712 ad
2281 668 2481 731 Augusti

366 743 566 776 mortem
594 730 734 775 fuerit
758 730 842 787 gc),
881 731 983 775 mdc
1015 729 1080 775 est
1112 729 1239 793 quod
1264 730 1514 776 Suetonius
1535 726 1601 789 (d)
1624 727 1809 789 scribit,
1845 729 2116 793 Augustum
2146 732 2362 795 recepiffe
2397 749 2481 779 mo-

364 811 458 842 rum
480 797 687 856 legumque
706 797 881 856 regimen
895 805 1152 856 perpetuum.
1200 795 1302 859 Q'to
1308 794 1438 855 jure,
1469 792 1736 857 subjungit,
1768 810 2004 857 quanquam
2017 799 2109 859 fine
2132 796 2337 858 Censurae
2358 798 2482 844 hono-

363 875 433 917 re,
467 859 623 920 ceassim
646 869 784 907 tamen
799 862 941 920 populi
961 871 1026 906 ter
1047 862 1156 922 egit,
1193 860 1287 907 &c.
1321 859 1504 906 Eodem
1529 858 1670 905 etiam
1697 860 1803 922 jure
1823 861 2031 922 Equitum
2060 871 2223 907 turmas
2241 861 2485 924 frequenter

361 927 618 985 recognovit,
644 923 733 985 post
757 927 917 987 longam
950 926 1289 986 intercapedinem
1324 926 1485 972 reducto
1520 941 1630 972 more
1659 923 1989 987 transvectionis.
2057 927 2144 973 Sed
2160 942 2287 988 neque
2317 927 2484 974 detrahi

360 1003 603 1051 quemquam
629 994 672 1036 in
697 990 996 1053 transvehendo
1018 991 1073 1037 ab
1099 991 1331 1053 accusator-e
1355 992 1499 1052 paffus
1519 990 1572 1052 est
1584 1011 1601 1046 3
1637 991 1745 1051 quod
1754 990 1858 1050 fieri
1869 990 2059 1052 solebat:
2097 991 2280 1054 &senio
2300 993 2372 1038 vel
2399 994 2483 1038 ali·
2546 1049 2547 1054 ¹

361 1069 444 1114 qua
467 1057 641 1114 corporis
671 1056 761 1101 labe
791 1057 1012 1118 instgnibus
1027 1059 1214 1117 permistt
1228 1090 1243 1115 ,
1269 1057 1488 1117 praemiffo
1512 1058 1557 1101 in
1590 1056 1728 1101 ordine
1757 1070 1882 1116 equo,
1916 1057 1976 1102 ad
1994 1056 2310 1119 respondendum
2331 1061 2509 1117 quoties*
2546 1072 2547 1097 1

360 1120 615 1178 citarentur,
643 1121 815 1179 pedibus
837 1114 1009 1179 venire,
1046 1120 1123 1168 &c
1141 1122 1219 1183 (e).
1255 1121 1391 1180 Qiae
1414 1136 1510 1167 non
1535 1135 1696 1182 parum
1720 1118 1921 1166 Nasonis
1942 1119 2100 1167 locum
2115 1154 2131 1178 ,
2153 1136 2292 1183 quem
2316 1119 2482 1168 trasta-
2546 1143 2547 1146 ¹

362 1198 491 1243 mus,
528 1183 784 1244 illustrant,
819 1201 915 1232 non
941 1184 1065 1232 secus
1087 1201 1140 1232 ac
1167 1201 1283 1249 quae
1316 1185 1439 1231 idem
1466 1184 1715 1232 Suetonius
1743 1182 1893 1231 addit:
1929 1185 2247 1248 Impetratisque
2268 1187 2298 1232 a
2324 1185 2482 1232 Senatu
2546 1183 2547 1235 l

359 1249 491 1294 decem
525 1250 813 1310 anutoribus,
847 1267 1168 1313 unumquemque
1191 1253 1398 1312 Equitum
1430 1252 1631 1297 rationem
1658 1251 1779 1296 vitae
1799 1250 1966 1296 reddere
1997 1253 2147 1313 co'e'git:
2182 1259 2305 1312 atque
2323 1266 2373 1295 ex
2401 1252 2482 1297 im·
2526 1274 2547 1299 ι

355 1314 547 1374 probatis
569 1317 675 1361 alios
688 1329 820 1375 poena
835 1349 851 1374 ,
885 1319 989 1362 alios
1010 1318 1231 1379 ignominia
1254 1318 1448 1374 notavit,
1484 1314 1574 1361 &c.
1612 1329 1728 1378 quae
1751 1313 1930 1361 videfis.
2545 1323 2546 1326 ’

431 1379 524 1425 111.
562 1379 774 1443 Singulas
796 1397 937 1443 porro
957 1382 1083 1429 vices
1097 1414 1113 1439 ,
1147 1379 1313 1444 quibus
1335 1380 1564 1444 Equitum
1588 1392 1760 1426 turmas
1780 1378 1972 1442 ipsemet
1987 1378 2227 1444 Augustus
2246 1394 2480 1444 recogno·

361 1444 511 1503 verit,
546 1444 768 1505 definire,
804 1444 1039 1493 silentibus
1060 1444 1343 1505 Historicis,
1377 1444 1511 1491 nobis
1546 1461 1642 1492 non
1675 1444 1801 1491 licet.
1868 1444 2050 1493 Verum
2077 1446 2124 1491 &
2151 1445 2245 1491 hoc
2279 1460 2400 1492 anno
2432 1443 2482 1492 id

361 1509 632 1571 perafftum,
667 1525 775 1556 cum
810 1512 953 1558 modo
977 1510 1155 1561 Noster
1186 1511 1309 1559 suam
1328 1514 1482 1557 Artem
1504 1510 1735 1569 ediderat,
1770 1525 1829 1556 ex
1865 1511 1960 1575 ejus
1990 1510 2141 1557 verbis
2166 1509 2391 1574 colligere
2414 1509 2482 1557 fas

358 1572 438 1619 est.
509 1573 647 1621 Haud
677 1573 817 1640 longe
843 1575 999 1625 saltem
1024 1575 1081 1624 ab
1108 1576 1200 1624 hoc
1223 1591 1438 1640 tempore
1468 1575 1749 1623 removenda
1781 1573 1846 1622 est
1881 1574 2121 1624 noviffima
2153 1574 2257 1638 post
2288 1574 2481 1622 eandem

361 1638 528 1685 Artem
563 1639 734 1687 editam
770 1642 888 1689 fasta
911 1643 1235 1705 Recognitio,
1271 1658 1359 1704 qua
1393 1639 1541 1687 rursus
1564 1639 1694 1689 Naso
1724 1639 1948 1705 probatus
1982 1639 2038 1687 ab
2063 1639 2279 1704 Augusto
2313 1638 2483 1690 deliciia

358 1715 551 1750 notante
574 1704 676 1751 fuit.
747 1705 863 1766 Qo
885 1708 1023 1753 etiam
1044 1705 1217 1769 spe&at
1239 1705 1438 1770 ejusdem
1462 1705 1609 1753 Trist.
1630 1706 1745 1754 Lib.
1769 1706 1832 1753 11.
1855 1721 1969 1754 vers.
1993 1703 2072 1762 89.
2097 1720 2179 1761 90.

488 1773 555 1816 At
590 1772 788 1829 (memini)
821 1775 1037 1835 vitamque
1058 1788 1189 1820 meam
1211 1770 1415 1834 moresque
1427 1773 1636 1832 probabas

551 1834 631 1881 Illo
644 1868 661 1894 ,
694 1852 812 1897 quem
834 1838 1031 1898 dederas,
1055 1840 1389 1899 praetereuntis,
1423 1853 1538 1900 equo.

354 2071 401 2121 A
417 2088 454 2120 N
469 2042 1150 2121 NOJCh215·U.C.Dcc1,1v.

562 2103 761 2159 {Owdn
784 2125 929 2156 xmu.
959 2111 1008 2158 &
1029 2127 1167 2158 XMV,

566 2223 626 2270 C.
662 2224 979 2274 CAESARE
1018 2227 1181 2276 AUG.
1216 2228 1271 2275 F.
1305 2226 1363 2273 L.
1402 2225 1708 2276 AEMILIO
1743 2226 2032 2275 PAULLO
2067 2224 2253 2272 COSS.

356 2335 395 2384 I.
550 2354 692 2401 AJtJM
728 2339 991 2400 Caesarem,
1026 2340 1082 2387 de
1112 2358 1205 2406 quo
1239 2341 1389 2388 Poeta
1427 2341 1582 2388 noster
1617 2341 1665 2386 in
1697 2340 1810 2387 Arte
1837 2340 2078 2388 Amatoria
2110 2340 2260 2399 canit,
2295 2355 2380 2388 ceu
2415 2341 2472 2389 ad

423 2339 532 2514 9
566 2405 820 2452 Parthicam
847 2407 1194 2470 expeditionem
1226 2405 1268 2452 se
1303 2407 1608 2472 accingente,
1643 2405 1737 2451 hoc
1775 2422 1895 2452 anno
1931 2405 2170 2453 consulatu
2201 2404 2472 2454 decoratum
2532 2451 2533 2460 ,

354 2465 420 2513 fui
457 2484 512 2528 e,
547 2469 658 2516 dum
693 2473 808 2517 ultra
829 2472 939 2532 fines
963 2482 1161 2518 extremos
1183 2473 1337 2532 Populi
1358 2474 1543 2518 Romani
1571 2472 1719 2517 bellum
1743 2472 1937 2532 gerebat,
1973 2470 2165 2518 testatur
2184 2471 2471 2536 Cenotaphii
2532 2514 2533 2539 ἢ

355 2532 501 2580 Pisani
534 2534 715 2595 tabula,
750 2552 886 2599 quam
920 2535 1310 2584 Eminentiffimus
1330 2538 1527 2599 Noristus
1550 2534 1720 2598 infigni
1744 2536 1902 2599 Opere
1938 2535 2193 2584 illustravit.
2236 2536 2368 2583 Hinc
2392 2552 2470 2583 ve·
2530 2542 2534 2586 f

352 2612 408 2643 ro
443 2614 553 2645 cum
577 2599 699 2648 reEte
731 2600 1011 2648 doffiffimus
1047 2601 1145 2661 vir,
1181 2602 1230 2650 «Sc
1251 2600 1355 2664 post
1377 2617 1483 2648 eum
1506 2601 1701 2664 Pagius,
1735 2599 2012 2663 deduceret,
2047 2600 2218 2663 Cajum
2257 2601 2306 2647 in
2339 2600 2468 2647 Con-

353 2661 530 2724 sulatu,
564 2663 773 2728 superato
796 2666 1065 2728 Euphrate,
1102 2667 1199 2729 (qui
1223 2667 1400 2730 Syriam
1424 2667 1632 2714 Romani
1655 2665 1798 2713 Orbis
1824 2667 2119 2714 Provinciam
2146 2664 2173 2712 a
2195 2663 2469 2729 Mesopota·
2528 2646 2537 2728 fl

353 2728 446 2773 mia
477 2729 756 2777 Parthorum
790 2731 959 2778 ditioni
993 2731 1193 2794 subjefihi
1223 2731 1595 2789 disterminabat)
1630 2730 1925 2778 barbarorum
1961 2733 2199 2797 regionem
2234 2729 2469 2790 invafiffe,
2513 2710 2536 2796 f

351 2808 564 2856 armaque
586 2795 632 2840 in
654 2796 809 2842 hostili
834 2809 954 2843 terra
975 2797 1308 2844 circumtulisse
1320 2819 1337 2853 3
1376 2798 1439 2844 ita
1463 2797 1511 2845 ὃς
1533 2796 1698 2843 exinde
1723 2812 1818 2842 non
1844 2799 1992 2844 minus
2014 2796 2135 2845 reete
2161 2795 2364 2843 Nasonis
2396 2795 2468 2843 Ιο-
2526 2804 2535 2851 if

355 2872 462 2902 cum
485 2873 541 2903 ex
569 2859 716 2906 Libro
741 2862 1032 2908 Remediorum
1043 2865 1215 2910 Amoris
1238 2863 1564 2927 interpretatus
1587 2860 1652 2908 est
1677 2860 1746 2922 (f)
1772 2861 1828 2907 de
1848 2863 1934 2909 hac
1961 2864 2059 2924 Caji
2078 2861 2277 2909 Caesaris
2296 2861 2346 2908 in
2359 2862 2468 2909 Par·
2526 2867 2534 2931 ¹j

356 2922 529 2969 thicam
553 2922 780 2970 ditionem
812 2927 1089 2989 irruptione.
1158 2927 1347 2975 Etenim
1382 2943 1491 2975 cum
1516 2926 1695 2975 Noster
1718 2925 1929 2988 dixiffet,
1962 2928 2020 2975 ab
2048 2929 2226 2976 Amore
2246 2925 2356 2974 odio
2366 2924 2465 3038 gia-⁶
2525 2950 2531 2986 ς,

2188 3006 2192 3010 ·
2400 3004 2466 3037 en
2524 3008 2526 3033 r

2545 1370 2547 1388 l

2543 1516 2546 1532 Ι

2544 2255 2547 2265 4

2536 2406 2540 2443 2

2535 2506 2538 2524 ¹

2493 2466 2495 2468 .
2536 2445 2539 2471 Ι

2535 2480 2539 2503 l

411 3049 473 3100 (a)
503 3048 589 3091 Dio
614 3049 704 3092 Lib.
727 3050 835 3093 LIV.
857 3065 895 3105 p.
920 3066 1013 3106 521.
1061 3062 1063 3065 '

409 3102 473 3153 (b)
506 3101 588 3143 Dio
610 3103 697 3145 Lib.
718 3103 837 3146 L1V.
858 3119 894 3159 p.
919 3119 1008 3159 527.

368 3154 476 3249 ’(ἕ)
504 3154 840 3251 Εἱὶᾏὲἰέἒὶιίν..
863 3173 902 3212 p.
927 3173 1020 3215 542.

406 3210 474 3312 {eg
501 3223 670 3304 Suetong.
691 3243 739 3305 in·
754 3222 859 3317 liiig.
878 3279 912 3306 c.
933 3265 999 3320 38.

409 3316 475 3369 (f)
507 3311 574 3358 De
594 3317 744 3360 Cenot.
769 3318 892 3361 Pisan.
915 3332 1004 3376 pag.
1027 3319 1120 3375 248.
1145 3321 1236 3365 vide
1253 3322 1291 3366 ἃ
1306 3322 1396 3378 Jani
1414 3324 1587 3379 Templ.
1607 3323 1746 3368 Refer.
1770 3336 1810 3377 p.
1836 3333 1924 3377 347,
