2547 3708
358 138 453 191 182
873 124 1932 182 DEDICATIONESnw

362 227 517 275 &ione
537 227 800 292 frequenter
823 226 925 273 usus
947 225 1032 272 effe
1053 223 1240 269 dicitur.
1309 221 1451 268 Licet
1474 221 1547 266 alii
1569 220 1780 278 tradant,
1815 219 2079 266 Theoclem
2108 221 2319 270 Naxium
2336 257 2351 282 ,
2379 226 2466 278 five
2510 241 2518 258 ³

362 297 520 355 potius
554 295 890 355 hi·ythraeum,
925 291 1187 352 frequenter
1218 302 1298 349 per
1328 286 1494 331 amoris
1528 284 1741 331 insaniam
1774 284 2080 330 vociferatum
2114 286 2226 344 effe,
2263 288 2305 346 οἱ,
2329 292 2374 348 a}
2395 296 2462 351 057⁰:
2512 326 2513 349 ζ

364 359 471 404 inde
503 360 678 421 aliquot
713 358 875 403 additis
913 357 1081 412 literis,
1115 354 1308 415 elegiam
1344 349 1530 397 dielam.
1599 348 1755 404 Quam
1778 350 2112 412 etymologiam
2140 350 2282 398 secuti
2310 355 2464 405 viden·
2528 378 2535 402 .-

366 436 445 469 tur
464 424 566 482 illi,
601 423 679 485 qui
708 421 1074 477 contenderunt,
1108 418 1298 480 elegiam
1326 415 1582 479 producere
1608 417 1782 475 priores
1807 414 1916 459 duas
1938 413 2136 477 syllabas.
2205 418 2294 462 His
2319 431 2466 468 tamen
2528 443 2529 446 ¹

366 488 620 551 refragatur
643 488 888 548 Papinius,
923 486 1053 547 cujus
1088 483 1175 527 tale
1208 481 1272 527 est
1305 482 1352 526 in
1379 479 1527 541 Sylvis
1550 494 1759 524 carmen:
1797 477 1926 537 Qias
1959 480 2077 525 inter
2101 479 2234 526 vultu
2266 485 2468 544 petulans
2514 482 2515 486 ’

366 553 512 616 elegia
536 553 830 615 propinquat.
867 551 988 595 Item
1014 546 1190 593 Persius
1213 547 1373 608 Satyra
1403 559 1441 589 1.
1479 544 1658 589 dicens:
1697 542 1837 589 Ebria
1860 555 2067 601 veratro,
2101 560 2195 590 non
2218 545 2252 596 fi
2270 563 2358 609 qua
2383 550 2467 595 cle.
2516 588 2517 595 ἵ

366 619 442 680 gia
467 616 611 662 crudi.
683 616 794 661 Nec
815 613 1028 670 defuere,
1064 612 1142 674 qui
1167 610 1223 656 ab
1246 609 1491 668 ἐλεροεὶνειν,
1528 607 1653 670 quod
1685 607 1750 654 est
1775 607 1990 667 insanire,
2025 608 2193 655 diffram
2221 611 2466 662 voluerint:
2522 634 2525 650 ³

259 709 268 713 ·-
314 714 318 717 -
367 681 493 743 quod
528 693 680 724 mente
710 691 869 740 captus
893 677 1157 732 Theocles,
1191 675 1248 721 de
1271 691 1364 737 quo
1390 673 1519 736 supra
1541 672 1716 720 dietum
1738 673 1836 731 >est,
1870 689 1926 719 eo
1950 675 2163 719 carminis
2194 690 2362 738 genere
2388 694 2466 724 vo·

368 740 579 790 ciferatus
607 743 675 789 fit.
743 744 902 789 Primo
936 742 1081 805 igitur
1113 756 1181 786 res
1219 753 1401 794 tantum
1438 737 1622 796 tristeS,
1646 754 1698 785 ac
1730 737 2020 784 miseriarum·
2045 739 2229 801 plenae,
2264 741 2466 804 elegiaco
2525 772 2528 785 .

369 806 497 856 versu
520 807 908 854 describebantur.
979 807 1102 852 Mox
1129 805 1175 850 &
1199 805 1366 862 laetae,
1403 801 1662 865 praesertim
1692 819 1894 862 amores,
1929 819 1985 849 eo
2013 817 2163 850 metro
2185 807 2284 851 cani
2309 822 2470 870 coepe·
2520 803 2539 864 ᾗ

365 884 489 918 runt.
525 874 650 934 quod
678 873 726 919 ὃς
752 874 943 919 Flaccus
965 871 1012 915 in
1037 871 1153 916 Arte
1180 870 1362 932 poetica
1386 868 1447 914 fic
1470 867 1696 915 ostendit:
1734 868 1954 915 Versibus
1978 869 2212 932 impariter
2230 871 2402 933 junelis
2425 885 2477 926 (τά,
2520 859 2533 888 ¹²

366 937 511 998 legeia
546 938 777 999 primum,
814 936 924 984 Post
956 935 1095 981 etiam
1121 932 1303 981 'inclusa
1335 933 1401 980 est
1436 934 1537 979 voti
1569 933 1789 980 sententia
1823 950 2032 997 compos,
2100 934 2398 982 Unde'Naso
2424 938 2472 988 im
2522 963 2523 969 κ

365 1001 605 1048 Remediis
630 1004 716 1048 ait:
753 1001 927 1049 Blanda
951 1001 1237 1061 pharetratos
1260 1000 1432 1062 elegeia
1456 1010 1611 1044 cantet
1636 1013 1825 1044 amores.
1862 998 2077 1062 1n-elegis
2097 997 2341 1047 scribendis
2355 1003 2479 1063 apud&

368 1066 576 1112 Graecos
612 1071 684 1127 (ut
709 1066 766 1112 de
790 1064 1142 1129 ignobilioribus
1165 1062 1655 1114 taceamrfiomerunt
1681 1063 2023 1122 Callimachus,
2058 1064 2136 1123 qui
2168 1065 2214 1109 in
2249 1065 2341 1110 hoc
2365 1066 2470 1114 scri·

365 1129 505 1176 bendi
525 1146 690 1193 genere
715 1131 928 1193 princeps
948 1129 1129 1175 habitus
1151 1129 1215 1175 est
1233 1147 1242 1175 ε
1259 1118 1548 1185 &Philetas,
1583 1129 1662 1190 qui
1686 1126 1899 1174 secundas
1923 1128 2139 1173 consensu
2167 1128 2470 1191 plurimorum

370 1198 639 1259 occupavit.
706 1197 810 1242 Hos
834 1195 1126 1242 seimitatum
1161 1192 1318 1251 fuisse,
1356 1193 1623 1256 Propertius
1644 1192 1721 1239 lib.
1754 1202 1857 1238 141.
1882 1193 1950 1239 his
1976 1194 2251 1240 carminibus
2275 1194 2443 1242 fatetur
2458 1215 2474 1245 ε

366 1259 643 1307 Callimachi
668 1276 844 1319 manes,
878 1259 927 1306 δί
943 1259 1035 1305 Coi
1060 1259 1179 1305 sacra
1202 1259 1434 1317 Philetae,
1471 1259 1524 1304 ln
1551 1256 1751 1304 vestrum
1776 1257 1937 1319 quaeso
1963 1274 2037 1303 me
2061 1257 2192 1304 finite
2215 1260 2278 1304 ire
2299 1276 2472 1309 nemus.
2494 1263 2497 1266 ’
2527 1268 2531 1304 ἓ

368 1324 491 1371 unde
513 1325 648 1371 etiam
680 1324 722 1370 se
744 1327 1014 1372 Romanum
1039 1323 1396 1370 Callimachum>
1416 1323 1629 1387 appellat.
1698 1323 1828 1369 Nalo
1861 1338 2073 1385 quoque,
2108 1322 2232 1385 quasi
2257 1324 2473 1372 Callima·-
2528 1357 2534 1380 5

371 1389 450 1435 chi
477 1390 707 1448 aemulus,
744 1390 790 1436 in
815 1390 1065 1436 Amoribus
1090 1390 1266 1452 inquit:
1307 1388 1414 1446 Est,
1450 1404 1563 1451 quae
1585 1387 1860 1434 Callimachi
1890 1404 1995 1451 prae
2020 1388 2184 1435 nostris
2216 1389 2385 1436 rustica
2406 1390 2474 1437 di-
2528 1391 2530 1400 '

369 1469 443 1500 cat
469 1453 697 1500 Carmina.
768 1454 979 1501 Catullus
1013 1457 1150 1501 etiam
1179 1453 1219 1500 se
1244 1453 1520 1499 Callimachi
1548 1452 1796 1499 studiosum
1829 1452 2058 1512 ostendit,
2092 1452 2146 1499 ad
2170 1454 2390 1501 Ortalum
2415 1456 2477 1503 ita
2529 1475 2534 1502 ε

370 1518 596 1566 scribens:
637 1518 722 1566 Sed
752 1520 978 1566 tamenin
998 1521 1135 1566 tantis
1168 1518 1453 1565 moeroribus
1476 1518 1642 1565 Ort-ale
1673 1520 1831 1565 mitto.
1876 1518 2008 1577 Haec
2030 1517 2231 1581 expressa
2263 1520 2351 1566 tibi
2381 1536 2486 1567 car·-
2531 1574 2533 1585 Ι

369 1584 493 1630 mina
518 1584 764 1630 Battiadae.
826 1585 932 1630 Nec
955 1582 1235 1648 ineleganter
1256 1584 1420 1647 elegias
1444 1582 1660 1648 scripsisse
1682 1583 1968 1629 existimatur
1991 1583 2284 1646 Euphorion.
2330 1584 2477 1648 ‘Apud
2531 1620 2534 1647 3

372 1648 568 1694 Latinos
593 1665 701 1694 vero
728 1649 846 1695 inter
869 1649 1113 1713 Elegiacos
1138 1651 1298 1712 poetas
1326 1652 1522 1694 maxime
1541 1649 1740 1695 celebres
1762 1646 1978 1705 fuerunt,
2014 1648 2253 1706 Catullus,
2290 1648 2479 1709 Calvus,

373 1711 622 1759 Cornelius
647 1712 837 1771 Gallus,
875 1715 1172 1777 Propertius,
1208 1713 1457 1773 Tibullus,
1492 1713 1538 1760 δε
1563 1713 1779 1769 Ovidius.
1848 1709 1936 1760 Sed
1961 1712 2096 1758 Calvi
2124 1713 2171 1759 ὅτ
2196 1714 2322 1759 Galli
2356 1715 2485 1761 nulla.
2532 1702 2534 1720 ’

373 1790 535 1825 extant
573 1794 726 1841 opera.
794 1778 1053 1837 Tibullus,
1078 1779 1208 1825 Fabii
1236 1779 1446 1842 judicio,
1481 1777 1621 1825 tersus
1645 1779 1897 1842 &elegans
1930 1777 2120 1836 aufilor,
2154 1777 2327 1841 elegiae
2353 1780 2478 1843 prin·

374 1857 497 1904 ceps.
566 1843 686 1889 Sunt
710 1844 788 1906 qui
807 1844 1102 1906 Propertium
1129 1844 1305 1890 malint.
1374 1843 1576 1891 Ovidius
1599 1857 1798 1906 utroque
1836 1842 2071 1901 lascivior,
2106 1842 2177 1887 sed
2213 1844 2410 1889 maxime
2433 1860 2480 1890 e-¹
2533 1860 2536 1887 ε

375 1905 591 1953 τηυηᾶυε
615 1907 663 1954 &
686 1908 971 1971 perspicuus:
1008 1910 1086 1971 qui
1108 1910 1276 1954 mirum
1303 1910 1351 1954 in
1376 1908 1567 1954 modum
1592 1909 1684 1954 hoc
1710 1907 1933 1953 scribendi
1957 1922 2100 1969 genus
2133 1906 2397 1967 deceravit,
2429 1922 2481 1963 ut
2534 1954 2537 1960 ,

372 1987 469 2017 non
497 1973 729 2019 immerito
754 1972 846 2034 ipse
867 1973 923 2018 de
947 1973 988 2019 se
1012 1973 1206 2019 dixerit:
1242 1974 1455 2019 Tantum
1479 1972 1520 2018 se
1545 1973 1676 2019 nobis
1710 1973 1828 2035 elegi
1864 1971 2028 2017 debere
2051 1971 2282 2031 fatentur,
2317 1972 2482 2032 Qan-
2534 1966 2538 2017 't

377 2050 475 2082 tum
506 2037 711 2100 Virgilio
737 2037 891 2083 nobile
913 2037 1051 2084 debet
1074 2054 1204 2101 opus.
1241 2037 1360 2084 Illud
1385 2051 1600 2100 tanquam
1626 2037 1919 2083 corollarium
1944 2052 2026 2081 nos
2050 2036 2303 2100 adjunxisse
2327 2037 2490 2097 libuit,
2536 2066 2538 2097 ρ

378 2101 592 2146 Sacadam
617 2102 843 2163 quendam
859 2104 1055 2166 Argium
1079 2105 1280 2166 primum
1303 2102 1467 2165 elegias
1487 2102 1540 2147 ad
1563 2101 1761 2149 musicos
1785 2101 2030 2164 rhythmos
2051 2116 2210 2146 canere
2232 2100 2487 2148 instituisses
2536 2100 2539 2154 ἶ

376 2165 424 2210 T
429 2180 453 2209 e
469 2178 724 2226 praeterea,
739 2165 931 2213 studiose
952 2168 1123 2227 le&or,
1138 2167 1285 2214 statim
1311 2170 1357 2214 in
1380 2168 1611 2230 principio
1635 2167 1972 2229 praemonitum
1995 2165 2080 2210 effe
2103 2166 2328 2211 voluerim
2345 2182 2480 2225 ,nos3

379 2244 485 2274 cum
515 2230 743 2291 permulta
769 2232 996 2278 Amorum
1029 2233 1227 2279 Nasonis
1251 2233 1529 2293 exemplaria
1553 2232 1863 2293 manuscripta
1884 2229 2016 2275 nobis
2048 2229 2239 2276 videnda
2270 2229 2491 2293 contigez

380 2294 468 2351 rit,
504 2295 550 2338 in
582 2294 747 2355 quibus
778 2296 990 2359 pleraque
1022 2300 1144 2343 varie
1178 2298 1464 2360 legerentur,
1501 2295 1720 2342 lestiones
1755 2296 1929 2341 omneis
1954 2295 2123 2353 variaS,
2157 2311 2270 2357 quae
2293 2295 2486 2360 alicujus

381 2359 609 2403 momenti
631 2359 715 2403 effe
740 2360 1041 2419 videbantur,
1079 2361 1236 2407 nostris
1263 2360 1383 2406 hisce
1406 2361 1745 2406 commentariis
1777 2359 2027 2418 inseruiffe,
2063 2375 2119 2404 ne
2152 2361 2366 2422 cuiquam
2401 2360 2482 2406 do·
2540 2374 2547 2390 ³*

382 2421 517 2468 &lori
533 2421 769 2484 judicandi
793 2423 982 2470 facultas
1012 2426 1276 2486 eriperetur.
1346 2425 1553 2471 Voluisse
1576 2425 1786 2486 insuper,
1822 2437 1874 2470 ut
1896 2440 2002 2485 quas
2035 2425 2178 2488 magis
2209 2425 2483 2487 approbare·
2546 2473 2547 2476 ,

381 2482 515 2545 inus,
551 2503 626 2532 eae
653 2486 793 2533 ess'ent
822 2489 899 2534 ini
942 2488 993 2534 fis
1024 2488 1173 2534 libris:
1210 2490 1287 2551 qui
1313 2488 1455 2535 dubio
1488 2489 1652 2550 procul
1685 2488 2009 2552 castigatissimi
2044 2491 2282 2547 omnium,
2319 2490 2398 2552 qui
2431 2487 2484 2534 ad
2541 2508 2542 2513 ¹

385 2551 503 2597 hanc
525 2551 645 2597 diem
672 2551 873 2614 impreffi
895 2505 1024 2611 (lint,
1058 2552 1285 2616 legentur.
1356 2554 1407 2599 N
1414 2569 1466 2599 ec
1489 2570 1609 2611 non,
1643 2567 1695 2599 ut
1717 2552 1743 2599 a
1765 2555 1995 2616 principio
2018 2554 2206 2617 Elegiae
2229 2555 2401 2616 primae
2433 2553 2484 2600 li-.

384 2615 456 2661 bri
480 2617 616 2678 primi
638 2617 1011 2679 disjungerentur
1032 2631 1230 2680 quatuor
1248 2618 1323 2664 illa
1345 2618 1569 2664 carmina:
1606 2618 1704 2676 Qui
1731 2617 1872 2664 nudo
1893 2617 2086 2665 Nasonis
2104 2619 2332 2665 fueramus
2355 2619 2486 2681 quin-l
2542 2621 2543 2673 3

386 2695 474 2743 que
497 2680 653 2728 libelli.
699 2682 820 2728 Tres
844 2681 1018 2728 sumus:
1056 2682 1148 2728 hoc
1171 2682 1236 2729 illi
1258 2683 1473 2745 praetulit
1506 2682 1664 2730 au&or
1694 2699 1824 2746 opus.
1895 2683 1964 2729 Ut
1990 2686 2084 2746 jam
2118 2683 2244 2729 nulla
2274 2683 2358 2729 tibi
2395 2687 2485 2728 non
2542 2709 2545 2716 ι

390 2744 445 2792 fit
470 2745 624 2808 legisse
648 2744 889 2808 voluptas:
927 2748 993 2793 At
1018 2747 1163 2793 levior
1183 2747 1382 2809 demptis
1404 2763 1551 2811 poena
1570 2747 1750 2794 duobus
1772 2748 1876 2794 erit.
1944 2746 2081 2807 Qiae
2112 2761 2243 2794 antea
2267 2749 2314 2794 in
2336 2747 2486 2793 omni·-
2544 2751 2545 2779 ἓ

386 2809 473 2855 bus
500 2822 593 2856 tam
616 2809 858 2872 impressis,
894 2827 1029 2874 quam
1054 2828 1187 2857 manu
1208 2810 1386 2876 scriptis
1407 2810 1769 2875 exemplaribus,
1804 2812 2398 2876 conjunstim-legebantur.
2434 2812 2488 2862 In
2544 2819 2546 2839 ἶ

391 2889 484 2935 quo
508 2874 631 2920 nulla
654 2874 785 2924 nobis
809 2878 1094 2938 arrogantiae
1115 2889 1193 2922 aut
1215 2877 1481 2923 temeritatis
1502 2890 1613 2924 nota
1639 2879 1732 2938 jure
1756 2879 1992 2935 inuretur,
2009 2876 2042 2922 fi
2065 2879 2164 2939 quis
2187 2892 2281 2922 rem
2305 2889 2487 2922 omnem

390 2937 657 3000 diligentius
678 2937 997 2986 considerabit.
1064 2940 1260 3004 Quippe
1283 2941 1583 2989 tetrastichon
1606 2935 1721 2988 illud
1757 2947 1827 3004 (ut
1852 2943 1947 3006 ejus
1970 2941 2113 2988 sensus
2138 2939 2330 2994 indicat)
2365 2954 2487 3002 prae·
2546 2975 2547 2992 ᾖ

391 3002 601 3066 positum
620 3000 645 3048 a
671 3002 859 3050 Nasone
884 3005 1067 3051 videtur
1095 3006 1238 3052 tribus
1265 3008 1494 3053 Amorum
1518 3007 1641 3054 libris
1658 3006 2094 3071 :quemadmodum
2118 3005 2237 3051 idem
2265 3008 2311 3053 in
2334 3005 2487 3052 Ponto
2546 3007 2547 3010 ’

392 3067 618 3129 relegatus
640 3064 834 3113 sodalem
861 3069 1082 3132 quendam
1109 3069 1237 3116 suum
1263 3072 1476 3136 rogavit,
1498 3086 1550 3118 ut
1577 3072 1878 3120 hexastichon
1905 3070 2345 3133 Metamorphoseon
2368 3067 2489 3135 libris

393 3144 709 3195 praeponeret.
780 3134 856 3180 Sic
879 3136 1002 3182 enim
1032 3136 1078 3182 in
1100 3135 1252 3199 primo
1280 3138 1335 3183 de
1359 3137 1588 3185 Tristibus
1612 3139 1790 3202 inquit:
1829 3138 1930 3184 Hos
1955 3151 2141 3198 quoque
2174 3141 2246 3182 lex
2274 3133 2422 3183 versus
2443 3131 2490 3177 in

394 3198 543 3259 prima
563 3196 716 3245 fronte
742 3197 886 3247 libelli
902 3233 918 3260 2,
954 3202 1003 3251 Si
1030 3203 1378 3266 praeponendos
1399 3201 1485 3251 effe
1507 3202 1719 3267 putabi3‚
1753 3202 1885 3252 habe.
1927 3200 2060 3252 Orba
2078 3213 2263 3265 parente
2285 3196 2489 3259 suo-qui*

2376 3274 2487 3311 CUB-
