2547 3708
866 93 896 154 1
1039 97 1086 156 B

1230 93 1260 156 t
1405 97 1456 156 S.
2174 118 2240 172 35·

377 199 810 273 Nom‘inibusque
831 199 1008 264 maliS‚
1044 196 1378 272 pedibusque
1402 201 1672 257 occur-rite
1696 200 1887 270 laevis,

454 273 524 328 Et
547 274 729 348 nigrae
754 273 921 330 vestes
945 289 1173 345 corpora
1199 274 1364 327 vestra
1391 286 1587 345 tegant.

372 345 468 413 Tu
492 364 711 419 quoque
735 346 866 419 quid
894 346 1101 401 dubitas
1124 345 1308 400 ferales
1341 347 1550 402 sumere
1576 348 1762 404 vittas?

443 419 565 493 Jam
593 419 718 486 stat,
756 432 814 476 ut
839 419 948 490 ipse
972 418 1149 482 vides,
1187 418 1388 476 funeris
1416 436 1503 475 ara
1527 421 1620 478 tui„

81 657 229 702 terent,
256 655 356 696 unde
376 655 475 695 Naso
503 662 654 700 contra,
676 653 786 694 ’malis
814 654 1030 694 nominibus
1049 656 1121 694 ho·

82 709 200 746 mines
218 707 326 746 Ibidis
348 709 399 746 sui
419 706 592 745 sacrificio
617 705 785 745 interesse
807 708 919 756 cupit.
971 707 1033 745 De
1052 707 1121 744 hac

79 757 332 807 superstitione
344 759 476 796 Cicero
497 756 556 795 lib.
569 769 596 794 1.
615 756 662 795 de
677 757 809 795 Divin.
838 764 992 809 Itemque
1008 757 1047 795 in
1067 757 1123 794 lu·

72 809 224 857 stranda
237 808 379 847 Colonia
389 807 434 846 ab
445 821 479 846 eo
491 835 503 854 ,
514 807 575 859 qui
591 821 669 845 eam
687 807 864 846 deduceret
877 837 888 853 ‚
898 820 942 849 <9⁶
957 821 1038 847 cum
1052 814 1124 846 Im-

78 868 220 909 perator
240 860 448 905 exercitum,
476 861 600 908 Censor
626 859 788 908 populum
814 859 1000 908 lustraret,
1028 858 1122 897 bonis

81 909 291 956 nominibus,
302 910 362 961 qui
373 909 495 955 hostias
505 909 895 959 ducerent,eligebantur
905 926 917 954 ;
931 911 1022 960 quod
1030 910 1122 948 idem

78 961 119 999 in
137 961 265 999 delee‘lu
281 961 440 1009 Consules
459 960 642 1008 observant
655 988 666 1005 ,
679 972 720 998 ut
731 960 863 1011 primus
875 961 972 999 miles
982 961 1053 1008 fiat
1064 961 1120 998 bo-

80 1024 127 1049 no
146 1011 292 1049 nomine.
317 1012 451 1050 Plinius
467 1011 528 1050 lib.
553 1023 694 1050 xxvm.
717 1023 798 1061 cap.
812 1025 846 1051 ι.
883 1018 959 1050 Cur
975 1011 1122 1061 publicis

80 1061 196 1109 lustris
219 1063 325 1100 etiam
355 1062 500 1099 nomina
525 1062 689 1100 vieiimas
723 1062 925 1101 ducentium
951 1064 1122 1113 prosperas

79 1113 245 1161 eligimus.
279 1115 388 1162 Quae
408 1124 500 1151 vero
523 1113 658 1152 Cicero
685 1112 957 1159 bonanomina,
984 1114 1121 1152 Plinius

77 1165 232 1213 prospera
251 1173 382 1209 vocat,
410 1164 607 1202 Suetonius
626 1164 664 1202 in
681 1163 847 1213 Caligula
858 1164 982 1213 fausta
1001 1165 1094 1203 dixit
1106 1193 1118 1211 ‚

81 1221 123 1252 ut
141 1216 179 1251 δ(
203 1214 355 1253 Tacitus
374 1215 436 1254 lib.
457 1227 511 1253 iv.
530 1215 668 1253 Histor.
694 1215 749 1253 his
769 1215 908 1254 verbis:
936 1215 1119 1254 Undecimo

38 1293 43 1298 .
77 1264 230 1301 Kalend.
251 1265 374 1311 Julius
384 1265 508 1315 serensi
530 1265 601 1303 luce
603 1266 759 1315 spatium
781 1279 880 1304 omne
893 1294 903 1311 ‚
923 1268 1014 1317 quod
1032 1277 1119 1304 tem-

77 1313 133 1364 plo
163 1315 372 1360 dicabatur,
402 1316 581 1354 evinffum
610 1316 739 1363 vittis,
768 1317 963 1367 coronisque
991 1316 1124 1367 ingreffi

77 1364 230 1412 milites,
250 1366 373 1415 quibus
396 1367 512 1416 fausta
540 1367 684 1405 nomina
702 1396 712 1413 ,
733 1368 895 1414 felicibus
913 1370 1034 1406 ramis.
1063 1369 1121 1406 Sic

77 1417 180 1454 enim
198 1417 296 1457 reete
315 1417 458 1467 Lipsius
478 1419 708 1457 emendavit.
731 1418 834 1458 Bona
852 1428 975 1458 autem
998 1422 1122 1458 nomi-

80 1478 129 1505 na
149 1477 274 1514 erant,
302 1480 347 1507 ex
378 1469 509 1518 quibus
531 1470 667 1519 aliquid
687 1469 776 1509 boni
798 1472 934 1509 ominis
953 1473 1029 1509 erui
1052 1483 1118 1520 po-

80 1525 199 1563 terat,
227 1528 267 1558 ut
299 1519 473 1565 Valerius,
502 1520 644 1558 Salvius
664 1549 674 1566 ,
702 1523 776 1559 &c.
818 1522 914 1560 mala
937 1521 957 1560 ὲ
988 1523 1120 1572 quibus

81 1569 194 1614 mali,
223 1578 263 1608 ut
284 1570 443 1618 Hostilius
463 1599 474 1616 ,
510 1572 644 1610 Furius.
681 1571 825 1611 Festus:
864 1578 974 1610 Lacus
1000 1574 1121 1611 Lucri·

82 1631 150 1657 nus
174 1621 212 1657 in
233 1621 457 1671 vestigalibus
480 1623 627 1672 publicis
651 1624 783 1673 primus
805 1623 940 1661 locatur
960 1621 1123 1662 emendus

82 1671 208 1708 ominis
240 1672 318 1709 boni
340 1672 459 1721 gratia
473 1701 483 1718 ‚
511 1686 551 1711 ut
569 1674 700 1711 deleetu
723 1675 865 1723 censuve
880 1675 988 1724 primi
1010 1675 1123 1714 nomi-

83 1732 217 1759 namur
241 1723 417 1768 Valerius,
446 1724 609 1768 Salvius,
637 1726 820 1764 Statorius.
858 1726 1004 1766 Scilicet
1021 1727 1123 1765 omi-

82 1783 131 1810 na
151 1774 338 1821 captabant
360 1786 403 1812 ex
423 1777 657 1822 nominibus,
684 1776 788 1825 quod
809 1776 925 1815 Plauti
941 1777 1124 1816 locusdo-

84 1830 145 1860 cet
163 1823 265 1862 Persa
290 1836 340 1862 iv.
359 1825 480 1871 vs.71.
508 1826 568 1864 ubi
590 1839 675 1865 cum
688 1828 777 1865 leno
788 1828 1122 1868 Dordalusnomen

63 1871 244 1960 {affinis
264 1874 477 1926 quaesisset,
505 1877 564 1915 illa
591 1878 786 1928 respondet
805 1891 883 1929 quo
904 1880 1125 1920 vendibilior

137 2007 208 2017 ·—
234 2010 296 2019 —
322 1993 464 2031 Lucridi
482 2005 605 2031 nomen
624 1992 662 2030 in
681 1994 800 2042 patria
808 1994 908 2041 fuit:

84 2035 250 2084 Subinde
270 2041 451 2081 Toxilus:

138 2109 275 2142 Nomen
296 2117 402 2158 atque
435 2120 533 2145 omen
560 2106 744 2156 quantivis
771 2107 815 2153 est
832 2107 954 2155 pretii,
983 2108 1069 2157 quin
1088 2117 1129 2146 tu

268 2156 358 2195 hanc
375 2160 470 2196 emis.

87 2203 293 2257 Statimque
309 2208 420 2247 leno:

141 2279 205 2288 —
230 2280 292 2289 —
317 2280 380 2290 —
405 2281 476 2291 ——
503 2259 590 2298 site
612 2271 743 2305 emam,

139 2308 236 2348 Mihi
254 2323 384 2361 quoque
405 2311 588 2357 Lucridem·
606 2311 733 2358 confido
746 2311 823 2357 fhre
842 2319 886 2349 te.

84 2373 309 2425 Pythagorei
333 2377 400 2416 tria
416 2376 603 2426 ponebant
616 2404 627 2419 ,
647 2376 775 2413 Fatum
794 2404 803 2419 ‚
830 2376 996 2416 Genium
1009 2405 1021 2423 ‚
1042 2376 1127 2414 No·

89 2437 179 2464 men
192 2454 202 2471 ‚
229 2427 320 2465 haec
334 2428 462 2466 omnia
481 2427 506 2465 fi
527 2427 750 2464 conveniant
769 2427 913 2475 optime
927 2457 937 2472 ‚
950 2437 1012 2468 aut
1023 2428 1128 2478 peffi-

89 2488 155 2515 me
173 2478 349 2517 nobicum
370 2480 423 2527 agi
441 2507 451 2524 ,
490 2478 540 2516 fin
568 2479 689 2516 minus
711 2485 844 2515 eventa
865 2479 1029 2526 misceri,
1051 2480 1128 2518 ani-

91 2538 197 2566 mum
211 2556 222 2573 ‚
250 2529 413 2568 actiones
434 2541 500 2578 pro
524 2529 702 2579 cujusque
721 2529 772 2567 vi.
807 2528 922 2577 Igitur
940 2531 1033 2570 haec
1060 2543 1125 2580 pov

91 2577 221 2617 strema
243 2579 318 2619 duo
348 2580 522 2620 mutanda
542 2580 714 2624 censent,
742 2587 851 2628 atque
873 2581 920 2618 ita
936 2583 1125 2621 fortunam

95 2637 278 2669 mutatum
300 2632 354 2669 iri.
407 2631 518 2670 Certe
547 2642 685 2680 magno
706 2630 823 2669 studio
841 2639 984 2672 veteres
1004 2634 1129 2672 conati

95 2675 176 2714 sunt
200 2705 211 2722 2
254 2690 294 2726 ut
322 2681 473 2732 infignia
503 2686 657 2721 nomina
685 2681 805 2720 liberis
838 2684 1131 2731 imponerentur.

97 2727 258 2784 Hebraei
278 2733 400 2778 enirn,
429 2734 613 2772 Graeciae
624 2740 768 2771 veteres
780 2732 917 2771 Arabes
937 2746 1129 2785 nunquam

97 2776 173 2815 fine
192 2778 315 2828 aliquo
335 2782 532 2831 significatu
545 2784 730 2829 ,Romani
742 2793 833 2822 vero
845 2795 923 2823 non
940 2785 1015 2824 fine
1028 2787 1131 2824 Deo-

97 2838 186 2885 rum·
215 2829 388 2870 consensu
412 2835 567 2872 nomina
597 2835 772 2873 indebant
797 2862 806 2877 ‚
833 2837 971 2885 quippe
991 2837 1133 2886 semper

97 2878 205 2934 fabiis
224 2878 339 2935 sacris.
376 2883 479 2930 Quin
498 2885 607 2922 etiam
630 2885 747 2933 priscis
766 2885 991 2925 Francorum
1011 2889 1136 2927 nomi-

96 2929 203 2968 nibus
215 2957 226 2975 ,
255 2930 390 2979 aliquid
412 2933 526 2971 inerat
543 2934 768 2984 fignificatus.
794 2936 898 2974 Idem
913 2938 960 2975 est
973 2940 1115 2976 conrad
1126 2967 1139 2985 ,

97 2981 203 3027 quod
233 2981 394 3020 consulta
414 2983 574 3022 audacia.
605 2986 792 3023 fridericus
807 3014 817 3032 ,
839 2988 941 3037 quod
970 2991 1066 3037 pacis
1085 2990 1140 3029 di-

97 3039 165 3071 ,ves
179 3059 188 3076 ‚
200 3031 426 3081 Guijcardus,
437 3033 539 3083 quod
549 3035 710 3074 versatile
720 3037 922 3085 ingenium.
950 3041 1037 3078 carl
1046 3053 1141 3091 quo-

101 3092 176 3131 que
189 3094 263 3121 vox
275 3084 324 3121 est
338 3112 350 3128 ,
369 3083 442 3132 qua
460 3085 571 3123 fortes
589 3086 654 3123 viri
667 3085 964 3134 designabantur;
984 3091 1020 3130 id
1033 3094 1132 3130 enim

103 3132 155 3169 est
175 3135 348 3171 Carlman
369 3136 471 3184 quod
494 3137 679 3182 Andreas,
710 3136 833 3175 Latini
852 3141 1018 3179 carolum
1038 3144 1136 3182 fece-

103 3191 156 3219 re.
180 3183 342 3241 Tantam
355 3194 478 3225 autern
502 3188 578 3225 vim
598 3186 668 3226 effe
689 3187 726 3225 in
747 3189 959 3230 nominibus
986 3193 1135 3242 quidam

103 3232 359 3285 crediderunt,
386 3245 427 3278 ut
444 3249 539 3288 quae
558 3238 721 3279 numeris
733 3238 964 3290 eminerent,
991 3245 1141 3293 caeteris

2057 516 2223 575 Pom}

1176 652 1409 692 inferioribus
1435 654 1551 704 longe
1588 654 1861 708 praestantiora*
1883 655 2120 706 felicioraque
2151 654 2223 695 effe

1177 713 1356 754 putarent.
1381 706 1640 753 Quamobrem
1654 707 1803 746 ducibus
1820 708 2006 756 ‚ungulari
2024 708 2226 746 certamine

1178 756 1390 804 congressis,
1400 756 1564 795 exliteris
1581 759 1880 803 numerabilibus,
1891 760 2034 808 quaein
2046 759 2224 806 cujusque

1178 808 1336 845 nomine
1363 807 1635 856 reperiebantur
1650 837 1659 854 ‚
1687 821 1801 847 omen
1825 809 2015 859 captabant
2035 810 2224 847 victoriae,

1178 857 1263 895 Hac
1279 858 1422 895 ratione
1441 858 1648 896 Hectorem
1661 860 1830 898 Patroclo
1842 888 1853 904 ,
1881 860 2063 898 Achillem
2078 859 2226 897 Hecto-

1178 920 1217 947 re
1237 908 1460 956 superiorem
1483 908 1636 948 extitisse
1659 919 1882 949 memorant.
1920 910 2094 948 Hectoris
2120 910 2223 949 enim

1177 971 1320 997 nomen
1352 971 1551 998 numerum
1581 961 1690 998 habet
1722 973 1826 1009 1225.
1865 960 2022 998 Patrocli
2054 960 2139 1006 871.
2166 961 2223 998 A·

1176 1010 1290 1048 chillis
1316 1012 1425 1056 1276,
1453 1019 1493 1049 ut
1511 1023 1555 1048 ex
1574 1023 1816 1050 numerorum
1831 1011 2061 1049 Graecorum
2078 1012 2223 1049 ratione

1175 1062 1216 1099 ὅτ
1237 1061 1456 1108 singularum
1478 1061 1665 1100 literarum
1683 1062 1938 1111 supputatione
1957 1070 2226 1110 patet,quem-

1176 1112 1382 1151 admodum
1405 1112 1551 1150 testatur
1572 1112 1819 1151 Terentianus
1840 1114 2002 1151 Maurus.
2031 1112 2076 1150 Et
2097 1112 2164 1149 hac
2185 1113 2225 1150 in

1176 1175 1215 1201 re
1236 1162 1453 1211 nugatoriae
1480 1163 1560 1202 sunt
1592 1164 1843 1202 Rabbinorum
1876 1164 2075 1201 sententiae
2096 1190 2108 1207 ,
2134 1173 2224 1212 quas

1174 1214 1298 1252 multis
1316 1213 1467 1252 saeculis
1493 1214 1752 1253 intermortuas
1767 1243 1777 1259 ,
1805 1215 1991 1264 maJ'orum
2013 1213 2224 1253 nostrorum

1175 1266 1360 1303 memoria
1385 1265 1577 1303 revocavit
1595 1266 1794 1304 Rucelinus
1816 1265 1965 1315 quidam
1982 1266 2134 1303 natione
2147 1264 2228 1308 Bria

1174 1315 1534 1360 t0,PetriAbailardi
1549 1325 1774 1365 praeceptor.
1800 1317 1942 1354 Primus
1961 1318 2063 1354 enim
2079 1315 2223 1354 Sectam

1178 1366 1439 1405 Nominalium
1463 1376 1591 1405 contra
1614 1368 1743 1406 Reales
1761 1367 1934 1412 instituit,
1963 1367 2000 1404 ἃ
2022 1367 2225 1405 nominum

1180 1419 1396 1467 cognitione
1425 1429 1546 1456 rerum
1574 1430 1727 1468 quoque
1757 1419 2015 1467 cognitionem
2042 1418 2223 1455 contineri

1180 1479 1314 1518 magna
1333 1470 1577 1508 contentione
1597 1469 1788 1515 defendit,
1816 1468 1878 1507 sub
1897 1480 2035 1506 annum
2055 1480 2160 1514 1140.
2178 1478 2227 1506 ex

1177 1531 1255 1569 quo
1279 1521 1402 1568 gravia
1426 1521 1465 1558 &
1494 1528 1643 1558 cruenta
1676 1521 1770 1558 inter
1806 1519 1981 1558 studiosos
2015 1517 2227 1557 l'arifienses

1176 1571 1311 1619 praelia
1330 1570 1410 1609 sunt
1431 1572 1598 1609 excitata.
1626 1573 1713 1620 Qua
1731 1571 1776 1609 de
1789 1583 1826 1609 re
1838 1571 2047 1609 Aventinus
2064 1597 2074 1614 ,
2103 1569 2161 1606 lib.
2174 1574 2233 1608 vri

1176 1621 1377 1660 SALVAGN.
1404 1621 1653 1670 Ominibusque
1685 1621 1789 1659 malis
1823 1621 1910 1659 editi
1938 1622 1975 1659 ὃς
2008 1620 2126 1669 scripti
2147 1621 2225 1657 fere

1178 1684 1323 1711 omnes.
1360 1672 1517 1711 omnibus
1537 1687 1641 1721 usque
1662 1673 1788 1711 Petav.
1819 1670 1979 1709 omnibus
2011 1681 2115 1720 atque
2133 1681 2227 1708 unus

1180 1724 1352 1763 Gallicus.
1388 1724 1684 1774 Carminibusque
1701 1724 1789 1761 alter
1813 1724 1961 1771 Regius.
1989 1722 2092 1771 quod
2114 1722 2227 1759 etiam

1179 1775 1329 1813 defendi
1360 1773 1499 1824 poffet,
1526 1784 1564 1813 ut
1586 1775 1623 1812 ὃ(
1647 1773 1832 1812 ominibus.
1860 1774 1919 1812 sed
1939 1784 2131 1822 pareamus
2153 1772 2229 1811 Sal-

1182 1828 1317 1875 vagnio
1346 1837 1431 1864 nam
1448 1825 1573 1874 Fausta
1585 1825 1727 1863 nomina
1739 1825 1863 1874 paffim
1886 1823 1981 1873 apud
1995 1824 2229 1869 Suetonium,

1181 1877 1361 1915 Tacitum
1384 1877 1421 1915 &
1448 1877 1550 1915 alios.
1587 1877 1646 1915 ubi
1679 1876 1801 1914 similis
1830 1877 1867 1913 in
1900 1875 2036 1922 scriptis
2063 1876 2227 1912 varietas,

1180 1929 1351 1966 accurrite
1378 1929 1488 1965 etiam
1513 1927 1685 1965 Heinsius
1697 1927 1854 1964 malebat
1869 1953 1879 1969 ,
1900 1927 1937 1962 δε
1958 1925 2168 1973 Salvagnius
2187 1925 2227 1962 in

1181 1979 1298 2026 prima
1312 1978 1559 2016 editione.sed
1578 1990 1745 2013 occurrere
1765 1976 1864 2012 idern
1885 1974 1990 2022 saepe
2013 1982 2130 2012 notat.
2148 1974 2226 2013 vid,

1183 2041 1247 2065 111.
1271 2028 1359 2065 Fast.
1381 2039 1464 2075 757.
1497 2027 1630 2063 Euam.

1238 2089 1320 2116 101.
1353 2076 1504 2124 Laevia]
1535 2075 1669 2112 scaevis
1686 2075 1760 2111 Ms.
1777 2074 2113 2124 Bersmanni.quod
2125 2074 2230 2122 vide-3

1183 2136 1242 2165 tur
1262 2128 1414 2164 Valerio
1434 2124 1617 2172 placuiffe.

1234 2188 1318 2215 102.
1347 2180 1392 2212 Et
1405 2176 1522 2225 nigrae
1534 2175 1637 2222 vestes
1656 2183 1789 2225 corpora
1812 2174 1926 2224 vestra
1944 2175 2093 2227 tegant]
2123 2178 2226 2217 Hinc

1181 2227 1355 2277 colligere
1375 2226 1438 2272 est,
1461 2227 1656 2275 piaculares
1679 2227 1876 2272 homines,
1896 2227 1960 2277 qui
1989 2228 2138 2267 Graecis
2160 2240 2230 2275 uuo,

1184 2279 1373 2324 &apuam-u.
1405 2278 1547 2316 Latinis
1562 2276 1657 2328 sacri
1672 2278 1866 2322 dicuntur,
1892 2277 2035 2316 inverso
2056 2279 2127 2317 ritu
2148 2284 2230 2325 ma-'>

1185 2330 1273 2368 &tari
1295 2329 1434 2367 s02itos.
1472 2328 1551 2366 Hic
1578 2330 1678 2367 enim
1701 2341 1767 2377 pro
1799 2329 1904 2366 bonis
1931 2329 2076 2374 verbis,
2104 2331 2224 2374 mala;

1182 2393 1252 2432 pro
1272 2381 1408 2419 laetitia
1422 2408 1433 2424 ,
1461 2379 1565 2418 fletus
1576 2395 1587 2424 ;
1616 2391 1683 2429 pro
1700 2379 1822 2418 faustis
1840 2380 2079 2425 nominibus,
2107 2382 2232 2426 infau-;

1182 2434 1254 2476 sta;
1283 2444 1349 2482 pro
1379 2431 1509 2470 dextro
1530 2431 1705 2477 occursu,
1732 2431 1880 2475 laevus;
1909 2441 1977 2480 pro
2006 2431 2093 2469 albis
2122 2432 2233 2477 vesti-j

1185 2484 1250 2523 bus
1271 2513 1282 2529 ,
1320 2493 1419 2523 atrae
1441 2483 1640 2532 poscuntur
1663 2510 1674 2527 ,
1713 2483 1779 2533 qui
1800 2482 1904 2520 color
1924 2482 2003 2520 Diis
2024 2483 2148 2521 inferis
2167 2489 2231 2528 ac-]

1186 2535 1422 2585 ceptiffimus.
1458 2537 1599 2573 (ontra
1615 2561 1626 2579 ‚
1650 2533 1784 2582 superis
1810 2532 1910 2572 albus
1941 2534 2157 2583 gratiffimus
2178 2546 2228 2573 ex

1187 2586 1353 2625 doetrina
1375 2585 1537 2624 Platonis
1554 2585 1615 2623 lib,
1636 2585 1772 2639 xxnde
1786 2583 1947 2633 Legibus,
1974 2584 2011 2622 in
2031 2585 2086 2623 his
2103 2613 2112 2629 ,
2133 2585 2233 2630 χοῶέ

1185 2651 1290 2683 ματα
1310 2638 1350 2674 δὲ
1372 2639 1488 2673 λευκαὶ
1509 2636 1679 2681 πρέποντ’
1699 2636 1742 2674 ἄν
1779 2635 1861 2678 θεοῖς
1887 2634 1940 2675 ε’ίη
1959 2662 1970 2681 ,
2009 2635 2110 2673 Color
2130 2636 2232 2676 albus

1180 2689 1358 2740 praecipue
1378 2688 1515 2726 decorus
1536 2693 1607 2725 Deo
1626 2686 1682 2734 est.
1709 2688 1818 2736 Quae
1834 2685 1985 2735 quidem
2007 2687 2137 2735 opinio
2149 2700 2231 2728 non

1186 2741 1206 2778 a
1227 2741 1380 2779 Platone
1397 2741 1583 2788 primum,
1611 2746 1674 2777 aut
1694 2738 1769 2777 ullo
1788 2736 1862 2775 alio
1881 2736 2094 2775 mortalium
2111 2746 2235 2785 teme-j

1190 2803 1227 2831 re
1246 2793 1316 2829 fuit
1338 2791 1568 2841 excogitata,
1593 2788 1656 2827 sed
1684 2788 1728 2826 ab
1747 2787 1823 2836 ipso
1846 2788 1957 2832 Deo,
1983 2788 2107 2836 primo
2127 2801 2235 2835 mor-A

1191 2843 1320 2881 talium
1342 2842 1512 2885 Adamo,
1541 2852 1627 2878 cum
1650 2839 1796 2889 reliquis
1818 2838 1999 2877 sacrorum
2021 2840 2145 2879 ritibus
2163 2850 2235 2879 tra-

1195 2893 1268 2932 dita
1289 2891 1433 2931 videtur
1446 2921 1457 2937 ,
1483 2891 1682 2941 posteaque
1702 2902 1765 2939 per
1783 2890 1916 2928 Mosen
1939 2890 2079 2938 populo
2092 2891 2155 2930 suo
2168 2892 2237 2934 de<

1196 2944 1325 2982 clarata
1339 2971 1350 2988 ,
1376 2952 1415 2982 ut
1433 2951 1532 2993 patet
1562 2955 1608 2981 ex
1628 2941 1860 2979 sacratiffirnis
1881 2940 1997 2979 Molis
2018 2943 2234 2980 monimen-

1196 2995 1266 3039 tis,
1293 2993 1389 3043 apud
1408 3005 1519 3044 quem
1549 2993 1709 3042 pluribus
1738 2991 1828 3029 locis
1844 2991 2028 3037 Levitici,
2057 2992 2233 3031 Sacerdos

1196 3045 1424 3083 vestimentis
1451 3044 1554 3082 lineis
1584 3043 1732 3081 indutus
1765 3050 2004 3081 memoratur.
2066 3044 2113 3081 Et
2142 3053 2232 3080 vero

1189 3106 1331 3145 praeter
1353 3096 1566 3143 Europaeos
1582 3122 1591 3137 ,
1620 3093 1822 3137 Asiaticos,
1851 3094 1890 3132 &
1919 3094 2057 3138 Afros,
2082 3092 2234 3130 Ameri-

1191 3158 1370 3185 cenorurn
1392 3147 1500 3183 etiarn
1514 3145 1726 3183 Sacerdotes
1738 3172 1747 3187 ‚
1761 3145 1854 3182 sacra
1867 3144 2063 3192 peracturi,
2075 3143 2235 3182 candido

1197 3199 1325 3236 vestitu
1345 3197 1471 3235 amicti
1491 3197 1681 3244 leguntur,
1709 3204 1748 3232 ut
1767 3194 2013 3233 videaturhoc
2027 3194 2232 3233 institutum

1194 3248 1239 3299 ab
1252 3248 1425 3337 Adam-3,
1437 3246 1538 3296 quasi
1549 3258 1611 3297 per
1627 3257 1807 3297 manuum
1827 3243 2038 3295 traditiones
2054 3245 2091 3284 in
2103 3256 2237 3285 omnes

1435 3308 1458 3335 ι
2174 3306 2237 3334 or-
