2547 3708
319 128 429 175 ιω
836 103 1899 170 DEDICATIoNESEffl

322 221 504 273 rurique
526 204 823 257 confundunt
838 239 853 264 ,
870 206 915 251 8<
940 204 1066 269 quod
1091 204 1146 253 ad
1171 204 1509 255 diluciditatem
1536 209 1844 274 redigendum
1867 207 1960 269 est,
1976 206 2129 257 minus
2152 209 2444 274 perspicuum

321 274 535 325 reddunt.
582 274 691 337 Ego
715 286 869 319 autem
895 273 958 318 ita
978 287 1073 318 rem
1100 287 1287 318 omnem
1309 276 1492 336 aperui,
1528 289 1579 320 ut
1603 276 1791 322 rudibus
1814 290 2001 338 quoque
2023 276 2177 337 pueris
2200 273 2343 323 facilis
2364 293 2445 325 co«

323 343 464 407 gnita
487 351 758 405 putaretur,
793 336 1020 401 nullisque
1052 335 1396 384 obscurioribus
1431 338 1545 385 locis
1580 341 1748 387 abefl'et
1783 340 1955 386 lumen.
2025 340 2271 404 Invigilavi
2303 341 2445 405 plum
2516 344 2517 396 ζ

325 424 456 456 1110111
479 405 706 462 historiis,
743 404 791 449 ὃς
812 402 1003 462 fabulis,
1038 402 1086 449 in
1109 401 1274 465 quibus
1301 405 1447 449 totius
1484 403 1578 450 fere
1611 405 1762 468 operis
1796 406 1915 450 ratio
1950 403 2168 452 versatur.
2237 406 2451 455 Siderum
2517 431 2519 433 ·

325 486 482 520 autem
507 468 876 518 observationem
900 483 1048 530 neque
1075 467 1433 530 posthabendam
1461 467 1644 528 censui,
1678 485 1827 532 neque
1850 469 1906 516 de
1927 485 1978 516 ea
2001 468 2132 534 supra
2157 486 2291 532 quam
2321 471 2452 520 locus

326 537 546 602 exigebat
582 534 779 582 differui.
849 534 1040 580 Etenim
1071 532 1103 579 fi
1135 548 1192 579 ex
1226 533 1296 579 his
1329 533 1464 596 ipsis,
1500 535 1580 597 qui
1612 534 1834 581 astrorum
1867 534 2102 581 scientiam
2139 533 2450 598 profitentur,

2514 245 2517 259 'v
2536 245 2547 264 A

329 620 466 667 paum
487 599 737 649 admodum
770 598 901 657 sunt,
936 598 1014 660 qui
1041 613 1140 643 eam
1165 597 1303 659 ipsam
1331 597 1452 645 recte
1485 612 1673 646 teneant
1708 611 1904 663 propter
1932 613 2158 658 mutatas,
2192 613 2271 646 aut
2297 602 2455 663 potius*
2526 632 2528 638 »

330 667 528 725 amissas,
562 678 613 711 ut
636 666 790 728 ajunt,
826 678 952 710 veras
981 661 1181 709 tabulas:
1219 678 1312 725 quo
1341 662 1476 725 pacto
1504 680 1586 710 nos
1612 665 1912 712 humanitatis
1949 664 2220 728 professores
2251 681 2349 712 eam
2384 679 2460 717 tea

329 733 567 788 nebimus,
603 745 740 791 quam
771 743 826 774 ne
859 743 1064 791 unquam
1087 726 1272 790 quidem
1307 728 1644 776 delibavimus?
1681 731 1800 777 Satis
1836 733 1923 777 erit
1956 729 2090 776 nobis
2126 730 2175 776 in
2208 728 2455 792 praesentia.
2522 733 2530 764 ³⁷

330 799 498 860 poetae
520 807 728 840 mentem
755 809 835 856 per
860 792 1066 856 singulos
1090 793 1219 840 locos
1247 795 1421 856 aperire
1437 827 1453 852 ,
1476 794 1523 840 &
1547 794 1672 859 quod
1696 795 1749 841 ad
1772 810 1867 841 rem
1892 794 2029 849 faciat
2049 795 2106 842 ab
2128 796 2326 857 antiquis
2351 795 2456 842 scri-⁴

330 861 542 925 ptoribus
566 861 794 905 mutuari:
823 858 915 905 hoc
940 874 1084 905 unum
1109 857 1250 904 ausim
1272 858 1453 917 dicere,
1470 874 1542 904 me
1567 863 1614 906 in
1637 860 1729 906 hoc
1756 876 1895 924 opere
1921 861 1969 906 ἃ
1993 860 2185 906 militiae
2205 876 2331 906 meae
2356 876 2478 907 mont⁴
2523 850 2529 887 ἶ

330 942 426 973 rem
452 923 651 989 gestisse,
689 925 736 970 ὅ(
761 940 959 986 aequum
984 923 1203 970 leOEtorem
1234 923 1351 970 nihil
1372 924 1457 969 ess'e
1482 926 1530 970 111
1555 941 1639 983 60,
1675 927 1801 988 quod
1829 925 2018 972 ulterius
2041 925 2281 971 desiderari
2304 932 2482 988 queat,.‘
2526 954 2537 995 -Ζ,

331 991 674 1055 judicaturum,
710 989 1094 1052 laudaturumque
1122 1005 1211 1051 qua
1244 988 1478 1035 celeritate
1514 988 1653 1036 fuerit
1689 993 1714 1035 a
1746 990 1878 1037 nobis
1905 991 1997 1036 hoc
2031 1006 2147 1053 opus
2180 989 2456 1038 absolutum.

2533 1028 2543 1044 .

332 1057 458 1103 fuere
485 1056 607 1102 enim
635 1054 736 1113 alii,
772 1055 851 1117 qui
878 1069 985 1100 cum
1012 1055 1212 1116 plurium
1240 1070 1465 1111 annorum
1492 1055 1540 1100 in
1562 1056 1654 1101 1106
1682 1055 1778 1118 ipso
1801 1071 1987 1118 operam
2013 1054 2457 1114 exhibuissent,non
2495 1083 2499 1088 ,
2542 1060 2547 1065 ’

334 1137 489 1169 ‘tamen
516 1121 723 1185 pluribus
748 1120 875 1164 annis
908 1118 1213 1165 absolverunt.
1285 1120 1394 1166 Nos
1418 1135 1527 1166 vero
1560 1123 1715 1180 paucis
1752 1120 1981 1167 mensibus
2005 1121 2059 1166 ad
2093 1120 2234 1167 finem
2263 1119 2457 1168 deduxi-

304 1185 465 1244 'muS,
500 1185 629 1247 quod
662 1198 816 1230 tamen
849 1183 1144 1230 admirationi
1178 1183 1316 1230 debet
1345 1184 1432 1230 effe
1471 1186 1658 1230 nemini.
1730 1185 1898 1232 Sumus
1931 1186 2055 1232 enim
2083 1185 2130 1231 in
2159 1202 2209 1232 ea
2233 1186 2377 1245 urbe,
2411 1187 2463 1234 in

333 1268 425 1315 qua
451 1250 748 1297 humanitatis
783 1248 927 1296 studia
959 1252 1136 1311 semper
1159 1248 1434 1296 floruerunt.
1501 1249 1600 1297 Ubi
1628 1250 1675 1296 ὃ(
1699 1252 1846 1312 major
1872 1250 2096 1298 librorum
2123 1251 2256 1314 copia
2273 1286 2287 1307 ‚
2321 1266 2458 1313 quam

336 1319 384 1362 in
410 1330 588 1363 caetera
613 1315 842 1372 Ausonia,
879 1315 974 1360 imo
1000 1315 1047 1360 in
1069 1326 1174 1360 toto
1197 1314 1309 1361 orbe
1342 1315 1491 1377 posset
1526 1316 1792 1378 comperiri.
1861 1316 1995 1363 Adde
2021 1316 2070 1363 &
2093 1315 2456 1363 doctissimorum
2487 1336 2490 1341 ¹
2530 1355 2533 1366 ‚

335 1382 583 1428 hominum
610 1380 915 1442 frequentiam
931 1414 943 1438 ,
960 1379 1038 1442 qui
1063 1379 1110 1424 in
1134 1378 1314 1426 Urbem
1338 1393 1555 1443 tanquam
1580 1382 1625 1425 in
1648 1396 1948 1427 communem
1974 1382 2167 1445 patriam
2193 1381 2457 1428 confluunt:
2487 1388 2492 1392 ’
2530 1377 2533 1381 ’

337 1448 403 1494 ita
429 1460 483 1493 ut
511 1448 557 1492 in
583 1445 828 1502 omnibus,
864 1446 911 1490 in
932 1444 1098 1506 quibus
1122 1444 1270 1507 aliqua
1293 1446 1491 1491 oriretur
1517 1445 1776 1505 dubitatio,
1817 1446 1966 1493 statim
1992 1462 2130 1510 quem
2151 1445 2354 1493 consulas
2382 1462 2461 1493 oc·
2532 1499 2535 1503 ⁷

340 1526 495 1559 currat
511 1545 526 1572 ,
561 1510 686 1573 quod
714 1512 760 1556 in
789 1512 975 1555 caeteris
998 1510 1113 1555 locis
1137 1511 1326 1555 minime
1348 1512 1460 1557 erit:
1498 1510 1541 1557 id
1564 1511 1677 1557 boni
1700 1512 1844 1575 magis
1856 1513 2041 1558 Romae
2067 1512 2299 1574 contigit,
2323 1527 2459 1574 quam

338 1577 491 1624 ubivis
520 1577 733 1640 gentium
751 1593 763 1638 εἰ
798 1591 893 1636 quo
915 1574 1103 1637 quidem
1130 1574 1283 1634 fretis,
1319 1576 1512 1622 celerius
1535 1576 1582 1623 &
1608 1575 1786 1628 fidelius
1813 1578 1970 1623 omnia
1991 1575 2018 1623 a
2043 1576 2176 1623 nobis
2200 1575 2462 1623 conficiun-
2533 1575 2535 1588 '

342 1656 435 1689 tur.
507 1640 756 1703 Scripserat
780 1641 829 1686 in
854 1640 890 1685 F
895 1640 1011 1686 astos
1036 1640 1243 1702 pluribus
1268 1654 1373 1687 ante
1397 1656 1470 1686 me
1493 1642 1651 1702 annis,
1687 1657 1835 1705 pauca.
1856 1655 2036 1701 tamen,
2073 1640 2350 1688 fideliffimus
2384 1657 2462 1687 an-

342 1708 571 1770 tiquitatis
601 1706 648 1752 ἃ
670 1706 814 1752 totius
839 1704 1076 1751 latinitatis
1099 1706 1322 1769 interpres
1345 1707 1633 1770 Pomponius
1656 1706 1822 1754 noster.
1849 1733 1854 1736 -
1891 1707 2053 1754 Postea
2077 1723 2159 1753 nos
2187 1706 2328 1752 secuti
2355 1722 2462 1769 pro-
2505 1696 2510 1700 ’
2534 1704 2537 1720 ¹

342 1773 543 1820 vinciam
572 1787 759 1817 omnem
786 1770 1125 1833 percurrimus,
1162 1771 1279 1817 nihil
1301 1771 1554 1831 intacstum,
1589 1773 1794 1836 nihilque
1827 1771 2120 1818 indiscussum
2143 1771 2463 1834 relinquentes.

343 1837 530 1886 Deinde
557 1835 766 1883 Perufiae
792 1835 1114 1899 Anaclyterius
1140 1852 1295 1896 meus,
1331 1837 1402 1884 vir
1426 1850 1524 1884 tum
1554 1837 1774 1896 Graecis,
1810 1849 1911 1883 tum
1939 1837 2119 1884 Latinis
2149 1837 2291 1882 literis
2330 1852 2464 1882 orna·
2535 1829 2538 1878 1

342 1903 560 1960 tiffimus,
577 1901 626 1948 &
653 1913 852 1964 utroque
876 1900 1060 1948 dicendi
1084 1916 1254 1964 genere
1277 1901 1658 1961 illustris,Fastos
1684 1903 1731 1948 ὃ(
1760 1900 1851 1964 ipse
1873 1903 2196 1965 interpretatus
2220 1900 2298 1947 est.
2315 1913 2318 1914 ’
2336 1901 2464 1948 Idem

345 1968 484 2032 paulo
506 1981 612 2013 ante
636 1967 748 2012 fecit
771 1964 1052 2012 do&1ffimus
1075 1968 1122 2012 ὃς
1145 1966 1466 2012 eruditissimus
1491 1968 1664 2027 juvenis
1680 2001 1694 2025 ,
1729 1967 2047 2029 interpresque
2072 1965 2464 2028 diligentiffimus,

345 2035 404 2080 A.
431 2031 626 2079 Volscus
644 2066 659 2090 ,
692 2047 799 2078 cum
826 2045 920 2094 quo
944 2031 1006 2077 cst
1031 2031 1145 2076 mihi
1172 2044 1299 2077 tanta
1321 2025 1602 2078 necessitudo
1629 2031 1677 2077 ἃ
1703 2045 1861 2078 mutua
1884 2031 2231 2088 benevolentia,
2256 2043 2308 2076 ut
2334 2047 2464 2077 com-

344 2098 476 2144 muni
501 2096 734 2159 utriusque
758 2097 924 2154 titulo,
959 2096 1299 2143 lucubrationes
1327 2098 1499 2143 nostras
1525 2098 1713 2143 essemus
1736 2097 1934 2156 edituri,
1969 2095 2095 2158 quod
2123 2107 2356 2157 occupato
2382 2095 2464 2142 illo

344 2164 392 2209 in
413 2162 724 2224 Propertianis
746 2161 1058 2207 monumentis
1073 2196 1084 2217 ,
1101 2161 1151 2207 Sc
1174 2177 1247 2207 me
1270 2162 1325 2208 ab
1353 2161 1464 2208 urbe
1486 2161 1683 2225 digresso
1699 2196 1714 2221 ,
1730 2178 1824 2207 non
1849 2161 1913 2206 est
1936 2162 1984 2206 in
2007 2160 2254 2221 praesentia
2277 2158 2464 2206 factum.

348 2226 438 2275 Sed
470 2242 525 2272 ne
549 2241 807 2290 quenquam
840 2226 1185 2286 <.iefi·audemus,
1223 2228 1476 2290 plurimum
1510 2228 1692 2289 linguae
1716 2226 1910 2272 Latinae
1947 2224 2217 2283 conferens,
2253 2241 2465 2288 magnam
2492 2218 2495 2219 ⁷

346 2291 423 2350 ille
449 2291 626 2338 laudem
663 2291 710 2336 in
737 2291 866 2336 omni
897 2290 1150 2337 studiorum
1187 2307 1355 2355 genere
1384 2303 1602 2340 meretur.
1672 2291 1906 2335 Antonius
1938 2303 2168 2351 praeterea
2193 2289 2466 2351 Phanenfis,

348 2358 419 2403 vir
445 2356 493 2403 ὅ(
523 2355 709 2419 ingenio
734 2355 781 2400 ὅ(
805 2354 1014 2402 (1061111111
1039 2355 1304 2418 singularis,
1341 2355 1389 2402 &
1413 2357 1460 2401 in
1485 2369 1678 2417 utraque
1702 2355 1969 2416 eloquentia
1992 2354 2221 2414 summus,
2257 2355 2304 2400 in
2340 2356 2466 2403 inda-

348 2421 499 2485 ganda
527 2423 701 2468 ratione
720 2420 959 2466 Fastorum
984 2420 1192 2484 pluribus
1217 2424 1306 2484 jam
1331 2421 1457 2466 annis
1478 2432 1762 2483 occupatur:
1801 2418 1952 2466 nescio
1975 2418 2005 2465 fi
2034 2420 2098 2466 illi
2121 2419 2176 2466 ad
2200 2419 2338 2466 finem
2365 2436 2472 2484 per·
2542 2471 2543 2474 Ἰ

348 2499 542 2533 ventum
567 2485 645 2532 est.
681 2501 777 2532 non
801 2485 922 2530 enim
948 2500 1137 2544 omnes,
1172 2501 1284 2548 quae
1309 2484 1441 2531 nobis
1461 2486 1524 2530 est
1546 2486 1774 2542 Romae,.
1793 2500 1889 2531 eam
1917 2485 2044 2531 domi
2072 2484 2295 2532 librorum
2320 2484 2466 2547 supel-

348 2550 547 2601 lectilem
575 2550 771 2597 habent:
810 2550 874 2595 ita
899 2564 1011 2612 quae
1037 2548 1168 2595 nobis
1194 2549 1411 2596 facillima
1433 2549 1566 2608 sunt,
1600 2547 1854 2595 redduntur
1875 2549 1970 2596 aliis
1996 2548 2270 2596 difficiliora.
2318 2553 2468 2596 Acce·

351 2613 420 2662 dit
447 2616 661 2662 locorum
688 2615 830 2667 ratio,
865 2615 1191 2661 Romanorum
1215 2614 1474 2677 praesertim
1492 2648 1505 2671 ,
1543 2630 1658 2676 quae
1682 2629 1789 2660 cum
1820 2615 2008 2661 caeteris
2035 2615 2277 2679 incognita
2303 2613 2385 2673 fit,
2420 2615 2468 2661 ὃς

352 2693 508 2743 aperta
531 2679 693 2739 nobis,
729 2680 809 2742 qui
831 2679 880 2725 in
903 2677 1007 2743 ipsis
1039 2678 1425 2738 sumus-educati,
1458 2678 1569 2726 facit
1603 2693 1655 2726 ut
1681 2681 1834 2726 omnia
1871 2679 1957 2730 sint
1990 2680 2153 2740 nobis,
2187 2695 2320 2743 quam
2347 2680 2471 2738 aliis,

352 2746 659 2809 promptiora.
728 2745 889 2791 Taceo
921 2744 978 2789 de
1011 2744 1230 2807 ingenio,
1264 2745 1389 2809 quod
1414 2744 1530 2791 mihi
1564 2761 1657 2791 non
1684 2745 1918 2792 mediocre
1950 2759 2111 2792 natura
2143 2743 2386 2809 suggeffit:
2423 2743 2477 2791 δί·
2544 2771 2545 2802 1

355 2811 409 2873 de
437 2827 487 2857 ea
509 2826 645 2873 quarn
673 2825 763 2872 ego
788 2807 1053 2855 industriam
1079 2809 1396 2868 adhibuerim,
1432 2810 1478 2855 in
1505 2826 1599 2871 quo
1622 2809 1670 2855 ὅ(
1698 2809 1891 2856 consilio
1920 2812 2095 2869 valere,
2131 2810 2178 2856 &
2205 2810 2382 2873 judicio
2417 2807 2469 2856 fi·
2487 2854 2497 2857 ,
2518 2858 2520 2860 .
2544 2821 2545 2824 ’

353 2875 452 2922 mul
487 2891 557 2921 me
581 2874 707 2937 poffe
738 2873 965 2920 existimo.
1002 2874 1124 2937 quod
1154 2875 1350 2922 aliorum
1374 2891 1560 2939 quoque
1587 2874 1852 2922 testimonio
1887 2875 2254 2938 comprobatur,
2289 2876 2367 2938 qui
2394 2876 2470 2938 ju-

354 2937 526 2985 dicium
556 2955 710 2985 meum
736 2939 783 2984 in
805 2938 963 2984 multis
983 2940 1273 3002 expetivere,
1309 2940 1358 2986 &
1382 2940 1642 3003 expetitum
1665 2939 1768 2986 suut
1790 2940 1984 2987 omnino
2007 2940 2166 2986 secuti.
2223 2939 2387 2986 Liceat
2411 2940 2471 2987 ita

356 3002 448 3050 sine
471 3004 732 3067 arrogantia
753 3002 912 3065 loqui,
949 3019 1004 3048 ne
1026 3005 1239 3068 cuiquam
1262 3005 1575 3052 benemerenti
1600 3021 1706 3051 vera
1732 3005 1824 3052 laus
1848 3005 2143 3064 detrahatur,
2165 3019 2272 3050 cum
2298 3005 2470 3068 primus

353 3084 443 3131 ego
470 3084 552 3131 per
573 3081 728 3116 totum
754 3067 849 3114 hoc
875 3068 1036 3131 ingens
1061 3069 1250 3133 pelagus
1282 3069 1467 3116 audenti
1500 3070 1652 3117 cimba
1683 3072 1995 3117 cucurrerim:
2033 3069 2080 3116 &
2103 3085 2218 3131 quae
2249 3071 2374 3133 prius
2403 3069 2471 3115 in-

352 3135 545 3197 cognita
566 3146 723 3192 erant,
758 3133 945 3179 caeteris
968 3149 1223 3198 aperuerim
1244 3152 1254 3180 ε
1292 3135 1339 3181 ὅ(
1363 3135 1427 3183 ita
1452 3137 1734 3199 aperuerim,
1769 3150 1821 3183 ut
1845 3136 2034 3182 ulterius
2058 3134 2319 3198 inquirendi
2346 3133 2472 3181 labo-

348 3213 446 3246 rem
472 3199 687 3246 omnibus
708 3196 982 3266 ademerim:
1021 3199 1146 3264 quod
1173 3199 1207 3247 si
1234 3199 1421 3264 illi,qui
1448 3200 1589 3248 modo
1615 3203 1808 3261 vivunt,
1841 3198 2089 3249 laboriosae
2112 3199 2224 3249 huic
2248 3199 2472 3309 1301111ξο-

499 3277 502 3280 ·
2404 3275 2474 3309 rae
