<?xml version="1.0" encoding="UTF-8"?>
<!DOCTYPE html PUBLIC "-//W3C//DTD XHTML 1.0 Transitional//EN"
    "http://www.w3.org/TR/xhtml1/DTD/xhtml1-transitional.dtd">
<html xmlns="http://www.w3.org/1999/xhtml" xml:lang="en" lang="en">
 <head>
  <title>
</title>
<meta http-equiv="Content-Type" content="text/html;charset=utf-8" />
  <meta name='ocr-system' content='tesseract 3.04.00' />
  <meta name='ocr-capabilities' content='ocr_page ocr_carea ocr_par ocr_line ocrx_word'/>
</head>
<body>
  <div class='ocr_page' id='page_1' title='image "./publiiovidiinaso04ovid_0027.png"; bbox 0 0 2547 3708; ppageno 0'>
   <div class='ocr_carea' id='block_1_1' title="bbox 891 122 1107 182">
    <p class='ocr_par' dir='ltr' id='par_1_1' title="bbox 891 122 1107 182">
     <span class='ocr_line' id='line_1_1' title="bbox 891 122 1107 182; baseline 0 0"><span class='ocrx_word' id='word_1_1' title='bbox 891 122 914 182; x_wconf 88' lang='grc' dir='ltr'>Ι</span> <span class='ocrx_word' id='word_1_2' title='bbox 1061 124 1107 182; x_wconf 88' lang='grc' dir='ltr'>Β</span> 
     </span>
    </p>
   </div>
   <div class='ocr_carea' id='block_1_2' title="bbox 1253 125 2245 206">
    <p class='ocr_par' dir='ltr' id='par_1_2' title="bbox 1253 125 2245 206">
     <span class='ocr_line' id='line_1_2' title="bbox 1253 125 2245 206; baseline -0.003 -24"><span class='ocrx_word' id='word_1_3' title='bbox 1253 125 1279 182; x_wconf 82' lang='lat'>1</span> <span class='ocrx_word' id='word_1_4' title='bbox 1418 125 1473 183; x_wconf 85' lang='lat' dir='ltr'><strong>s.</strong></span> <span class='ocrx_word' id='word_1_5' title='bbox 2172 150 2245 206; x_wconf 58' lang='lat'><strong>19</strong></span> 
     </span>
    </p>
   </div>
   <div class='ocr_carea' id='block_1_3' title="bbox 378 223 2005 450">
    <p class='ocr_par' dir='ltr' id='par_1_3' title="bbox 378 223 2005 450">
     <span class='ocr_line' id='line_1_3' title="bbox 386 223 1896 301; baseline -0.004 -13"><span class='ocrx_word' id='word_1_6' title='bbox 386 231 536 288; x_wconf 85' lang='lat' dir='ltr'><strong>Unus</strong></span> <span class='ocrx_word' id='word_1_7' title='bbox 577 227 671 301; x_wconf 75' lang='grc' dir='ltr'><strong>(δε</strong></span> <span class='ocrx_word' id='word_1_8' title='bbox 695 226 800 282; x_wconf 89' lang='lat' dir='ltr'><strong>hoc</strong></span> <span class='ocrx_word' id='word_1_9' title='bbox 828 225 998 297; x_wconf 87' lang='lat' dir='ltr'><strong>ipsum</strong></span> <span class='ocrx_word' id='word_1_10' title='bbox 1034 224 1109 279; x_wconf 89' lang='lat' dir='ltr'><strong>est</strong></span> <span class='ocrx_word' id='word_1_11' title='bbox 1132 223 1318 296; x_wconf 87' lang='lat' dir='ltr'><strong>injuria</strong></span> <span class='ocrx_word' id='word_1_12' title='bbox 1342 224 1564 297; x_wconf 84' lang='lat' dir='ltr'><strong>magna)</strong></span> <span class='ocrx_word' id='word_1_13' title='bbox 1603 239 1896 298; x_wconf 83' lang='lat' dir='ltr'><strong>perennem</strong></span> 
     </span>
     <span class='ocr_line' id='line_1_4' title="bbox 455 297 1518 359; baseline -0.005 -1"><span class='ocrx_word' id='word_1_14' title='bbox 455 302 720 359; x_wconf 83' lang='lat' dir='ltr'><strong>Candoris</strong></span> <span class='ocrx_word' id='word_1_15' title='bbox 747 301 959 354; x_wconf 87' lang='lat' dir='ltr'><strong>titulum</strong></span> <span class='ocrx_word' id='word_1_16' title='bbox 986 314 1097 351; x_wconf 90' lang='lat' dir='ltr'><strong>non</strong></span> <span class='ocrx_word' id='word_1_17' title='bbox 1122 297 1239 352; x_wconf 78' lang='lat' dir='ltr'><strong>finit</strong></span> <span class='ocrx_word' id='word_1_18' title='bbox 1265 299 1368 353; x_wconf 83' lang='lat' dir='ltr'><strong>effe</strong></span> <span class='ocrx_word' id='word_1_19' title='bbox 1394 301 1518 353; x_wconf 88' lang='lat' dir='ltr'><strong>mei.</strong></span> 
     </span>
     <span class='ocr_line' id='line_1_5' title="bbox 378 370 2005 450; baseline -0.003 -19"><span class='ocrx_word' id='word_1_20' title='bbox 378 376 634 450; x_wconf 85' lang='lat' dir='ltr'><strong>Quisquis</strong></span> <span class='ocrx_word' id='word_1_21' title='bbox 661 374 704 427; x_wconf 88' lang='lat' dir='ltr'><strong>is</strong></span> <span class='ocrx_word' id='word_1_22' title='bbox 728 373 831 435; x_wconf 88' lang='lat' dir='ltr'><strong>est,</strong></span> <span class='ocrx_word' id='word_1_23' title='bbox 871 374 1015 441; x_wconf 85' lang='lat' dir='ltr'><strong>(nam</strong></span> <span class='ocrx_word' id='word_1_24' title='bbox 1043 387 1243 424; x_wconf 89' lang='lat' dir='ltr'><strong>nomen</strong></span> <span class='ocrx_word' id='word_1_25' title='bbox 1271 371 1444 426; x_wconf 88' lang='lat' dir='ltr'><strong>adhuc</strong></span> <span class='ocrx_word' id='word_1_26' title='bbox 1470 371 1763 445; x_wconf 82' lang='lat' dir='ltr'><strong>utcumque</strong></span> <span class='ocrx_word' id='word_1_27' title='bbox 1789 370 2005 441; x_wconf 84' lang='lat' dir='ltr'><strong>tacebo)</strong></span> 
     </span>
    </p>
   </div>
   <div class='ocr_carea' id='block_1_4' title="bbox 242 472 307 510">
    <p class='ocr_par' dir='ltr' id='par_1_4' title="bbox 242 472 307 510">
     <span class='ocr_line' id='line_1_6' title="bbox 242 472 307 510; baseline -0.031 0"><span class='ocrx_word' id='word_1_28' title='bbox 242 472 307 510; x_wconf 87' lang='lat'><strong>10</strong></span> 
     </span>
    </p>
   </div>
   <div class='ocr_carea' id='block_1_5' title="bbox 91 662 1139 1177">
    <p class='ocr_par' dir='ltr' id='par_1_5' title="bbox 91 662 1138 868">
     <span class='ocr_line' id='line_1_7' title="bbox 94 662 1135 716; baseline -0.012 -2"><span class='ocrx_word' id='word_1_29' title='bbox 94 683 293 714; x_wconf 77' lang='lat' dir='ltr'><strong>numerum</strong></span> <span class='ocrx_word' id='word_1_30' title='bbox 307 700 317 716; x_wconf 93' lang='lat'>‚</span> <span class='ocrx_word' id='word_1_31' title='bbox 344 670 404 709; x_wconf 88' lang='lat' dir='ltr'><strong>sed</strong></span> <span class='ocrx_word' id='word_1_32' title='bbox 424 669 468 708; x_wconf 87' lang='lat' dir='ltr'><strong>ad</strong></span> <span class='ocrx_word' id='word_1_33' title='bbox 481 666 619 707; x_wconf 90' lang='lat' dir='ltr'><strong>sensum</strong></span> <span class='ocrx_word' id='word_1_34' title='bbox 639 662 875 713; x_wconf 81' lang='lat' dir='ltr'><strong>respiciebant</strong></span> <span class='ocrx_word' id='word_1_35' title='bbox 891 663 1135 708; x_wconf 71' lang='lat' dir='ltr'><strong>‚scnosidem</strong></span> 
     </span>
     <span class='ocr_line' id='line_1_8' title="bbox 97 715 1138 773; baseline -0.015 -9"><span class='ocrx_word' id='word_1_36' title='bbox 97 732 205 764; x_wconf 85' lang='lat' dir='ltr'><strong>notat</strong></span> <span class='ocrx_word' id='word_1_37' title='bbox 223 723 325 773; x_wconf 88' lang='lat' dir='ltr'><strong>quod</strong></span> <span class='ocrx_word' id='word_1_38' title='bbox 337 735 402 758; x_wconf 87' lang='lat' dir='ltr'><strong>me.</strong></span> <span class='ocrx_word' id='word_1_39' title='bbox 424 720 498 758; x_wconf 85' lang='lat' dir='ltr'><strong>vid.</strong></span> <span class='ocrx_word' id='word_1_40' title='bbox 517 720 555 755; x_wconf 72' lang='grc' dir='ltr'><strong>δε</strong></span> <span class='ocrx_word' id='word_1_41' title='bbox 577 715 825 754; x_wconf 83' lang='lat' dir='ltr'><strong>111.Trist.1v.</strong></span> <span class='ocrx_word' id='word_1_42' title='bbox 839 715 897 760; x_wconf 79' lang='lat'><strong>64.</strong></span> <span class='ocrx_word' id='word_1_43' title='bbox 925 727 1009 753; x_wconf 64' lang='lat' dir='ltr'><strong>Lex</strong></span> <span class='ocrx_word' id='word_1_44' title='bbox 1029 715 1138 753; x_wconf 82' lang='lat' dir='ltr'><strong>Pont.</strong></span> 
     </span>
     <span class='ocr_line' id='line_1_9' title="bbox 92 765 1136 821; baseline -0.01 -7"><span class='ocrx_word' id='word_1_45' title='bbox 92 789 156 814; x_wconf 82' lang='lat'><strong>111.</strong></span> <span class='ocrx_word' id='word_1_46' title='bbox 184 787 243 821; x_wconf 81' lang='lat'><strong>91.</strong></span> <span class='ocrx_word' id='word_1_47' title='bbox 281 773 394 811; x_wconf 89' lang='lat' dir='ltr'><strong>multa</strong></span> <span class='ocrx_word' id='word_1_48' title='bbox 422 771 532 808; x_wconf 89' lang='lat' dir='ltr'><strong>etiam</strong></span> <span class='ocrx_word' id='word_1_49' title='bbox 565 767 742 816; x_wconf 85' lang='lat' dir='ltr'><strong>congeffit</strong></span> <span class='ocrx_word' id='word_1_50' title='bbox 770 765 930 814; x_wconf 85' lang='lat' dir='ltr'><strong>Robbig.</strong></span> <span class='ocrx_word' id='word_1_51' title='bbox 959 767 997 803; x_wconf 88' lang='lat' dir='ltr'><strong>in</strong></span> <span class='ocrx_word' id='word_1_52' title='bbox 1020 765 1136 804; x_wconf 90' lang='lat' dir='ltr'><strong>Codi-</strong></span> 
     </span>
     <span class='ocr_line' id='line_1_10' title="bbox 91 816 922 868; baseline -0.014 -3"><span class='ocrx_word' id='word_1_53' title='bbox 91 838 136 865; x_wconf 88' lang='lat' dir='ltr'><strong>ce</strong></span> <span class='ocrx_word' id='word_1_54' title='bbox 155 826 296 864; x_wconf 90' lang='lat' dir='ltr'><strong>Critico</strong></span> <span class='ocrx_word' id='word_1_55' title='bbox 318 824 455 861; x_wconf 91' lang='lat' dir='ltr'><strong>lib.111.</strong></span> <span class='ocrx_word' id='word_1_56' title='bbox 484 832 562 868; x_wconf 85' lang='lat' dir='ltr'><strong>cap.</strong></span> <span class='ocrx_word' id='word_1_57' title='bbox 585 831 621 865; x_wconf 88' lang='lat'><strong>9.</strong></span> <span class='ocrx_word' id='word_1_58' title='bbox 642 820 678 855; x_wconf 72' lang='grc' dir='ltr'><strong>δε</strong></span> <span class='ocrx_word' id='word_1_59' title='bbox 704 827 762 855; x_wconf 87' lang='lat'><strong>10.</strong></span> <span class='ocrx_word' id='word_1_60' title='bbox 791 816 922 854; x_wconf 73' lang='lat' dir='ltr'><strong>Bunm.</strong></span> 
     </span>
    </p>

    <p class='ocr_par' dir='ltr' id='par_1_6' title="bbox 93 865 1139 1177">
     <span class='ocr_line' id='line_1_11' title="bbox 150 865 1136 921; baseline -0.011 -6"><span class='ocrx_word' id='word_1_61' title='bbox 150 879 185 915; x_wconf 82' lang='lat'><strong>6.</strong></span> <span class='ocrx_word' id='word_1_62' title='bbox 212 873 370 919; x_wconf 77' lang='lat' dir='ltr'><strong>Artificis</strong></span> <span class='ocrx_word' id='word_1_63' title='bbox 399 870 500 921; x_wconf 84' lang='lat' dir='ltr'><strong>periit</strong></span> <span class='ocrx_word' id='word_1_64' title='bbox 529 883 605 907; x_wconf 88' lang='lat' dir='ltr'><strong>cum</strong></span> <span class='ocrx_word' id='word_1_65' title='bbox 628 878 728 917; x_wconf 73' lang='lat' dir='ltr'><strong>caput</strong></span> <span class='ocrx_word' id='word_1_66' title='bbox 750 878 826 904; x_wconf 78' lang='lat' dir='ltr'><strong>arte</strong></span> <span class='ocrx_word' id='word_1_67' title='bbox 838 865 949 916; x_wconf 63' lang='lat' dir='ltr'><strong>suas]</strong></span> <span class='ocrx_word' id='word_1_68' title='bbox 1010 868 1136 907; x_wconf 70' lang='lat' dir='ltr'><strong>Due&#39;ta</strong></span> 
     </span>
     <span class='ocr_line' id='line_1_12' title="bbox 93 919 1136 969; baseline -0.011 -2"><span class='ocrx_word' id='word_1_69' title='bbox 93 928 145 967; x_wconf 87' lang='lat' dir='ltr'><strong>cst</strong></span> <span class='ocrx_word' id='word_1_70' title='bbox 163 928 302 966; x_wconf 89' lang='lat' dir='ltr'><strong>locutio</strong></span> <span class='ocrx_word' id='word_1_71' title='bbox 322 924 379 961; x_wconf 86' lang='lat' dir='ltr'><strong>illa</strong></span> <span class='ocrx_word' id='word_1_72' title='bbox 403 934 447 960; x_wconf 82' lang='lat' dir='ltr'><strong>ex</strong></span> <span class='ocrx_word' id='word_1_73' title='bbox 477 920 823 969; x_wconf 85' lang='lat' dir='ltr'><strong>Jurisconsultorum</strong></span> <span class='ocrx_word' id='word_1_74' title='bbox 856 930 955 967; x_wconf 86' lang='lat' dir='ltr'><strong>penu</strong></span> <span class='ocrx_word' id='word_1_75' title='bbox 970 946 980 962; x_wconf 94' lang='lat'><strong>‚</strong></span> <span class='ocrx_word' id='word_1_76' title='bbox 1006 919 1136 968; x_wconf 86' lang='lat' dir='ltr'><strong>quibus</strong></span> 
     </span>
     <span class='ocr_line' id='line_1_13' title="bbox 94 968 1139 1029; baseline -0.009 -13"><span class='ocrx_word' id='word_1_77' title='bbox 94 978 202 1029; x_wconf 78' lang='lat' dir='ltr'><strong>capite</strong></span> <span class='ocrx_word' id='word_1_78' title='bbox 218 974 388 1013; x_wconf 77' lang='lat' dir='ltr'><strong>deminuti</strong></span> <span class='ocrx_word' id='word_1_79' title='bbox 412 972 583 1010; x_wconf 87' lang='lat' dir='ltr'><strong>dicuntur</strong></span> <span class='ocrx_word' id='word_1_80' title='bbox 606 971 716 1008; x_wconf 87' lang='lat' dir='ltr'><strong>tribus</strong></span> <span class='ocrx_word' id='word_1_81' title='bbox 740 968 873 1007; x_wconf 85' lang='lat' dir='ltr'><strong>modis.</strong></span> <span class='ocrx_word' id='word_1_82' title='bbox 901 970 1045 1008; x_wconf 89' lang='lat' dir='ltr'><strong>Verum</strong></span> <span class='ocrx_word' id='word_1_83' title='bbox 1060 971 1139 1007; x_wconf 84' lang='lat' dir='ltr'><strong>Na-</strong></span> 
     </span>
     <span class='ocr_line' id='line_1_14' title="bbox 94 1020 1131 1070; baseline -0.01 -2"><span class='ocrx_word' id='word_1_84' title='bbox 94 1031 134 1068; x_wconf 91' lang='lat' dir='ltr'><strong>so</strong></span> <span class='ocrx_word' id='word_1_85' title='bbox 162 1039 265 1066; x_wconf 90' lang='lat' dir='ltr'><strong>more</strong></span> <span class='ocrx_word' id='word_1_86' title='bbox 284 1025 442 1064; x_wconf 80' lang='lat' dir='ltr'><strong>Po&#39;e‘tico</strong></span> <span class='ocrx_word' id='word_1_87' title='bbox 471 1022 601 1061; x_wconf 73' lang='lat' dir='ltr'><strong>eadem</strong></span> <span class='ocrx_word' id='word_1_88' title='bbox 631 1020 755 1058; x_wconf 89' lang='lat' dir='ltr'><strong>abusus</strong></span> <span class='ocrx_word' id='word_1_89' title='bbox 777 1020 847 1065; x_wconf 88' lang='lat' dir='ltr'><strong>est,</strong></span> <span class='ocrx_word' id='word_1_90' title='bbox 878 1032 1001 1070; x_wconf 89' lang='lat' dir='ltr'><strong>neque</strong></span> <span class='ocrx_word' id='word_1_91' title='bbox 1030 1021 1131 1059; x_wconf 87' lang='lat' dir='ltr'><strong>enim</strong></span> 
     </span>
     <span class='ocr_line' id='line_1_15' title="bbox 95 1071 1131 1128; baseline -0.01 -9"><span class='ocrx_word' id='word_1_92' title='bbox 95 1079 274 1128; x_wconf 87' lang='lat' dir='ltr'><strong>relegati,</strong></span> <span class='ocrx_word' id='word_1_93' title='bbox 311 1075 458 1126; x_wconf 89' lang='lat' dir='ltr'><strong>qualem</strong></span> <span class='ocrx_word' id='word_1_94' title='bbox 487 1074 521 1113; x_wconf 89' lang='lat' dir='ltr'><strong>se</strong></span> <span class='ocrx_word' id='word_1_95' title='bbox 552 1071 742 1121; x_wconf 88' lang='lat' dir='ltr'><strong>profitetur</strong></span> <span class='ocrx_word' id='word_1_96' title='bbox 767 1099 777 1115; x_wconf 91' lang='lat'>‚</span> <span class='ocrx_word' id='word_1_97' title='bbox 807 1072 925 1120; x_wconf 85' lang='lat' dir='ltr'><strong>capite</strong></span> <span class='ocrx_word' id='word_1_98' title='bbox 954 1073 1131 1110; x_wconf 90' lang='lat' dir='ltr'><strong>minuun-</strong></span> 
     </span>
     <span class='ocr_line' id='line_1_16' title="bbox 98 1121 1134 1177; baseline -0.008 -9"><span class='ocrx_word' id='word_1_99' title='bbox 98 1139 181 1174; x_wconf 90' lang='lat' dir='ltr'><strong>tur,</strong></span> <span class='ocrx_word' id='word_1_100' title='bbox 210 1136 249 1167; x_wconf 89' lang='lat' dir='ltr'><strong>ut</strong></span> <span class='ocrx_word' id='word_1_101' title='bbox 277 1127 387 1177; x_wconf 89' lang='lat' dir='ltr'><strong>paulo</strong></span> <span class='ocrx_word' id='word_1_102' title='bbox 415 1125 493 1175; x_wconf 88' lang='lat' dir='ltr'><strong>post</strong></span> <span class='ocrx_word' id='word_1_103' title='bbox 522 1124 700 1162; x_wconf 77' lang='lat' dir='ltr'><strong>dicemus,</strong></span> <span class='ocrx_word' id='word_1_104' title='bbox 752 1121 877 1163; x_wconf 82' lang='lat' dir='ltr'><strong>Italib.</strong></span> <span class='ocrx_word' id='word_1_105' title='bbox 896 1135 928 1161; x_wconf 87' lang='lat' dir='ltr'><strong>r.</strong></span> <span class='ocrx_word' id='word_1_106' title='bbox 953 1123 1134 1164; x_wconf 87' lang='lat' dir='ltr'><strong>Tristium</strong></span> 
     </span>
    </p>
   </div>
   <div class='ocr_carea' id='block_1_6' title="bbox 97 1181 993 1294">
    <p class='ocr_par' dir='ltr' id='par_1_7' title="bbox 97 1181 993 1294">
     <span class='ocr_line' id='line_1_17' title="bbox 193 1191 266 1217; baseline 0.014 -1"><span class='ocrx_word' id='word_1_107' title='bbox 193 1209 200 1216; x_wconf 92' lang='lat'><strong>.</strong></span> <span class='ocrx_word' id='word_1_108' title='bbox 219 1191 266 1217; x_wconf 89' lang='lat'><strong>11.</strong></span> 
     </span>
     <span class='ocr_line' id='line_1_18' title="bbox 97 1181 993 1294; baseline 0 -15"><span class='ocrx_word' id='word_1_109' title='bbox 97 1181 253 1290; x_wconf 35' lang='lat' dir='ltr'><strong>Elejssggwd</strong></span> <span class='ocrx_word' id='word_1_110' title='bbox 268 1243 393 1294; x_wconf 84' lang='lat' dir='ltr'><strong>periit,</strong></span> <span class='ocrx_word' id='word_1_111' title='bbox 416 1242 562 1291; x_wconf 75' lang='lat' dir='ltr'><strong>salvam</strong></span> <span class='ocrx_word' id='word_1_112' title='bbox 578 1242 659 1290; x_wconf 85' lang='lat' dir='ltr'><strong>jam</strong></span> <span class='ocrx_word' id='word_1_113' title='bbox 680 1248 779 1289; x_wconf 82' lang='lat' dir='ltr'><strong>caput</strong></span> <span class='ocrx_word' id='word_1_114' title='bbox 808 1242 865 1290; x_wconf 86' lang='lat' dir='ltr'><strong>effe</strong></span> <span class='ocrx_word' id='word_1_115' title='bbox 879 1240 993 1290; x_wconf 84' lang='lat' dir='ltr'><strong>potest.</strong></span> 
     </span>
    </p>
   </div>
   <div class='ocr_carea' id='block_1_7' title="bbox 90 1307 1140 1872">
    <p class='ocr_par' dir='ltr' id='par_1_8' title="bbox 90 1307 1140 1872">
     <span class='ocr_line' id='line_1_19' title="bbox 92 1307 1139 1365; baseline -0.007 -11"><span class='ocrx_word' id='word_1_116' title='bbox 92 1317 186 1354; x_wconf 80' lang='lat' dir='ltr'><strong>&#39;Arte</strong></span> <span class='ocrx_word' id='word_1_117' title='bbox 199 1317 277 1365; x_wconf 65' lang='lat' dir='ltr'><strong>stra.</strong></span> <span class='ocrx_word' id='word_1_118' title='bbox 305 1315 413 1352; x_wconf 92' lang='lat' dir='ltr'><strong>Licet</strong></span> <span class='ocrx_word' id='word_1_119' title='bbox 423 1314 524 1350; x_wconf 89' lang='lat' dir='ltr'><strong>enim</strong></span> <span class='ocrx_word' id='word_1_120' title='bbox 537 1309 720 1357; x_wconf 88' lang='lat' dir='ltr'><strong>duplicem</strong></span> <span class='ocrx_word' id='word_1_121' title='bbox 736 1307 832 1345; x_wconf 83' lang='lat' dir='ltr'><strong>exilii</strong></span> <span class='ocrx_word' id='word_1_122' title='bbox 845 1309 896 1345; x_wconf 83' lang='lat' dir='ltr'><strong>sui</strong></span> <span class='ocrx_word' id='word_1_123' title='bbox 909 1307 1051 1345; x_wconf 87' lang='lat' dir='ltr'><strong>causam</strong></span> <span class='ocrx_word' id='word_1_124' title='bbox 1074 1309 1139 1348; x_wconf 86' lang='lat' dir='ltr'><strong>ali-</strong></span> 
     </span>
     <span class='ocr_line' id='line_1_20' title="bbox 94 1359 1137 1415; baseline -0.008 -10"><span class='ocrx_word' id='word_1_125' title='bbox 94 1367 131 1405; x_wconf 95' lang='lat' dir='ltr'><strong>bi</strong></span> <span class='ocrx_word' id='word_1_126' title='bbox 153 1367 333 1415; x_wconf 85' lang='lat' dir='ltr'><strong>proferat‚</strong></span> <span class='ocrx_word' id='word_1_127' title='bbox 361 1375 515 1414; x_wconf 89' lang='lat' dir='ltr'><strong>quarum</strong></span> <span class='ocrx_word' id='word_1_128' title='bbox 539 1362 686 1397; x_wconf 82' lang='lat' dir='ltr'><strong>alteram</strong></span> <span class='ocrx_word' id='word_1_129' title='bbox 708 1360 844 1407; x_wconf 89' lang='lat' dir='ltr'><strong>ubique</strong></span> <span class='ocrx_word' id='word_1_130' title='bbox 864 1359 1017 1402; x_wconf 89' lang='lat' dir='ltr'><strong>fatetur,</strong></span> <span class='ocrx_word' id='word_1_131' title='bbox 1048 1359 1137 1397; x_wconf 90' lang='lat' dir='ltr'><strong>alte-</strong></span> 
     </span>
     <span class='ocr_line' id='line_1_21' title="bbox 98 1410 1133 1466; baseline -0.007 -11"><span class='ocrx_word' id='word_1_132' title='bbox 98 1429 176 1455; x_wconf 86' lang='lat' dir='ltr'><strong>ram</strong></span> <span class='ocrx_word' id='word_1_133' title='bbox 207 1428 402 1466; x_wconf 87' lang='lat' dir='ltr'><strong>nunquam</strong></span> <span class='ocrx_word' id='word_1_134' title='bbox 425 1413 560 1461; x_wconf 86' lang='lat' dir='ltr'><strong>aperiat</strong></span> <span class='ocrx_word' id='word_1_135' title='bbox 583 1438 594 1455; x_wconf 89' lang='lat'>‚</span> <span class='ocrx_word' id='word_1_136' title='bbox 630 1421 702 1460; x_wconf 87' lang='lat' dir='ltr'><strong>qua</strong></span> <span class='ocrx_word' id='word_1_137' title='bbox 733 1410 778 1447; x_wconf 89' lang='lat' dir='ltr'><strong>de</strong></span> <span class='ocrx_word' id='word_1_138' title='bbox 811 1421 849 1446; x_wconf 88' lang='lat' dir='ltr'><strong>re</strong></span> <span class='ocrx_word' id='word_1_139' title='bbox 869 1410 976 1447; x_wconf 81' lang='lat' dir='ltr'><strong>multi</strong></span> <span class='ocrx_word' id='word_1_140' title='bbox 999 1411 1133 1454; x_wconf 88' lang='lat' dir='ltr'><strong>multa,</strong></span> 
     </span>
     <span class='ocr_line' id='line_1_22' title="bbox 96 1461 1137 1515; baseline -0.006 -10"><span class='ocrx_word' id='word_1_141' title='bbox 96 1468 195 1506; x_wconf 88' lang='lat' dir='ltr'><strong>illam</strong></span> <span class='ocrx_word' id='word_1_142' title='bbox 235 1467 308 1515; x_wconf 87' lang='lat' dir='ltr'><strong>ipse</strong></span> <span class='ocrx_word' id='word_1_143' title='bbox 348 1466 545 1515; x_wconf 87' lang='lat' dir='ltr'><strong>praetulit,</strong></span> <span class='ocrx_word' id='word_1_144' title='bbox 581 1473 652 1510; x_wconf 85' lang='lat' dir='ltr'><strong>qua</strong></span> <span class='ocrx_word' id='word_1_145' title='bbox 682 1461 720 1497; x_wconf 75' lang='grc' dir='ltr'>δί</span> <span class='ocrx_word' id='word_1_146' title='bbox 753 1467 886 1497; x_wconf 86' lang='lat' dir='ltr'><strong>ceteras</strong></span> <span class='ocrx_word' id='word_1_147' title='bbox 916 1461 1137 1510; x_wconf 85' lang='lat' dir='ltr'><strong>praetexuis-</strong></span> 
     </span>
     <span class='ocr_line' id='line_1_23' title="bbox 90 1510 1138 1565; baseline -0.008 -9"><span class='ocrx_word' id='word_1_148' title='bbox 90 1518 128 1556; x_wconf 89' lang='lat' dir='ltr'><strong>se</strong></span> <span class='ocrx_word' id='word_1_149' title='bbox 161 1518 304 1556; x_wconf 87' lang='lat' dir='ltr'><strong>videtur</strong></span> <span class='ocrx_word' id='word_1_150' title='bbox 344 1515 525 1565; x_wconf 83' lang='lat' dir='ltr'><strong>Augustus</strong></span> <span class='ocrx_word' id='word_1_151' title='bbox 545 1542 555 1558; x_wconf 90' lang='lat'>,</span> <span class='ocrx_word' id='word_1_152' title='bbox 600 1510 704 1561; x_wconf 91' lang='lat' dir='ltr'><strong>quod</strong></span> <span class='ocrx_word' id='word_1_153' title='bbox 735 1512 910 1549; x_wconf 87' lang='lat' dir='ltr'><strong>nimirum</strong></span> <span class='ocrx_word' id='word_1_154' title='bbox 950 1513 1062 1549; x_wconf 89' lang='lat' dir='ltr'><strong>tribus</strong></span> <span class='ocrx_word' id='word_1_155' title='bbox 1094 1512 1138 1549; x_wconf 93' lang='lat' dir='ltr'><strong>li-</strong></span> 
     </span>
     <span class='ocr_line' id='line_1_24' title="bbox 94 1564 1140 1609; baseline -0.007 -2"><span class='ocrx_word' id='word_1_156' title='bbox 94 1570 165 1607; x_wconf 89' lang='lat' dir='ltr'><strong>bris</strong></span> <span class='ocrx_word' id='word_1_157' title='bbox 187 1569 232 1606; x_wconf 91' lang='lat' dir='ltr'><strong>de</strong></span> <span class='ocrx_word' id='word_1_158' title='bbox 255 1577 331 1606; x_wconf 85' lang='lat' dir='ltr'><strong>arte</strong></span> <span class='ocrx_word' id='word_1_159' title='bbox 354 1568 502 1605; x_wconf 85' lang='lat' dir='ltr'><strong>amandi</strong></span> <span class='ocrx_word' id='word_1_160' title='bbox 522 1567 733 1602; x_wconf 82' lang='lat' dir='ltr'>Romanam</span> <span class='ocrx_word' id='word_1_161' title='bbox 752 1564 992 1609; x_wconf 78' lang='lat' dir='ltr'><strong>juventutem</strong></span> <span class='ocrx_word' id='word_1_162' title='bbox 1013 1574 1140 1601; x_wconf 90' lang='lat' dir='ltr'><strong>corru-</strong></span> 
     </span>
     <span class='ocr_line' id='line_1_25' title="bbox 94 1613 1134 1670; baseline -0.007 -12"><span class='ocrx_word' id='word_1_163' title='bbox 94 1618 211 1670; x_wconf 83' lang='lat' dir='ltr'><strong>piffet.</strong></span> <span class='ocrx_word' id='word_1_164' title='bbox 260 1619 390 1667; x_wconf 85' lang='lat' dir='ltr'><strong>anue</strong></span> <span class='ocrx_word' id='word_1_165' title='bbox 412 1619 491 1661; x_wconf 64' lang='lat' dir='ltr'><strong>jfuit</strong></span> <span class='ocrx_word' id='word_1_166' title='bbox 523 1613 664 1653; x_wconf 67' lang='lat' dir='ltr'><strong>Aurelii</strong></span> <span class='ocrx_word' id='word_1_167' title='bbox 694 1613 858 1650; x_wconf 72' lang='lat' dir='ltr'><strong>Victoris</strong></span> <span class='ocrx_word' id='word_1_168' title='bbox 886 1613 1064 1651; x_wconf 86' lang='lat' dir='ltr'><strong>sententia</strong></span> <span class='ocrx_word' id='word_1_169' title='bbox 1096 1615 1134 1651; x_wconf 87' lang='lat' dir='ltr'><strong>in</strong></span> 
     </span>
     <span class='ocr_line' id='line_1_26' title="bbox 96 1664 1136 1719; baseline -0.008 -10"><span class='ocrx_word' id='word_1_170' title='bbox 96 1669 277 1719; x_wconf 85' lang='lat' dir='ltr'><strong>Augusto.</strong></span> <span class='ocrx_word' id='word_1_171' title='bbox 308 1671 408 1706; x_wconf 84' lang='lat' dir='ltr'><strong>Hinc</strong></span> <span class='ocrx_word' id='word_1_172' title='bbox 421 1669 563 1716; x_wconf 81' lang='lat' dir='ltr'><strong>Eleg.1.</strong></span> <span class='ocrx_word' id='word_1_173' title='bbox 588 1665 651 1702; x_wconf 86' lang='lat' dir='ltr'><strong>lib.</strong></span> <span class='ocrx_word' id='word_1_174' title='bbox 673 1676 701 1701; x_wconf 88' lang='lat'><strong>1.</strong></span> <span class='ocrx_word' id='word_1_175' title='bbox 728 1664 904 1702; x_wconf 90' lang='lat' dir='ltr'><strong>Tristium</strong></span> <span class='ocrx_word' id='word_1_176' title='bbox 921 1691 931 1708; x_wconf 95' lang='lat'><strong>,</strong></span> <span class='ocrx_word' id='word_1_177' title='bbox 966 1664 1074 1701; x_wconf 87' lang='lat' dir='ltr'><strong>libros</strong></span> <span class='ocrx_word' id='word_1_178' title='bbox 1094 1664 1136 1701; x_wconf 90' lang='lat' dir='ltr'><strong>il-</strong></span> 
     </span>
     <span class='ocr_line' id='line_1_27' title="bbox 93 1714 1136 1769; baseline -0.007 -9"><span class='ocrx_word' id='word_1_179' title='bbox 93 1721 150 1760; x_wconf 81' lang='lat' dir='ltr'><strong>los</strong></span> <span class='ocrx_word' id='word_1_180' title='bbox 172 1720 358 1769; x_wconf 85' lang='lat' dir='ltr'><strong>Oedipodas</strong></span> <span class='ocrx_word' id='word_1_181' title='bbox 377 1730 419 1758; x_wconf 59' lang='lat' dir='ltr'><strong>a*</strong></span> <span class='ocrx_word' id='word_1_182' title='bbox 441 1719 612 1766; x_wconf 73' lang='lat' dir='ltr'><strong>Telegonos</strong></span> <span class='ocrx_word' id='word_1_183' title='bbox 634 1715 809 1762; x_wconf 84' lang='lat' dir='ltr'><strong>appellat,</strong></span> <span class='ocrx_word' id='word_1_184' title='bbox 840 1715 942 1764; x_wconf 89' lang='lat' dir='ltr'><strong>quod</strong></span> <span class='ocrx_word' id='word_1_185' title='bbox 962 1716 1052 1762; x_wconf 87' lang='lat' dir='ltr'><strong>patri</strong></span> <span class='ocrx_word' id='word_1_186' title='bbox 1072 1714 1136 1753; x_wconf 93' lang='lat' dir='ltr'><strong>suo</strong></span> 
     </span>
     <span class='ocr_line' id='line_1_28' title="bbox 96 1765 1137 1814; baseline -0.007 -4"><span class='ocrx_word' id='word_1_187' title='bbox 96 1771 201 1809; x_wconf 85' lang='lat' dir='ltr'><strong>causa</strong></span> <span class='ocrx_word' id='word_1_188' title='bbox 222 1772 359 1809; x_wconf 83' lang='lat' dir='ltr'><strong>fuerint</strong></span> <span class='ocrx_word' id='word_1_189' title='bbox 376 1770 491 1808; x_wconf 86' lang='lat' dir='ltr'><strong>exitii.</strong></span> <span class='ocrx_word' id='word_1_190' title='bbox 517 1769 719 1805; x_wconf 74' lang='lat' dir='ltr'><strong>SALVAGN.</strong></span> <span class='ocrx_word' id='word_1_191' title='bbox 767 1766 808 1803; x_wconf 93' lang='lat' dir='ltr'><strong>Id</strong></span> <span class='ocrx_word' id='word_1_192' title='bbox 828 1766 875 1804; x_wconf 90' lang='lat' dir='ltr'><strong>est</strong></span> <span class='ocrx_word' id='word_1_193' title='bbox 896 1774 1004 1814; x_wconf 86' lang='lat' dir='ltr'><strong>caput</strong></span> <span class='ocrx_word' id='word_1_194' title='bbox 1026 1765 1137 1804; x_wconf 85' lang='lat' dir='ltr'><strong>artifi-</strong></span> 
     </span>
     <span class='ocr_line' id='line_1_29' title="bbox 93 1817 933 1872; baseline -0.01 -11"><span class='ocrx_word' id='word_1_195' title='bbox 93 1824 146 1860; x_wconf 86' lang='lat' dir='ltr'><strong>cis</strong></span> <span class='ocrx_word' id='word_1_196' title='bbox 166 1823 272 1872; x_wconf 87' lang='lat' dir='ltr'><strong>periit</strong></span> <span class='ocrx_word' id='word_1_197' title='bbox 295 1833 380 1860; x_wconf 88' lang='lat' dir='ltr'><strong>cum</strong></span> <span class='ocrx_word' id='word_1_198' title='bbox 404 1822 463 1858; x_wconf 87' lang='lat' dir='ltr'><strong>sua</strong></span> <span class='ocrx_word' id='word_1_199' title='bbox 483 1829 580 1864; x_wconf 88' lang='lat' dir='ltr'><strong>arte,</strong></span> <span class='ocrx_word' id='word_1_200' title='bbox 607 1817 669 1855; x_wconf 88' lang='lat' dir='ltr'><strong>lib.</strong></span> <span class='ocrx_word' id='word_1_201' title='bbox 689 1829 717 1854; x_wconf 89' lang='lat'><strong>1.</strong></span> <span class='ocrx_word' id='word_1_202' title='bbox 747 1819 826 1854; x_wconf 86' lang='lat' dir='ltr'><strong>Art.</strong></span> <span class='ocrx_word' id='word_1_203' title='bbox 847 1818 933 1866; x_wconf 82' lang='lat'><strong>655.</strong></span> 
     </span>
    </p>
   </div>
   <div class='ocr_carea' id='block_1_8' title="bbox 99 1891 860 2037">
    <p class='ocr_par' dir='ltr' id='par_1_9' title="bbox 99 1891 860 2037">
     <span class='ocr_line' id='line_1_30' title="bbox 274 1891 817 1944; baseline -0.004 -14"><span class='ocrx_word' id='word_1_204' title='bbox 274 1906 383 1944; x_wconf 75' lang='lat' dir='ltr'><strong>neque</strong></span> <span class='ocrx_word' id='word_1_205' title='bbox 401 1893 493 1930; x_wconf 86' lang='lat' dir='ltr'><strong>enim</strong></span> <span class='ocrx_word' id='word_1_206' title='bbox 515 1893 569 1930; x_wconf 88' lang='lat' dir='ltr'><strong>lex</strong></span> <span class='ocrx_word' id='word_1_207' title='bbox 582 1893 702 1943; x_wconf 78' lang='lat' dir='ltr'><strong>justior</strong></span> <span class='ocrx_word' id='word_1_208' title='bbox 719 1891 794 1929; x_wconf 74' lang='lat' dir='ltr'><strong>ulla</strong></span> <span class='ocrx_word' id='word_1_209' title='bbox 807 1919 817 1935; x_wconf 93' lang='lat'><em>,</em></span> 
     </span>
     <span class='ocr_line' id='line_1_31' title="bbox 149 1943 860 1993; baseline 0.001 -14"><span class='ocrx_word' id='word_1_210' title='bbox 149 1946 272 1992; x_wconf 61' lang='lat' dir='ltr'><strong>§Luam</strong></span> <span class='ocrx_word' id='word_1_211' title='bbox 293 1946 380 1980; x_wconf 85' lang='lat' dir='ltr'><strong>necis</strong></span> <span class='ocrx_word' id='word_1_212' title='bbox 400 1943 548 1990; x_wconf 80' lang='lat' dir='ltr'><strong>artifices</strong></span> <span class='ocrx_word' id='word_1_213' title='bbox 568 1953 643 1980; x_wconf 84' lang='lat' dir='ltr'><strong>arte</strong></span> <span class='ocrx_word' id='word_1_214' title='bbox 661 1944 766 1993; x_wconf 84' lang='lat' dir='ltr'><strong>perire</strong></span> <span class='ocrx_word' id='word_1_215' title='bbox 783 1944 860 1991; x_wconf 80' lang='lat' dir='ltr'><strong>sua.</strong></span> 
     </span>
     <span class='ocr_line' id='line_1_32' title="bbox 99 1993 819 2037; baseline -0.006 -4"><span class='ocrx_word' id='word_1_216' title='bbox 99 1995 312 2033; x_wconf 62' lang='lat' dir='ltr'><strong>Saue-crus.</strong></span> <span class='ocrx_word' id='word_1_217' title='bbox 339 1998 431 2029; x_wconf 86' lang='lat' dir='ltr'><strong>Arte</strong></span> <span class='ocrx_word' id='word_1_218' title='bbox 450 1994 502 2037; x_wconf 80' lang='lat' dir='ltr'><strong>lui</strong></span> <span class='ocrx_word' id='word_1_219' title='bbox 521 1995 666 2031; x_wconf 84' lang='lat' dir='ltr'><strong>Bonon.</strong></span> <span class='ocrx_word' id='word_1_220' title='bbox 685 1993 819 2031; x_wconf 83' lang='lat' dir='ltr'><strong>codex.</strong></span> 
     </span>
    </p>
   </div>
   <div class='ocr_carea' id='block_1_9' title="bbox 151 2056 1136 2105">
    <p class='ocr_par' dir='ltr' id='par_1_10' title="bbox 151 2056 1136 2105">
     <span class='ocr_line' id='line_1_33' title="bbox 151 2056 1136 2105; baseline 0 -13"><span class='ocrx_word' id='word_1_221' title='bbox 151 2066 189 2104; x_wconf 92' lang='lat'><strong>7.</strong></span> <span class='ocrx_word' id='word_1_222' title='bbox 217 2057 348 2104; x_wconf 84' lang='lat' dir='ltr'><strong>Unus.]</strong></span> <span class='ocrx_word' id='word_1_223' title='bbox 390 2057 554 2103; x_wconf 80' lang='lat' dir='ltr'><strong>Quidam</strong></span> <span class='ocrx_word' id='word_1_224' title='bbox 571 2084 580 2100; x_wconf 89' lang='lat'><strong>,</strong></span> <span class='ocrx_word' id='word_1_225' title='bbox 607 2067 721 2105; x_wconf 88' lang='lat' dir='ltr'><strong>quem</strong></span> <span class='ocrx_word' id='word_1_226' title='bbox 754 2056 834 2094; x_wconf 85' lang='lat' dir='ltr'><strong>Ibin</strong></span> <span class='ocrx_word' id='word_1_227' title='bbox 845 2066 980 2093; x_wconf 88' lang='lat' dir='ltr'><strong>vocare</strong></span> <span class='ocrx_word' id='word_1_228' title='bbox 1000 2057 1037 2093; x_wconf 86' lang='lat' dir='ltr'><strong>in</strong></span> <span class='ocrx_word' id='word_1_229' title='bbox 1058 2057 1136 2093; x_wconf 86' lang='lat' dir='ltr'><strong>ani-</strong></span> 
     </span>
    </p>
   </div>
   <div class='ocr_carea' id='block_1_10' title="bbox 47 2104 565 2144">
    <p class='ocr_par' dir='ltr' id='par_1_11' title="bbox 47 2104 565 2144">
     <span class='ocr_line' id='line_1_34' title="bbox 47 2104 565 2144; baseline -0.008 1"><span class='ocrx_word' id='word_1_230' title='bbox 47 2104 52 2117; x_wconf 78' lang='grc'><strong>”</strong></span> <span class='ocrx_word' id='word_1_231' title='bbox 99 2117 204 2144; x_wconf 87' lang='lat' dir='ltr'><strong>mum</strong></span> <span class='ocrx_word' id='word_1_232' title='bbox 226 2106 365 2143; x_wconf 82' lang='lat' dir='ltr'><strong>induxi.</strong></span> <span class='ocrx_word' id='word_1_233' title='bbox 395 2107 565 2142; x_wconf 58' lang='lat' dir='ltr'><strong>C1orau.</strong></span> 
     </span>
    </p>
   </div>
   <div class='ocr_carea' id='block_1_11' title="bbox 97 2152 1143 2510">
    <p class='ocr_par' dir='ltr' id='par_1_12' title="bbox 97 2152 1143 2397">
     <span class='ocr_line' id='line_1_35' title="bbox 154 2152 1137 2202; baseline -0.005 -9"><span class='ocrx_word' id='word_1_234' title='bbox 154 2167 189 2202; x_wconf 87' lang='lat'><strong>7.</strong></span> <span class='ocrx_word' id='word_1_235' title='bbox 216 2163 403 2193; x_wconf 74' lang='lat' dir='ltr'><strong>Perennem</strong></span> <span class='ocrx_word' id='word_1_236' title='bbox 423 2154 594 2192; x_wconf 80' lang='lat' dir='ltr'><strong>candoris</strong></span> <span class='ocrx_word' id='word_1_237' title='bbox 613 2154 759 2191; x_wconf 71' lang='lat' dir='ltr'><strong>titulum</strong></span> <span class='ocrx_word' id='word_1_238' title='bbox 782 2166 850 2189; x_wconf 81' lang='lat' dir='ltr'><strong>non</strong></span> <span class='ocrx_word' id='word_1_239' title='bbox 866 2152 948 2200; x_wconf 74' lang='lat' dir='ltr'><strong>finit</strong></span> <span class='ocrx_word' id='word_1_240' title='bbox 967 2155 1022 2200; x_wconf 72' lang='lat' dir='ltr'><strong>effe</strong></span> <span class='ocrx_word' id='word_1_241' title='bbox 1033 2155 1137 2202; x_wconf 85' lang='lat' dir='ltr'><strong>mei.]</strong></span> 
     </span>
     <span class='ocr_line' id='line_1_36' title="bbox 99 2203 1139 2256; baseline -0.004 -11"><span class='ocrx_word' id='word_1_242' title='bbox 99 2207 194 2245; x_wconf 85' lang='lat' dir='ltr'><strong>Eam</strong></span> <span class='ocrx_word' id='word_1_243' title='bbox 218 2234 229 2251; x_wconf 89' lang='lat'><strong>,</strong></span> <span class='ocrx_word' id='word_1_244' title='bbox 256 2218 328 2256; x_wconf 85' lang='lat' dir='ltr'><strong>qua</strong></span> <span class='ocrx_word' id='word_1_245' title='bbox 358 2207 492 2244; x_wconf 82' lang='lat' dir='ltr'><strong>affidue</strong></span> <span class='ocrx_word' id='word_1_246' title='bbox 521 2206 656 2254; x_wconf 82' lang='lat' dir='ltr'><strong>potitus</strong></span> <span class='ocrx_word' id='word_1_247' title='bbox 685 2205 761 2242; x_wconf 90' lang='lat' dir='ltr'><strong>sum</strong></span> <span class='ocrx_word' id='word_1_248' title='bbox 788 2232 798 2247; x_wconf 93' lang='lat'>,</span> <span class='ocrx_word' id='word_1_249' title='bbox 835 2203 983 2240; x_wconf 81' lang='lat' dir='ltr'><strong>laudem</strong></span> <span class='ocrx_word' id='word_1_250' title='bbox 1008 2204 1139 2241; x_wconf 81' lang='lat' dir='ltr'><strong>nullius</strong></span> 
     </span>
     <span class='ocr_line' id='line_1_37' title="bbox 97 2254 1141 2306; baseline -0.005 -11"><span class='ocrx_word' id='word_1_251' title='bbox 97 2257 290 2302; x_wconf 84' lang='lat' dir='ltr'><strong>laedendi,</strong></span> <span class='ocrx_word' id='word_1_252' title='bbox 317 2266 530 2306; x_wconf 84' lang='lat' dir='ltr'><strong>perpetuam</strong></span> <span class='ocrx_word' id='word_1_253' title='bbox 552 2254 623 2293; x_wconf 83' lang='lat' dir='ltr'><strong>effe</strong></span> <span class='ocrx_word' id='word_1_254' title='bbox 641 2268 718 2293; x_wconf 87' lang='lat' dir='ltr'><strong>non</strong></span> <span class='ocrx_word' id='word_1_255' title='bbox 736 2255 829 2292; x_wconf 87' lang='lat' dir='ltr'><strong>finit.</strong></span> <span class='ocrx_word' id='word_1_256' title='bbox 848 2254 1018 2290; x_wconf 73' lang='lat' dir='ltr'><strong>CIOFAN.</strong></span> <span class='ocrx_word' id='word_1_257' title='bbox 1046 2255 1141 2290; x_wconf 70' lang='lat' dir='ltr'><strong>Can-</strong></span> 
     </span>
     <span class='ocr_line' id='line_1_38' title="bbox 101 2304 1143 2357; baseline -0.005 -11"><span class='ocrx_word' id='word_1_258' title='bbox 101 2308 200 2346; x_wconf 86' lang='lat' dir='ltr'><strong>doris</strong></span> <span class='ocrx_word' id='word_1_259' title='bbox 225 2309 333 2347; x_wconf 82' lang='lat' dir='ltr'><strong>titulo</strong></span> <span class='ocrx_word' id='word_1_260' title='bbox 363 2308 487 2357; x_wconf 84' lang='lat' dir='ltr'><strong>passim</strong></span> <span class='ocrx_word' id='word_1_261' title='bbox 519 2306 694 2356; x_wconf 71' lang='lat' dir='ltr'><strong>gloriatur</strong></span> <span class='ocrx_word' id='word_1_262' title='bbox 717 2333 727 2349; x_wconf 92' lang='lat'>,</span> <span class='ocrx_word' id='word_1_263' title='bbox 775 2313 855 2342; x_wconf 88' lang='lat' dir='ltr'><strong>tum</strong></span> <span class='ocrx_word' id='word_1_264' title='bbox 888 2305 949 2342; x_wconf 91' lang='lat' dir='ltr'><strong>lib.</strong></span> <span class='ocrx_word' id='word_1_265' title='bbox 979 2317 1024 2342; x_wconf 82' lang='lat'><strong>11.</strong></span> <span class='ocrx_word' id='word_1_266' title='bbox 1053 2304 1143 2342; x_wconf 86' lang='lat' dir='ltr'><strong>Tri-</strong></span> 
     </span>
     <span class='ocr_line' id='line_1_39' title="bbox 98 2358 230 2397; baseline -0.015 0"><span class='ocrx_word' id='word_1_267' title='bbox 98 2358 230 2397; x_wconf 86' lang='lat' dir='ltr'><strong>stium:</strong></span> 
     </span>
    </p>

    <p class='ocr_par' dir='ltr' id='par_1_13' title="bbox 153 2404 1142 2455">
     <span class='ocr_line' id='line_1_40' title="bbox 153 2404 1142 2455; baseline -0.003 -9"><span class='ocrx_word' id='word_1_268' title='bbox 153 2416 226 2446; x_wconf 83' lang='lat' dir='ltr'><strong>Nec</strong></span> <span class='ocrx_word' id='word_1_269' title='bbox 244 2408 332 2447; x_wconf 83' lang='lat' dir='ltr'><strong>mihi</strong></span> <span class='ocrx_word' id='word_1_270' title='bbox 350 2409 504 2446; x_wconf 80' lang='lat' dir='ltr'><strong>credibile</strong></span> <span class='ocrx_word' id='word_1_271' title='bbox 520 2408 562 2445; x_wconf 78' lang='lat' dir='ltr'><strong>ell</strong></span> <span class='ocrx_word' id='word_1_272' title='bbox 577 2419 791 2455; x_wconf 81' lang='lat' dir='ltr'><strong>quemquam</strong></span> <span class='ocrx_word' id='word_1_273' title='bbox 811 2404 980 2453; x_wconf 84' lang='lat' dir='ltr'><strong>insultare</strong></span> <span class='ocrx_word' id='word_1_274' title='bbox 994 2406 1142 2455; x_wconf 82' lang='lat' dir='ltr'><strong>jacenti,</strong></span> 
     </span>
    </p>

    <p class='ocr_par' dir='ltr' id='par_1_14' title="bbox 205 2456 923 2510">
     <span class='ocr_line' id='line_1_41' title="bbox 205 2456 923 2510; baseline -0.007 -13"><span class='ocrx_word' id='word_1_275' title='bbox 205 2460 334 2497; x_wconf 84' lang='lat' dir='ltr'><em>Gratia</em></span> <span class='ocrx_word' id='word_1_276' title='bbox 353 2461 492 2497; x_wconf 80' lang='lat' dir='ltr'><strong>candori</strong></span> <span class='ocrx_word' id='word_1_277' title='bbox 506 2458 541 2509; x_wconf 78' lang='lat' dir='ltr'><em>fi</em></span> <span class='ocrx_word' id='word_1_278' title='bbox 559 2472 628 2510; x_wconf 71' lang='lat' dir='ltr'><strong>qna</strong></span> <span class='ocrx_word' id='word_1_279' title='bbox 649 2459 760 2495; x_wconf 83' lang='lat' dir='ltr'><strong>relata</strong></span> <span class='ocrx_word' id='word_1_280' title='bbox 776 2470 846 2494; x_wconf 85' lang='lat' dir='ltr'><strong>meo</strong></span> <span class='ocrx_word' id='word_1_281' title='bbox 868 2456 923 2502; x_wconf 79' lang='lat' dir='ltr'><strong>est.</strong></span> 
     </span>
    </p>
   </div>
   <div class='ocr_carea' id='block_1_12' title="bbox 101 2522 787 2570">
    <p class='ocr_par' dir='ltr' id='par_1_15' title="bbox 101 2522 787 2570">
     <span class='ocr_line' id='line_1_42' title="bbox 101 2522 787 2570; baseline -0.007 -7"><span class='ocrx_word' id='word_1_282' title='bbox 101 2525 198 2563; x_wconf 86' lang='lat' dir='ltr'><strong>Item</strong></span> <span class='ocrx_word' id='word_1_283' title='bbox 217 2524 279 2562; x_wconf 90' lang='lat' dir='ltr'><strong>lib.</strong></span> <span class='ocrx_word' id='word_1_284' title='bbox 297 2537 360 2562; x_wconf 84' lang='lat'><strong>111.</strong></span> <span class='ocrx_word' id='word_1_285' title='bbox 388 2525 433 2561; x_wconf 88' lang='lat' dir='ltr'><strong>de</strong></span> <span class='ocrx_word' id='word_1_286' title='bbox 452 2524 575 2561; x_wconf 85' lang='lat' dir='ltr'><strong>Ponto</strong></span> <span class='ocrx_word' id='word_1_287' title='bbox 595 2550 605 2567; x_wconf 91' lang='lat'>,</span> <span class='ocrx_word' id='word_1_288' title='bbox 633 2522 735 2570; x_wconf 87' lang='lat' dir='ltr'><strong>Eleg.</strong></span> <span class='ocrx_word' id='word_1_289' title='bbox 752 2533 787 2567; x_wconf 81' lang='lat'><strong>4.</strong></span> 
     </span>
    </p>
   </div>
   <div class='ocr_carea' id='block_1_13' title="bbox 154 2584 1041 2687">
    <p class='ocr_par' dir='ltr' id='par_1_16' title="bbox 154 2584 1041 2687">
     <span class='ocr_line' id='line_1_43' title="bbox 154 2584 944 2635; baseline -0.003 -12"><span class='ocrx_word' id='word_1_290' title='bbox 154 2587 289 2624; x_wconf 82' lang='lat' dir='ltr'><strong>Viribus</strong></span> <span class='ocrx_word' id='word_1_291' title='bbox 306 2587 456 2635; x_wconf 85' lang='lat' dir='ltr'><strong>infirmis</strong></span> <span class='ocrx_word' id='word_1_292' title='bbox 472 2587 579 2627; x_wconf 66' lang='lat' dir='ltr'><strong>vestro</strong></span> <span class='ocrx_word' id='word_1_293' title='bbox 598 2586 742 2623; x_wconf 76' lang='lat' dir='ltr'><strong>candore</strong></span> <span class='ocrx_word' id='word_1_294' title='bbox 761 2584 920 2622; x_wconf 84' lang='lat' dir='ltr'><strong>valemus</strong></span> <span class='ocrx_word' id='word_1_295' title='bbox 934 2614 944 2630; x_wconf 97' lang='lat'>,</span> 
     </span>
     <span class='ocr_line' id='line_1_44' title="bbox 205 2636 1041 2687; baseline 0 -12"><span class='ocrx_word' id='word_1_296' title='bbox 205 2640 320 2685; x_wconf 62' lang='lat' dir='ltr'><strong>§Luem</strong></span> <span class='ocrx_word' id='word_1_297' title='bbox 340 2637 472 2687; x_wconf 62' lang='lat' dir='ltr'><strong>mihist</strong></span> <span class='ocrx_word' id='word_1_298' title='bbox 488 2639 628 2683; x_wconf 78' lang='lat' dir='ltr'><strong>demas,</strong></span> <span class='ocrx_word' id='word_1_299' title='bbox 653 2636 771 2674; x_wconf 83' lang='lat' dir='ltr'><strong>omnia</strong></span> <span class='ocrx_word' id='word_1_300' title='bbox 792 2646 894 2686; x_wconf 85' lang='lat' dir='ltr'><strong>rapta</strong></span> <span class='ocrx_word' id='word_1_301' title='bbox 911 2646 1041 2686; x_wconf 80' lang='lat' dir='ltr'><strong>putem.</strong></span> 
     </span>
    </p>
   </div>
   <div class='ocr_carea' id='block_1_14' title="bbox 109 2697 532 2751">
    <p class='ocr_par' dir='ltr' id='par_1_17' title="bbox 109 2697 532 2751">
     <span class='ocr_line' id='line_1_45' title="bbox 109 2697 532 2751; baseline 0.009 -15"><span class='ocrx_word' id='word_1_302' title='bbox 109 2697 158 2737; x_wconf 87' lang='lat' dir='ltr'><strong>Et</strong></span> <span class='ocrx_word' id='word_1_303' title='bbox 174 2701 235 2737; x_wconf 90' lang='lat' dir='ltr'><strong>lib.</strong></span> <span class='ocrx_word' id='word_1_304' title='bbox 256 2715 307 2740; x_wconf 79' lang='grc' dir='ltr'><strong>ιν.</strong></span> <span class='ocrx_word' id='word_1_305' title='bbox 332 2703 433 2751; x_wconf 84' lang='lat' dir='ltr'><strong>Eleg.</strong></span> <span class='ocrx_word' id='word_1_306' title='bbox 454 2715 532 2741; x_wconf 86' lang='lat' dir='ltr'><strong>xrv.</strong></span> 
     </span>
    </p>
   </div>
   <div class='ocr_carea' id='block_1_15' title="bbox 163 2764 1114 2815">
    <p class='ocr_par' dir='ltr' id='par_1_18' title="bbox 163 2764 1114 2815">
     <span class='ocr_line' id='line_1_46' title="bbox 163 2764 1114 2815; baseline -0.003 -13"><span class='ocrx_word' id='word_1_307' title='bbox 163 2769 249 2801; x_wconf 80' lang='lat' dir='ltr'><strong>Tam</strong></span> <span class='ocrx_word' id='word_1_308' title='bbox 261 2767 342 2807; x_wconf 79' lang='lat' dir='ltr'><strong>felix</strong></span> <span class='ocrx_word' id='word_1_309' title='bbox 363 2768 501 2805; x_wconf 77' lang='lat' dir='ltr'><strong>utinam</strong></span> <span class='ocrx_word' id='word_1_310' title='bbox 514 2795 524 2812; x_wconf 96' lang='lat'><strong>,</strong></span> <span class='ocrx_word' id='word_1_311' title='bbox 547 2780 652 2815; x_wconf 87' lang='lat' dir='ltr'><strong>quam</strong></span> <span class='ocrx_word' id='word_1_312' title='bbox 671 2767 798 2815; x_wconf 60' lang='lat' dir='ltr'><strong>perflare</strong></span> <span class='ocrx_word' id='word_1_313' title='bbox 818 2764 1088 2814; x_wconf 78' lang='lat' dir='ltr'><strong>candiduseffem</strong></span> <span class='ocrx_word' id='word_1_314' title='bbox 1102 2777 1114 2806; x_wconf 86' lang='lat'>;</span> 
     </span>
    </p>
   </div>
   <div class='ocr_carea' id='block_1_16' title="bbox 116 2818 897 2906">
    <p class='ocr_par' dir='ltr' id='par_1_19' title="bbox 116 2818 897 2906">
     <span class='ocr_line' id='line_1_47' title="bbox 116 2818 897 2906; baseline 0.005 -57"><span class='ocrx_word' id='word_1_315' title='bbox 116 2867 138 2906; x_wconf 80' lang='lat' dir='ltr'>S</span> <span class='ocrx_word' id='word_1_316' title='bbox 215 2820 328 2851; x_wconf 78' lang='lat' dir='ltr'><strong>Extat</strong></span> <span class='ocrx_word' id='word_1_317' title='bbox 348 2818 459 2854; x_wconf 76' lang='lat' dir='ltr'><strong>adhuc</strong></span> <span class='ocrx_word' id='word_1_318' title='bbox 476 2832 572 2856; x_wconf 86' lang='lat' dir='ltr'><strong>nemo</strong></span> <span class='ocrx_word' id='word_1_319' title='bbox 580 2819 721 2867; x_wconf 79' lang='lat' dir='ltr'><strong>saucius</strong></span> <span class='ocrx_word' id='word_1_320' title='bbox 739 2830 792 2854; x_wconf 87' lang='lat' dir='ltr'><strong>ore</strong></span> <span class='ocrx_word' id='word_1_321' title='bbox 813 2829 897 2854; x_wconf 85' lang='lat' dir='ltr'><strong>meo.</strong></span> 
     </span>
     <span class='ocr_line' id='line_1_48' title="bbox 143 2876 318 2905; baseline 0.017 -4"><span class='ocrx_word' id='word_1_322' title='bbox 143 2876 318 2905; x_wconf 75' lang='lat' dir='ltr'><strong>ALVAGN.</strong></span> 
     </span>
    </p>
   </div>
   <div class='ocr_carea' id='block_1_17' title="bbox 108 2926 1152 3332">
    <p class='ocr_par' dir='ltr' id='par_1_20' title="bbox 108 2926 1152 3332">
     <span class='ocr_line' id='line_1_49' title="bbox 162 2926 1142 2980; baseline -0.001 -16"><span class='ocrx_word' id='word_1_323' title='bbox 162 2941 197 2977; x_wconf 91' lang='lat'><strong>9.</strong></span> <span class='ocrx_word' id='word_1_324' title='bbox 229 2935 323 2964; x_wconf 74' lang='lat' dir='ltr'><strong>Nam</strong></span> <span class='ocrx_word' id='word_1_325' title='bbox 348 2941 469 2965; x_wconf 83' lang='lat' dir='ltr'><strong>nomen</strong></span> <span class='ocrx_word' id='word_1_326' title='bbox 495 2929 607 2967; x_wconf 82' lang='lat' dir='ltr'><strong>adbuc</strong></span> <span class='ocrx_word' id='word_1_327' title='bbox 637 2940 822 2980; x_wconf 85' lang='lat' dir='ltr'><strong>utrumque</strong></span> <span class='ocrx_word' id='word_1_328' title='bbox 851 2926 1004 2976; x_wconf 54' lang='lat' dir='ltr'><strong>medua]</strong></span> <span class='ocrx_word' id='word_1_329' title='bbox 1052 2928 1142 2964; x_wconf 87' lang='lat' dir='ltr'><strong>Non</strong></span> 
     </span>
     <span class='ocr_line' id='line_1_50' title="bbox 109 2978 1141 3029; baseline -0.004 -13"><span class='ocrx_word' id='word_1_330' title='bbox 109 2989 320 3029; x_wconf 81' lang='lat' dir='ltr'><strong>utramque,</strong></span> <span class='ocrx_word' id='word_1_331' title='bbox 347 2978 406 3015; x_wconf 82' lang='lat' dir='ltr'><strong>sed</strong></span> <span class='ocrx_word' id='word_1_332' title='bbox 429 2991 618 3029; x_wconf 80' lang='lat' dir='ltr'><strong>verumque</strong></span> <span class='ocrx_word' id='word_1_333' title='bbox 637 3007 647 3023; x_wconf 91' lang='lat'>,</span> <span class='ocrx_word' id='word_1_334' title='bbox 676 2982 873 3028; x_wconf 83' lang='lat' dir='ltr'><strong>vitiumque</strong></span> <span class='ocrx_word' id='word_1_335' title='bbox 891 3008 902 3024; x_wconf 93' lang='lat'>,</span> <span class='ocrx_word' id='word_1_336' title='bbox 932 2979 991 3015; x_wconf 87' lang='lat' dir='ltr'><strong>vel</strong></span> <span class='ocrx_word' id='word_1_337' title='bbox 1003 2989 1141 3015; x_wconf 80' lang='lat' dir='ltr'><strong>utcum-</strong></span> 
     </span>
     <span class='ocr_line' id='line_1_51' title="bbox 110 3029 1140 3078; baseline 0 -12"><span class='ocrx_word' id='word_1_338' title='bbox 110 3043 174 3078; x_wconf 83' lang='lat' dir='ltr'><strong>que</strong></span> <span class='ocrx_word' id='word_1_339' title='bbox 193 3031 263 3078; x_wconf 82' lang='lat' dir='ltr'><strong>legi</strong></span> <span class='ocrx_word' id='word_1_340' title='bbox 283 3031 481 3067; x_wconf 84' lang='lat' dir='ltr'><strong>convenit:</strong></span> <span class='ocrx_word' id='word_1_341' title='bbox 510 3031 619 3066; x_wconf 86' lang='lat' dir='ltr'><strong>tribus</strong></span> <span class='ocrx_word' id='word_1_342' title='bbox 641 3033 740 3068; x_wconf 87' lang='lat' dir='ltr'><strong>enim</strong></span> <span class='ocrx_word' id='word_1_343' title='bbox 763 3030 882 3069; x_wconf 88' lang='lat' dir='ltr'><strong>modis</strong></span> <span class='ocrx_word' id='word_1_344' title='bbox 905 3029 1140 3067; x_wconf 83' lang='lat' dir='ltr'><strong>emendatam</strong></span> 
     </span>
     <span class='ocr_line' id='line_1_52' title="bbox 108 3079 1144 3128; baseline -0.003 -9"><span class='ocrx_word' id='word_1_345' title='bbox 108 3081 203 3119; x_wconf 84' lang='lat' dir='ltr'><strong>hanc</strong></span> <span class='ocrx_word' id='word_1_346' title='bbox 230 3081 430 3118; x_wconf 67' lang='lat' dir='ltr'><strong>lectionem</strong></span> <span class='ocrx_word' id='word_1_347' title='bbox 461 3081 496 3117; x_wconf 86' lang='lat' dir='ltr'><strong>in</strong></span> <span class='ocrx_word' id='word_1_348' title='bbox 526 3079 771 3128; x_wconf 75' lang='lat' dir='ltr'><strong>manuscriptis</strong></span> <span class='ocrx_word' id='word_1_349' title='bbox 799 3081 986 3118; x_wconf 83' lang='lat' dir='ltr'><strong>codicibus</strong></span> <span class='ocrx_word' id='word_1_350' title='bbox 1010 3080 1144 3126; x_wconf 87' lang='lat' dir='ltr'><strong>reperi·</strong></span> 
     </span>
     <span class='ocr_line' id='line_1_53' title="bbox 110 3130 1148 3179; baseline -0.002 -9"><span class='ocrx_word' id='word_1_351' title='bbox 110 3143 204 3170; x_wconf 79' lang='lat' dir='ltr'><strong>mus,</strong></span> <span class='ocrx_word' id='word_1_352' title='bbox 256 3130 327 3168; x_wconf 90' lang='lat' dir='ltr'><strong>Sed</strong></span> <span class='ocrx_word' id='word_1_353' title='bbox 354 3132 533 3179; x_wconf 83' lang='lat' dir='ltr'><strong>postrema</strong></span> <span class='ocrx_word' id='word_1_354' title='bbox 564 3132 677 3178; x_wconf 81' lang='lat' dir='ltr'><strong>magis</strong></span> <span class='ocrx_word' id='word_1_355' title='bbox 706 3130 883 3168; x_wconf 71' lang='lat' dir='ltr'><strong>satisfacit.</strong></span> <span class='ocrx_word' id='word_1_356' title='bbox 911 3132 1148 3168; x_wconf 59' lang='lat' dir='ltr'><strong>Consum.</strong></span> 
     </span>
     <span class='ocr_line' id='line_1_54' title="bbox 111 3180 1146 3229; baseline -0.002 -10"><span class='ocrx_word' id='word_1_357' title='bbox 111 3181 281 3220; x_wconf 50' lang='lat' dir='ltr'><strong>Fau-ms.</strong></span> <span class='ocrx_word' id='word_1_358' title='bbox 310 3183 511 3219; x_wconf 82' lang='lat' dir='ltr'><strong>Neminem</strong></span> <span class='ocrx_word' id='word_1_359' title='bbox 535 3182 777 3229; x_wconf 78' lang='lat' dir='ltr'><strong>interpretum</strong></span> <span class='ocrx_word' id='word_1_360' title='bbox 800 3180 998 3218; x_wconf 82' lang='lat' dir='ltr'><strong>observaffe</strong></span> <span class='ocrx_word' id='word_1_361' title='bbox 1020 3181 1146 3224; x_wconf 87' lang='lat' dir='ltr'><strong>video,</strong></span> 
     </span>
     <span class='ocr_line' id='line_1_55' title="bbox 114 3231 1147 3271; baseline -0.003 0"><span class='ocrx_word' id='word_1_362' title='bbox 114 3245 177 3271; x_wconf 92' lang='lat' dir='ltr'><strong>cur</strong></span> <span class='ocrx_word' id='word_1_363' title='bbox 198 3232 356 3269; x_wconf 83' lang='lat' dir='ltr'><strong>Ovidius</strong></span> <span class='ocrx_word' id='word_1_364' title='bbox 390 3233 498 3270; x_wconf 63' lang='lat' dir='ltr'><strong>Ibidis</strong></span> <span class='ocrx_word' id='word_1_365' title='bbox 529 3244 670 3269; x_wconf 82' lang='lat' dir='ltr'><strong>nornen</strong></span> <span class='ocrx_word' id='word_1_366' title='bbox 703 3231 922 3269; x_wconf 86' lang='lat' dir='ltr'><strong>subticuerit.</strong></span> <span class='ocrx_word' id='word_1_367' title='bbox 977 3232 1073 3268; x_wconf 87' lang='lat' dir='ltr'><strong>Mihi</strong></span> <span class='ocrx_word' id='word_1_368' title='bbox 1093 3240 1147 3268; x_wconf 86' lang='lat' dir='ltr'><strong>ta-</strong></span> 
     </span>
     <span class='ocr_line' id='line_1_56' title="bbox 109 3282 1152 3332; baseline -0.005 -8"><span class='ocrx_word' id='word_1_369' title='bbox 109 3295 196 3324; x_wconf 88' lang='lat' dir='ltr'><strong>men</strong></span> <span class='ocrx_word' id='word_1_370' title='bbox 217 3284 307 3321; x_wconf 81' lang='lat' dir='ltr'><strong>haec</strong></span> <span class='ocrx_word' id='word_1_371' title='bbox 325 3283 509 3332; x_wconf 81' lang='lat' dir='ltr'><strong>indagatio</strong></span> <span class='ocrx_word' id='word_1_372' title='bbox 521 3283 664 3332; x_wconf 75' lang='lat' dir='ltr'><strong>dignior</strong></span> <span class='ocrx_word' id='word_1_373' title='bbox 676 3282 749 3322; x_wconf 88' lang='lat' dir='ltr'><strong>visa</strong></span> <span class='ocrx_word' id='word_1_374' title='bbox 767 3282 815 3320; x_wconf 88' lang='lat' dir='ltr'><strong>est</strong></span> <span class='ocrx_word' id='word_1_375' title='bbox 828 3309 838 3327; x_wconf 94' lang='lat'>,</span> <span class='ocrx_word' id='word_1_376' title='bbox 859 3292 972 3331; x_wconf 85' lang='lat' dir='ltr'><strong>quam</strong></span> <span class='ocrx_word' id='word_1_377' title='bbox 993 3287 1032 3320; x_wconf 90' lang='lat' dir='ltr'><strong>ut</strong></span> <span class='ocrx_word' id='word_1_378' title='bbox 1048 3291 1152 3329; x_wconf 85' lang='lat' dir='ltr'><strong>prae-</strong></span> 
     </span>
    </p>
   </div>
   <div class='ocr_carea' id='block_1_18' title="bbox 454 444 1520 520">
    <p class='ocr_par' dir='ltr' id='par_1_21' title="bbox 454 444 1520 520">
     <span class='ocr_line' id='line_1_57' title="bbox 454 444 1520 520; baseline -0.005 -16"><span class='ocrx_word' id='word_1_379' title='bbox 454 449 621 520; x_wconf 85' lang='lat' dir='ltr'><strong>Cogit</strong></span> <span class='ocrx_word' id='word_1_380' title='bbox 647 445 938 500; x_wconf 84' lang='lat' dir='ltr'><strong>inadsuetas</strong></span> <span class='ocrx_word' id='word_1_381' title='bbox 960 444 1163 497; x_wconf 88' lang='lat' dir='ltr'><strong>sumere</strong></span> <span class='ocrx_word' id='word_1_382' title='bbox 1189 445 1290 498; x_wconf 88' lang='lat' dir='ltr'><strong>tela</strong></span> <span class='ocrx_word' id='word_1_383' title='bbox 1319 461 1520 499; x_wconf 77' lang='lat' dir='ltr'><strong>manus,</strong></span> 
     </span>
    </p>
   </div>
   <div class='ocr_carea' id='block_1_19' title="bbox 2141 537 2230 594">
    <p class='ocr_par' dir='ltr' id='par_1_22' title="bbox 2141 537 2230 594">
     <span class='ocr_line' id='line_1_58' title="bbox 2141 537 2230 594; baseline 0.022 -2"><span class='ocrx_word' id='word_1_384' title='bbox 2141 537 2230 594; x_wconf 88' lang='lat' dir='ltr'><strong>Ille</strong></span> 
     </span>
    </p>
   </div>
   <div class='ocr_carea' id='block_1_20' title="bbox 1192 664 2238 818">
    <p class='ocr_par' dir='ltr' id='par_1_23' title="bbox 1192 664 2238 818">
     <span class='ocr_line' id='line_1_59' title="bbox 1192 664 2238 712; baseline 0.003 -10"><span class='ocrx_word' id='word_1_385' title='bbox 1192 666 1347 703; x_wconf 87' lang='lat' dir='ltr'><strong>termitti</strong></span> <span class='ocrx_word' id='word_1_386' title='bbox 1375 664 1519 704; x_wconf 84' lang='lat' dir='ltr'><strong>debeat.</strong></span> <span class='ocrx_word' id='word_1_387' title='bbox 1574 666 1635 705; x_wconf 88' lang='lat' dir='ltr'><strong>An</strong></span> <span class='ocrx_word' id='word_1_388' title='bbox 1659 696 1670 712; x_wconf 94' lang='lat'>‚</span> <span class='ocrx_word' id='word_1_389' title='bbox 1707 679 1755 706; x_wconf 92' lang='lat' dir='ltr'><strong>ne</strong></span> <span class='ocrx_word' id='word_1_390' title='bbox 1791 665 2009 705; x_wconf 80' lang='lat' dir='ltr'><strong>carminibus</strong></span> <span class='ocrx_word' id='word_1_391' title='bbox 2039 666 2238 705; x_wconf 74' lang='lat' dir='ltr'><strong>ovidianis</strong></span> 
     </span>
     <span class='ocr_line' id='line_1_60' title="bbox 1193 715 2231 767; baseline 0.004 -15"><span class='ocrx_word' id='word_1_392' title='bbox 1193 715 1263 753; x_wconf 85' lang='lat' dir='ltr'><strong>Ibis</strong></span> <span class='ocrx_word' id='word_1_393' title='bbox 1282 717 1530 755; x_wconf 86' lang='lat' dir='ltr'><strong>inclaresceret</strong></span> <span class='ocrx_word' id='word_1_394' title='bbox 1544 745 1553 760; x_wconf 97' lang='lat'>‚</span> <span class='ocrx_word' id='word_1_395' title='bbox 1582 719 1618 755; x_wconf 90' lang='lat' dir='ltr'><strong>in</strong></span> <span class='ocrx_word' id='word_1_396' title='bbox 1637 731 1749 767; x_wconf 89' lang='lat' dir='ltr'><strong>quam</strong></span> <span class='ocrx_word' id='word_1_397' title='bbox 1762 719 1975 757; x_wconf 86' lang='lat' dir='ltr'><strong>sententiam</strong></span> <span class='ocrx_word' id='word_1_398' title='bbox 1992 719 2151 755; x_wconf 89' lang='lat' dir='ltr'><strong>eundem</strong></span> <span class='ocrx_word' id='word_1_399' title='bbox 2169 719 2231 762; x_wconf 86' lang='lat' dir='ltr'><strong>‚ni</strong></span> 
     </span>
     <span class='ocr_line' id='line_1_61' title="bbox 1192 766 2209 818; baseline 0.003 -15"><span class='ocrx_word' id='word_1_400' title='bbox 1192 766 1321 812; x_wconf 81' lang='lat' dir='ltr'><strong>fallor,</strong></span> <span class='ocrx_word' id='word_1_401' title='bbox 1349 767 1398 806; x_wconf 87' lang='lat' dir='ltr'><strong>fic</strong></span> <span class='ocrx_word' id='word_1_402' title='bbox 1417 767 1616 817; x_wconf 81' lang='lat' dir='ltr'><strong>alloquitur</strong></span> <span class='ocrx_word' id='word_1_403' title='bbox 1632 769 1693 807; x_wconf 91' lang='lat' dir='ltr'><strong>lib.</strong></span> <span class='ocrx_word' id='word_1_404' title='bbox 1714 783 1768 809; x_wconf 87' lang='lat' dir='ltr'><strong>1v.</strong></span> <span class='ocrx_word' id='word_1_405' title='bbox 1795 769 1841 807; x_wconf 91' lang='lat' dir='ltr'><strong>de</strong></span> <span class='ocrx_word' id='word_1_406' title='bbox 1859 771 1982 807; x_wconf 86' lang='lat' dir='ltr'><strong>Ponto</strong></span> <span class='ocrx_word' id='word_1_407' title='bbox 1999 796 2011 814; x_wconf 85' lang='lat'>,</span> <span class='ocrx_word' id='word_1_408' title='bbox 2037 769 2209 818; x_wconf 86' lang='lat' dir='ltr'><strong>Eleg.1v.</strong></span> 
     </span>
    </p>
   </div>
   <div class='ocr_carea' id='block_1_21' title="bbox 1243 834 2224 1086">
    <p class='ocr_par' dir='ltr' id='par_1_24' title="bbox 1243 834 2224 1086">
     <span class='ocr_line' id='line_1_62' title="bbox 1243 834 2224 885; baseline 0.004 -14"><span class='ocrx_word' id='word_1_409' title='bbox 1243 839 1446 885; x_wconf 82' lang='lat' dir='ltr'><strong>Conquerar</strong></span> <span class='ocrx_word' id='word_1_410' title='bbox 1471 847 1519 872; x_wconf 83' lang='lat' dir='ltr'><strong>an</strong></span> <span class='ocrx_word' id='word_1_411' title='bbox 1549 844 1685 872; x_wconf 85' lang='lat' dir='ltr'><strong>taceam</strong></span> <span class='ocrx_word' id='word_1_412' title='bbox 1706 850 1717 879; x_wconf 90' lang='lat'>;</span> <span class='ocrx_word' id='word_1_413' title='bbox 1752 845 1880 885; x_wconf 86' lang='lat' dir='ltr'><strong>ponam</strong></span> <span class='ocrx_word' id='word_1_414' title='bbox 1901 834 1978 885; x_wconf 82' lang='lat' dir='ltr'><strong>fine</strong></span> <span class='ocrx_word' id='word_1_415' title='bbox 2005 835 2138 875; x_wconf 78' lang='lat' dir='ltr'><strong>nomine</strong></span> <span class='ocrx_word' id='word_1_416' title='bbox 2155 835 2224 883; x_wconf 44' lang='lat' dir='ltr'><strong>cri-¹</strong></span> 
     </span>
     <span class='ocr_line' id='line_1_63' title="bbox 1372 894 1480 923; baseline 0.009 -1"><span class='ocrx_word' id='word_1_417' title='bbox 1372 898 1452 922; x_wconf 86' lang='lat' dir='ltr'><strong>men</strong></span> <span class='ocrx_word' id='word_1_418' title='bbox 1464 894 1480 923; x_wconf 68' lang='grc' dir='ltr'><em>ἓ</em></span> 
     </span>
     <span class='ocr_line' id='line_1_64' title="bbox 1295 936 2055 987; baseline 0.003 -14"><span class='ocrx_word' id='word_1_419' title='bbox 1295 941 1362 973; x_wconf 84' lang='lat' dir='ltr'><strong>An</strong></span> <span class='ocrx_word' id='word_1_420' title='bbox 1386 946 1509 973; x_wconf 83' lang='lat' dir='ltr'><strong>notum</strong></span> <span class='ocrx_word' id='word_1_421' title='bbox 1530 937 1591 986; x_wconf 84' lang='lat' dir='ltr'><strong>qui</strong></span> <span class='ocrx_word' id='word_1_422' title='bbox 1605 936 1650 986; x_wconf 87' lang='lat' dir='ltr'><strong>fis</strong></span> <span class='ocrx_word' id='word_1_423' title='bbox 1669 936 1826 974; x_wconf 79' lang='lat' dir='ltr'><strong>omnibus</strong></span> <span class='ocrx_word' id='word_1_424' title='bbox 1844 938 1900 987; x_wconf 78' lang='lat' dir='ltr'><strong>effe</strong></span> <span class='ocrx_word' id='word_1_425' title='bbox 1919 937 2055 975; x_wconf 73' lang='lat' dir='ltr'><strong>velim?</strong></span> 
     </span>
     <span class='ocr_line' id='line_1_65' title="bbox 1246 987 2119 1037; baseline 0.001 -13"><span class='ocrx_word' id='word_1_426' title='bbox 1246 988 1397 1024; x_wconf 83' lang='lat' dir='ltr'><strong>Nomine</strong></span> <span class='ocrx_word' id='word_1_427' title='bbox 1417 1000 1486 1024; x_wconf 80' lang='lat' dir='ltr'><strong>non</strong></span> <span class='ocrx_word' id='word_1_428' title='bbox 1505 998 1589 1025; x_wconf 83' lang='lat' dir='ltr'><strong>utar</strong></span> <span class='ocrx_word' id='word_1_429' title='bbox 1602 1017 1612 1033; x_wconf 88' lang='lat'>,</span> <span class='ocrx_word' id='word_1_430' title='bbox 1641 1002 1682 1025; x_wconf 85' lang='lat' dir='ltr'><strong>ne</strong></span> <span class='ocrx_word' id='word_1_431' title='bbox 1703 989 1932 1025; x_wconf 83' lang='lat' dir='ltr'><strong>commendere</strong></span> <span class='ocrx_word' id='word_1_432' title='bbox 1955 987 2094 1037; x_wconf 74' lang='lat' dir='ltr'><strong>quereld</strong></span> <span class='ocrx_word' id='word_1_433' title='bbox 2107 1015 2119 1033; x_wconf 87' lang='lat'>,</span> 
     </span>
     <span class='ocr_line' id='line_1_66' title="bbox 1293 1039 2052 1086; baseline 0.003 -12"><span class='ocrx_word' id='word_1_434' title='bbox 1293 1040 1568 1086; x_wconf 55' lang='lat' dir='ltr'><strong>{Quaeramrque</strong></span> <span class='ocrx_word' id='word_1_435' title='bbox 1588 1039 1652 1076; x_wconf 84' lang='lat' dir='ltr'><strong>tibi</strong></span> <span class='ocrx_word' id='word_1_436' title='bbox 1671 1039 1824 1076; x_wconf 81' lang='lat' dir='ltr'><strong>carmine</strong></span> <span class='ocrx_word' id='word_1_437' title='bbox 1835 1040 1945 1085; x_wconf 88' lang='lat' dir='ltr'><strong>sama</strong></span> <span class='ocrx_word' id='word_1_438' title='bbox 1968 1051 2052 1076; x_wconf 86' lang='lat' dir='ltr'><strong>meo.</strong></span> 
     </span>
    </p>
   </div>
   <div class='ocr_carea' id='block_1_22' title="bbox 1188 1101 2234 1203">
    <p class='ocr_par' dir='ltr' id='par_1_25' title="bbox 1188 1101 2234 1203">
     <span class='ocr_line' id='line_1_67' title="bbox 1189 1101 2234 1151; baseline 0 -10"><span class='ocrx_word' id='word_1_439' title='bbox 1189 1101 1307 1151; x_wconf 91' lang='lat' dir='ltr'><strong>Quod</strong></span> <span class='ocrx_word' id='word_1_440' title='bbox 1328 1112 1412 1141; x_wconf 85' lang='lat' dir='ltr'><strong>ante</strong></span> <span class='ocrx_word' id='word_1_441' title='bbox 1434 1102 1620 1141; x_wconf 88' lang='lat' dir='ltr'><strong>Nasonem</strong></span> <span class='ocrx_word' id='word_1_442' title='bbox 1647 1103 1808 1140; x_wconf 88' lang='lat' dir='ltr'><strong>Catullus</strong></span> <span class='ocrx_word' id='word_1_443' title='bbox 1829 1131 1838 1146; x_wconf 94' lang='lat'>,</span> <span class='ocrx_word' id='word_1_444' title='bbox 1873 1103 2134 1149; x_wconf 82' lang='lat' dir='ltr'><strong>elegantiarum</strong></span> <span class='ocrx_word' id='word_1_445' title='bbox 2159 1103 2234 1141; x_wconf 77' lang='lat' dir='ltr'><strong>La-&#39;</strong></span> 
     </span>
     <span class='ocr_line' id='line_1_68' title="bbox 1188 1153 2230 1203; baseline 0 -11"><span class='ocrx_word' id='word_1_446' title='bbox 1188 1156 1346 1192; x_wconf 87' lang='lat' dir='ltr'><strong>tinarum</strong></span> <span class='ocrx_word' id='word_1_447' title='bbox 1378 1153 1529 1191; x_wconf 84' lang='lat' dir='ltr'><strong>deliciae</strong></span> <span class='ocrx_word' id='word_1_448' title='bbox 1558 1182 1568 1197; x_wconf 87' lang='lat'>‚</span> <span class='ocrx_word' id='word_1_449' title='bbox 1614 1154 1752 1203; x_wconf 88' lang='lat' dir='ltr'><strong>objecit</strong></span> <span class='ocrx_word' id='word_1_450' title='bbox 1794 1154 1941 1191; x_wconf 82' lang='lat' dir='ltr'><strong>Ravido</strong></span> <span class='ocrx_word' id='word_1_451' title='bbox 1969 1154 2023 1190; x_wconf 87' lang='lat' dir='ltr'><strong>his</strong></span> <span class='ocrx_word' id='word_1_452' title='bbox 2053 1153 2230 1192; x_wconf 80' lang='lat' dir='ltr'><strong>versibus:</strong></span> 
     </span>
    </p>
   </div>
   <div class='ocr_carea' id='block_1_23' title="bbox 1243 1214 2053 1619">
    <p class='ocr_par' dir='ltr' id='par_1_26' title="bbox 1245 1214 2053 1314">
     <span class='ocr_line' id='line_1_69' title="bbox 1245 1214 2053 1262; baseline 0.004 -13"><span class='ocrx_word' id='word_1_453' title='bbox 1245 1215 1434 1262; x_wconf 55' lang='lat' dir='ltr'><strong>Quaenam</strong></span> <span class='ocrx_word' id='word_1_454' title='bbox 1460 1225 1492 1251; x_wconf 88' lang='lat' dir='ltr'><strong>te</strong></span> <span class='ocrx_word' id='word_1_455' title='bbox 1513 1215 1609 1251; x_wconf 92' lang='lat' dir='ltr'><strong>mala</strong></span> <span class='ocrx_word' id='word_1_456' title='bbox 1629 1229 1744 1259; x_wconf 81' lang='lat' dir='ltr'><strong>mens,</strong></span> <span class='ocrx_word' id='word_1_457' title='bbox 1758 1214 1884 1262; x_wconf 80' lang='lat' dir='ltr'><strong>miselle</strong></span> <span class='ocrx_word' id='word_1_458' title='bbox 1904 1215 2053 1261; x_wconf 77' lang='lat' dir='ltr'><strong>Ravide,</strong></span> 
     </span>
     <span class='ocr_line' id='line_1_70' title="bbox 1247 1264 1905 1314; baseline 0.003 -14"><span class='ocrx_word' id='word_1_459' title='bbox 1247 1264 1324 1312; x_wconf 83' lang='lat' dir='ltr'><strong>Egit</strong></span> <span class='ocrx_word' id='word_1_460' title='bbox 1339 1266 1558 1314; x_wconf 82' lang='lat' dir='ltr'><strong>praecipitem</strong></span> <span class='ocrx_word' id='word_1_461' title='bbox 1580 1266 1618 1302; x_wconf 84' lang='lat' dir='ltr'><strong>in</strong></span> <span class='ocrx_word' id='word_1_462' title='bbox 1641 1279 1729 1302; x_wconf 85' lang='lat' dir='ltr'><strong>meos</strong></span> <span class='ocrx_word' id='word_1_463' title='bbox 1743 1265 1877 1313; x_wconf 85' lang='lat' dir='ltr'><strong>jambos</strong></span> <span class='ocrx_word' id='word_1_464' title='bbox 1890 1276 1905 1304; x_wconf 78' lang='lat'><em>?</em></span> 
     </span>
    </p>

    <p class='ocr_par' dir='ltr' id='par_1_27' title="bbox 1245 1315 1935 1414">
     <span class='ocr_line' id='line_1_71' title="bbox 1245 1315 1935 1362; baseline 0.003 -11"><span class='ocrx_word' id='word_1_465' title='bbox 1245 1315 1338 1362; x_wconf 74' lang='lat' dir='ltr'><strong>Qis</strong></span> <span class='ocrx_word' id='word_1_466' title='bbox 1355 1321 1448 1352; x_wconf 81' lang='lat' dir='ltr'><strong>Deus</strong></span> <span class='ocrx_word' id='word_1_467' title='bbox 1468 1316 1532 1352; x_wconf 83' lang='lat' dir='ltr'><strong>tibi</strong></span> <span class='ocrx_word' id='word_1_468' title='bbox 1553 1330 1621 1353; x_wconf 83' lang='lat' dir='ltr'><strong>non</strong></span> <span class='ocrx_word' id='word_1_469' title='bbox 1642 1317 1721 1353; x_wconf 84' lang='lat' dir='ltr'><strong>bene</strong></span> <span class='ocrx_word' id='word_1_470' title='bbox 1741 1317 1935 1353; x_wconf 81' lang='lat' dir='ltr'><strong>advocatus</strong></span> 
     </span>
     <span class='ocr_line' id='line_1_72' title="bbox 1247 1366 1884 1414; baseline 0.005 -12"><span class='ocrx_word' id='word_1_471' title='bbox 1247 1366 1424 1403; x_wconf 84' lang='lat' dir='ltr'><strong>Vecordem</strong></span> <span class='ocrx_word' id='word_1_472' title='bbox 1438 1376 1546 1414; x_wconf 86' lang='lat' dir='ltr'><strong>parat</strong></span> <span class='ocrx_word' id='word_1_473' title='bbox 1568 1368 1718 1404; x_wconf 81' lang='lat' dir='ltr'><strong>excitare</strong></span> <span class='ocrx_word' id='word_1_474' title='bbox 1740 1368 1884 1405; x_wconf 74' lang='lat' dir='ltr'><strong>rixam?</strong></span> 
     </span>
    </p>

    <p class='ocr_par' dir='ltr' id='par_1_28' title="bbox 1243 1417 1835 1466">
     <span class='ocr_line' id='line_1_73' title="bbox 1243 1417 1835 1466; baseline 0.003 -13"><span class='ocrx_word' id='word_1_475' title='bbox 1243 1421 1309 1453; x_wconf 87' lang='lat' dir='ltr'><strong>An</strong></span> <span class='ocrx_word' id='word_1_476' title='bbox 1330 1427 1368 1453; x_wconf 88' lang='lat' dir='ltr'><strong>ut</strong></span> <span class='ocrx_word' id='word_1_477' title='bbox 1382 1418 1564 1466; x_wconf 84' lang='lat' dir='ltr'><strong>pervenias</strong></span> <span class='ocrx_word' id='word_1_478' title='bbox 1580 1419 1617 1454; x_wconf 87' lang='lat' dir='ltr'><strong>in</strong></span> <span class='ocrx_word' id='word_1_479' title='bbox 1635 1431 1693 1455; x_wconf 90' lang='lat' dir='ltr'><strong>ora</strong></span> <span class='ocrx_word' id='word_1_480' title='bbox 1711 1417 1835 1466; x_wconf 77' lang='lat' dir='ltr'><strong>vulgi?</strong></span> 
     </span>
    </p>

    <p class='ocr_par' dir='ltr' id='par_1_29' title="bbox 1244 1468 1999 1569">
     <span class='ocr_line' id='line_1_74' title="bbox 1244 1468 1999 1518; baseline 0.004 -15"><span class='ocrx_word' id='word_1_481' title='bbox 1244 1468 1345 1516; x_wconf 68' lang='lat' dir='ltr'><strong>Qid</strong></span> <span class='ocrx_word' id='word_1_482' title='bbox 1366 1471 1421 1505; x_wconf 80' lang='lat' dir='ltr'><strong>vis</strong></span> <span class='ocrx_word' id='word_1_483' title='bbox 1434 1478 1449 1506; x_wconf 83' lang='lat'><em>?</em></span> <span class='ocrx_word' id='word_1_484' title='bbox 1474 1471 1559 1517; x_wconf 50' lang='lat' dir='ltr'><strong>{Qua</strong></span> <span class='ocrx_word' id='word_1_485' title='bbox 1577 1468 1669 1506; x_wconf 79' lang='lat' dir='ltr'><strong>lubet</strong></span> <span class='ocrx_word' id='word_1_486' title='bbox 1684 1468 1741 1518; x_wconf 76' lang='lat' dir='ltr'><strong>effe</strong></span> <span class='ocrx_word' id='word_1_487' title='bbox 1763 1478 1862 1504; x_wconf 79' lang='lat' dir='ltr'><strong>notus</strong></span> <span class='ocrx_word' id='word_1_488' title='bbox 1881 1478 1999 1516; x_wconf 55' lang='lat' dir='ltr'><strong>aptam</strong></span> 
     </span>
     <span class='ocr_line' id='line_1_75' title="bbox 1244 1520 1915 1569; baseline 0.003 -15"><span class='ocrx_word' id='word_1_489' title='bbox 1244 1522 1322 1555; x_wconf 74' lang='lat' dir='ltr'><strong>Eris</strong></span> <span class='ocrx_word' id='word_1_490' title='bbox 1337 1534 1348 1555; x_wconf 90' lang='lat'><em>:</em></span> <span class='ocrx_word' id='word_1_491' title='bbox 1377 1520 1657 1569; x_wconf 82' lang='lat' dir='ltr'><strong>quandoquidem</strong></span> <span class='ocrx_word' id='word_1_492' title='bbox 1680 1534 1766 1556; x_wconf 80' lang='lat' dir='ltr'><strong>meos</strong></span> <span class='ocrx_word' id='word_1_493' title='bbox 1784 1533 1915 1556; x_wconf 82' lang='lat' dir='ltr'><strong>amores</strong></span> 
     </span>
    </p>

    <p class='ocr_par' dir='ltr' id='par_1_30' title="bbox 1245 1569 1894 1619">
     <span class='ocr_line' id='line_1_76' title="bbox 1245 1569 1894 1619; baseline 0.002 -13"><span class='ocrx_word' id='word_1_494' title='bbox 1245 1575 1336 1606; x_wconf 84' lang='lat' dir='ltr'><strong>Cum</strong></span> <span class='ocrx_word' id='word_1_495' title='bbox 1358 1569 1460 1619; x_wconf 65' lang='lat' dir='ltr'><strong>longai</strong></span> <span class='ocrx_word' id='word_1_496' title='bbox 1480 1571 1619 1617; x_wconf 71' lang='lat' dir='ltr'><strong>voluisti</strong></span> <span class='ocrx_word' id='word_1_497' title='bbox 1638 1584 1757 1607; x_wconf 85' lang='lat' dir='ltr'><strong>amare</strong></span> <span class='ocrx_word' id='word_1_498' title='bbox 1773 1580 1894 1618; x_wconf 81' lang='lat' dir='ltr'><strong>poena.</strong></span> 
     </span>
    </p>
   </div>
   <div class='ocr_carea' id='block_1_24' title="bbox 1191 1638 2235 1791">
    <p class='ocr_par' dir='ltr' id='par_1_31' title="bbox 1191 1638 2235 1791">
     <span class='ocr_line' id='line_1_77' title="bbox 1191 1638 2233 1688; baseline -0.001 -11"><span class='ocrx_word' id='word_1_499' title='bbox 1191 1640 1267 1678; x_wconf 83' lang='lat' dir='ltr'><strong>Vix</strong></span> <span class='ocrx_word' id='word_1_500' title='bbox 1286 1649 1414 1677; x_wconf 87' lang='lat' dir='ltr'><strong>tamen</strong></span> <span class='ocrx_word' id='word_1_501' title='bbox 1438 1640 1511 1685; x_wconf 90' lang='lat' dir='ltr'><strong>est,</strong></span> <span class='ocrx_word' id='word_1_502' title='bbox 1542 1649 1581 1678; x_wconf 88' lang='lat' dir='ltr'><strong>ut</strong></span> <span class='ocrx_word' id='word_1_503' title='bbox 1598 1642 1690 1677; x_wconf 85' lang='lat' dir='ltr'><strong>haec</strong></span> <span class='ocrx_word' id='word_1_504' title='bbox 1710 1642 1817 1679; x_wconf 86' lang='lat' dir='ltr'><strong>fuerit</strong></span> <span class='ocrx_word' id='word_1_505' title='bbox 1831 1652 1934 1678; x_wconf 86' lang='lat' dir='ltr'><strong>mens</strong></span> <span class='ocrx_word' id='word_1_506' title='bbox 1954 1638 2109 1684; x_wconf 82' lang='lat' dir='ltr'><strong>Ovidii,</strong></span> <span class='ocrx_word' id='word_1_507' title='bbox 2137 1651 2233 1688; x_wconf 86' lang='lat' dir='ltr'><strong>quo-</strong></span> 
     </span>
     <span class='ocr_line' id='line_1_78' title="bbox 1191 1691 2235 1741; baseline 0 -13"><span class='ocrx_word' id='word_1_508' title='bbox 1191 1692 1292 1728; x_wconf 90' lang='lat' dir='ltr'><strong>niam</strong></span> <span class='ocrx_word' id='word_1_509' title='bbox 1316 1691 1503 1739; x_wconf 74' lang='lat' dir='ltr'><strong>postremo</strong></span> <span class='ocrx_word' id='word_1_510' title='bbox 1532 1692 1683 1729; x_wconf 87' lang='lat' dir='ltr'><strong>disticho</strong></span> <span class='ocrx_word' id='word_1_511' title='bbox 1713 1693 1820 1741; x_wconf 82' lang='lat' dir='ltr'><strong>hujus</strong></span> <span class='ocrx_word' id='word_1_512' title='bbox 1849 1691 1981 1736; x_wconf 89' lang='lat' dir='ltr'><strong>libelli,</strong></span> <span class='ocrx_word' id='word_1_513' title='bbox 2008 1701 2136 1729; x_wconf 88' lang='lat' dir='ltr'><strong>verum</strong></span> <span class='ocrx_word' id='word_1_514' title='bbox 2162 1691 2235 1738; x_wconf 50' lang='lat' dir='ltr'><strong>lbiff</strong></span> 
     </span>
     <span class='ocr_line' id='line_1_79' title="bbox 1193 1741 1849 1791; baseline 0.002 -12"><span class='ocrx_word' id='word_1_515' title='bbox 1193 1741 1245 1780; x_wconf 89' lang='lat' dir='ltr'><strong>dis</strong></span> <span class='ocrx_word' id='word_1_516' title='bbox 1265 1754 1406 1780; x_wconf 85' lang='lat' dir='ltr'><strong>nomen</strong></span> <span class='ocrx_word' id='word_1_517' title='bbox 1428 1743 1644 1791; x_wconf 86' lang='lat' dir='ltr'><strong>pollicetur,</strong></span> <span class='ocrx_word' id='word_1_518' title='bbox 1673 1754 1757 1780; x_wconf 87' lang='lat' dir='ltr'><strong>cum</strong></span> <span class='ocrx_word' id='word_1_519' title='bbox 1781 1744 1849 1780; x_wconf 88' lang='lat' dir='ltr'><strong>ait:</strong></span> 
     </span>
    </p>
   </div>
   <div class='ocr_carea' id='block_1_25' title="bbox 1246 1806 2209 1860">
    <p class='ocr_par' dir='ltr' id='par_1_32' title="bbox 1246 1806 2209 1860">
     <span class='ocr_line' id='line_1_80' title="bbox 1246 1806 2209 1860; baseline -0.004 -14"><span class='ocrx_word' id='word_1_520' title='bbox 1246 1809 1320 1855; x_wconf 79' lang='lat' dir='ltr'><strong>Post</strong></span> <span class='ocrx_word' id='word_1_521' title='bbox 1337 1809 1435 1846; x_wconf 79' lang='lat' dir='ltr'><strong>modo</strong></span> <span class='ocrx_word' id='word_1_522' title='bbox 1451 1810 1557 1860; x_wconf 81' lang='lat' dir='ltr'><strong>plura</strong></span> <span class='ocrx_word' id='word_1_523' title='bbox 1576 1808 1679 1857; x_wconf 83' lang='lat' dir='ltr'><strong>leges,</strong></span> <span class='ocrx_word' id='word_1_524' title='bbox 1707 1819 1883 1848; x_wconf 66' lang='lat' dir='ltr'><strong>&amp;nomen</strong></span> <span class='ocrx_word' id='word_1_525' title='bbox 1895 1806 2060 1844; x_wconf 83' lang='lat' dir='ltr'><strong>habentia</strong></span> <span class='ocrx_word' id='word_1_526' title='bbox 2072 1818 2209 1843; x_wconf 79' lang='lat' dir='ltr'><strong>verum.</strong></span> 
     </span>
    </p>
   </div>
   <div class='ocr_carea' id='block_1_26' title="bbox 1186 1868 2241 2826">
    <p class='ocr_par' dir='ltr' id='par_1_33' title="bbox 1186 1868 2241 2826">
     <span class='ocr_line' id='line_1_81' title="bbox 1195 1868 2234 1918; baseline -0.004 -9"><span class='ocrx_word' id='word_1_527' title='bbox 1195 1871 1256 1909; x_wconf 84' lang='lat' dir='ltr'><strong>An</strong></span> <span class='ocrx_word' id='word_1_528' title='bbox 1278 1871 1376 1909; x_wconf 84' lang='lat' dir='ltr'><strong>Naso</strong></span> <span class='ocrx_word' id='word_1_529' title='bbox 1395 1869 1598 1908; x_wconf 72' lang='lat' dir='ltr'><strong>reverentia</strong></span> <span class='ocrx_word' id='word_1_530' title='bbox 1619 1871 1706 1918; x_wconf 78' lang='lat' dir='ltr'><strong>legis</strong></span> <span class='ocrx_word' id='word_1_531' title='bbox 1734 1883 1788 1907; x_wconf 72' lang='grc' dir='ltr'><strong>η.</strong></span> <span class='ocrx_word' id='word_1_532' title='bbox 1809 1869 2035 1907; x_wconf 85' lang='lat' dir='ltr'><strong>Tabularum</strong></span> <span class='ocrx_word' id='word_1_533' title='bbox 2061 1868 2120 1905; x_wconf 89' lang='lat' dir='ltr'><strong>fibi</strong></span> <span class='ocrx_word' id='word_1_534' title='bbox 2139 1877 2234 1905; x_wconf 84' lang='lat' dir='ltr'><strong>tem-</strong></span> 
     </span>
     <span class='ocr_line' id='line_1_82' title="bbox 1192 1919 2232 1972; baseline -0.004 -13"><span class='ocrx_word' id='word_1_535' title='bbox 1192 1924 1356 1972; x_wconf 84' lang='lat' dir='ltr'><strong>peravit,</strong></span> <span class='ocrx_word' id='word_1_536' title='bbox 1385 1921 1458 1971; x_wconf 58' lang='lat' dir='ltr'><strong>qua</strong></span> <span class='ocrx_word' id='word_1_537' title='bbox 1489 1923 1663 1959; x_wconf 86' lang='lat' dir='ltr'><strong>nimirum</strong></span> <span class='ocrx_word' id='word_1_538' title='bbox 1700 1920 1859 1958; x_wconf 81' lang='lat' dir='ltr'><strong>famosos</strong></span> <span class='ocrx_word' id='word_1_539' title='bbox 1889 1920 2028 1956; x_wconf 87' lang='lat' dir='ltr'><strong>libellos</strong></span> <span class='ocrx_word' id='word_1_540' title='bbox 2052 1919 2232 1964; x_wconf 88' lang='lat' dir='ltr'><strong>projicere</strong></span> 
     </span>
     <span class='ocr_line' id='line_1_83' title="bbox 1193 1968 2234 2021; baseline -0.005 -11"><span class='ocrx_word' id='word_1_541' title='bbox 1193 1973 1346 2021; x_wconf 87' lang='lat' dir='ltr'><strong>capitale</strong></span> <span class='ocrx_word' id='word_1_542' title='bbox 1377 1974 1457 2010; x_wconf 86' lang='lat' dir='ltr'><strong>fuit.</strong></span> <span class='ocrx_word' id='word_1_543' title='bbox 1510 1973 1598 2019; x_wconf 75' lang='lat' dir='ltr'><strong>Ejus</strong></span> <span class='ocrx_word' id='word_1_544' title='bbox 1625 1972 1797 2008; x_wconf 84' lang='lat' dir='ltr'><strong>meminit</strong></span> <span class='ocrx_word' id='word_1_545' title='bbox 1831 1968 2075 2015; x_wconf 80' lang='lat' dir='ltr'><strong>Eloquentiae</strong></span> <span class='ocrx_word' id='word_1_546' title='bbox 2105 1979 2234 2014; x_wconf 81' lang='lat' dir='ltr'><strong>parens</strong></span> 
     </span>
     <span class='ocr_line' id='line_1_84' title="bbox 1190 2017 2232 2064; baseline -0.005 -6"><span class='ocrx_word' id='word_1_547' title='bbox 1190 2023 1252 2059; x_wconf 89' lang='lat' dir='ltr'><strong>lib.</strong></span> <span class='ocrx_word' id='word_1_548' title='bbox 1274 2035 1328 2059; x_wconf 80' lang='lat' dir='ltr'><strong>xv.</strong></span> <span class='ocrx_word' id='word_1_549' title='bbox 1355 2022 1554 2058; x_wconf 89' lang='lat' dir='ltr'><strong>Tusculan.</strong></span> <span class='ocrx_word' id='word_1_550' title='bbox 1576 2022 1612 2056; x_wconf 89' lang='lat' dir='ltr'><strong>in</strong></span> <span class='ocrx_word' id='word_1_551' title='bbox 1645 2021 1744 2055; x_wconf 88' lang='lat' dir='ltr'><strong>hunc</strong></span> <span class='ocrx_word' id='word_1_552' title='bbox 1771 2017 1927 2054; x_wconf 88' lang='lat' dir='ltr'><strong>modum</strong></span> <span class='ocrx_word' id='word_1_553' title='bbox 1953 2030 1962 2053; x_wconf 74' lang='grc' dir='ltr'>ε</span> <span class='ocrx_word' id='word_1_554' title='bbox 1998 2019 2232 2064; x_wconf 48' lang='lat' dir='ltr'><strong>Quamquam</strong></span> 
     </span>
     <span class='ocr_line' id='line_1_85' title="bbox 1192 2066 2236 2120; baseline -0.003 -13"><span class='ocrx_word' id='word_1_555' title='bbox 1192 2072 1230 2107; x_wconf 82' lang='lat' dir='ltr'><strong>id</strong></span> <span class='ocrx_word' id='word_1_556' title='bbox 1250 2071 1388 2120; x_wconf 78' lang='lat' dir='ltr'><strong>quidem</strong></span> <span class='ocrx_word' id='word_1_557' title='bbox 1405 2071 1512 2106; x_wconf 87' lang='lat' dir='ltr'><strong>etiam</strong></span> <span class='ocrx_word' id='word_1_558' title='bbox 1533 2069 1710 2104; x_wconf 79' lang='lat' dir='ltr'><strong>duodecim</strong></span> <span class='ocrx_word' id='word_1_559' title='bbox 1732 2067 1883 2103; x_wconf 80' lang='lat' dir='ltr'><strong>Tabulae</strong></span> <span class='ocrx_word' id='word_1_560' title='bbox 1903 2066 2106 2110; x_wconf 80' lang='lat' dir='ltr'><strong>declarant,</strong></span> <span class='ocrx_word' id='word_1_561' title='bbox 2135 2067 2236 2104; x_wconf 79' lang='lat' dir='ltr'><strong>condi</strong></span> 
     </span>
     <span class='ocr_line' id='line_1_86' title="bbox 1187 2116 2236 2167; baseline -0.001 -12"><span class='ocrx_word' id='word_1_562' title='bbox 1187 2123 1267 2167; x_wconf 88' lang='lat' dir='ltr'><strong>jam</strong></span> <span class='ocrx_word' id='word_1_563' title='bbox 1286 2133 1364 2155; x_wconf 81' lang='lat' dir='ltr'><strong>tum</strong></span> <span class='ocrx_word' id='word_1_564' title='bbox 1381 2120 1527 2165; x_wconf 79' lang='lat' dir='ltr'><strong>solitam</strong></span> <span class='ocrx_word' id='word_1_565' title='bbox 1555 2131 1694 2153; x_wconf 82' lang='lat' dir='ltr'><strong>carmen</strong></span> <span class='ocrx_word' id='word_1_566' title='bbox 1716 2145 1726 2160; x_wconf 91' lang='lat'>,</span> <span class='ocrx_word' id='word_1_567' title='bbox 1766 2118 1855 2166; x_wconf 82' lang='lat' dir='ltr'><strong>quod</strong></span> <span class='ocrx_word' id='word_1_568' title='bbox 1884 2130 1925 2153; x_wconf 84' lang='lat' dir='ltr'><strong>ne</strong></span> <span class='ocrx_word' id='word_1_569' title='bbox 1950 2117 2063 2152; x_wconf 81' lang='lat' dir='ltr'><strong>liceret</strong></span> <span class='ocrx_word' id='word_1_570' title='bbox 2087 2116 2166 2164; x_wconf 88' lang='lat' dir='ltr'><strong>fieri</strong></span> <span class='ocrx_word' id='word_1_571' title='bbox 2187 2118 2236 2154; x_wconf 81' lang='lat' dir='ltr'><strong>ad</strong></span> 
     </span>
     <span class='ocr_line' id='line_1_87' title="bbox 1195 2166 2236 2217; baseline 0.002 -13"><span class='ocrx_word' id='word_1_572' title='bbox 1195 2169 1339 2204; x_wconf 72' lang='lat' dir='ltr'><strong>alterius</strong></span> <span class='ocrx_word' id='word_1_573' title='bbox 1360 2169 1529 2217; x_wconf 77' lang='lat' dir='ltr'><strong>injuriam</strong></span> <span class='ocrx_word' id='word_1_574' title='bbox 1554 2196 1564 2212; x_wconf 91' lang='lat'><em>‚</em></span> <span class='ocrx_word' id='word_1_575' title='bbox 1606 2169 1670 2216; x_wconf 77' lang='lat' dir='ltr'><strong>lego</strong></span> <span class='ocrx_word' id='word_1_576' title='bbox 1698 2169 1907 2215; x_wconf 80' lang='lat' dir='ltr'><strong>sanxerant.</strong></span> <span class='ocrx_word' id='word_1_577' title='bbox 1964 2167 2065 2204; x_wconf 75' lang='lat' dir='ltr'><strong>ldem</strong></span> <span class='ocrx_word' id='word_1_578' title='bbox 2099 2166 2160 2205; x_wconf 84' lang='lat' dir='ltr'><strong>lib.</strong></span> <span class='ocrx_word' id='word_1_579' title='bbox 2181 2180 2236 2208; x_wconf 78' lang='lat' dir='ltr'><strong>lv.</strong></span> 
     </span>
     <span class='ocr_line' id='line_1_88' title="bbox 1199 2216 2238 2267; baseline 0.001 -11"><span class='ocrx_word' id='word_1_580' title='bbox 1199 2219 1244 2256; x_wconf 92' lang='lat' dir='ltr'><strong>de</strong></span> <span class='ocrx_word' id='word_1_581' title='bbox 1265 2219 1407 2266; x_wconf 88' lang='lat' dir='ltr'><strong>Repub.</strong></span> <span class='ocrx_word' id='word_1_582' title='bbox 1440 2219 1535 2267; x_wconf 89' lang='lat' dir='ltr'><strong>apud</strong></span> <span class='ocrx_word' id='word_1_583' title='bbox 1559 2219 1591 2255; x_wconf 90' lang='lat' dir='ltr'><strong>S.</strong></span> <span class='ocrx_word' id='word_1_584' title='bbox 1612 2219 1884 2266; x_wconf 76' lang='lat' dir='ltr'><strong>Augustinum,</strong></span> <span class='ocrx_word' id='word_1_585' title='bbox 1911 2219 1969 2255; x_wconf 90' lang='lat' dir='ltr'><strong>lib.</strong></span> <span class='ocrx_word' id='word_1_586' title='bbox 1988 2230 2034 2254; x_wconf 77' lang='grc' dir='ltr'><strong>ιι.</strong></span> <span class='ocrx_word' id='word_1_587' title='bbox 2062 2216 2107 2254; x_wconf 89' lang='lat' dir='ltr'><strong>de</strong></span> <span class='ocrx_word' id='word_1_588' title='bbox 2132 2218 2238 2257; x_wconf 84' lang='lat' dir='ltr'><strong>Civi-</strong></span> 
     </span>
     <span class='ocr_line' id='line_1_89' title="bbox 1198 2268 2236 2318; baseline -0.001 -11"><span class='ocrx_word' id='word_1_589' title='bbox 1198 2279 1271 2308; x_wconf 88' lang='lat' dir='ltr'><strong>tate</strong></span> <span class='ocrx_word' id='word_1_590' title='bbox 1296 2270 1393 2312; x_wconf 89' lang='lat' dir='ltr'><strong>Dei,</strong></span> <span class='ocrx_word' id='word_1_591' title='bbox 1421 2281 1498 2318; x_wconf 85' lang='lat' dir='ltr'><strong>cap.</strong></span> <span class='ocrx_word' id='word_1_592' title='bbox 1521 2282 1557 2316; x_wconf 80' lang='lat'><strong>9.</strong></span> <span class='ocrx_word' id='word_1_593' title='bbox 1589 2270 1728 2315; x_wconf 80' lang='lat' dir='ltr'><strong>Nostrae</strong></span> <span class='ocrx_word' id='word_1_594' title='bbox 1749 2281 1866 2305; x_wconf 78' lang='lat' dir='ltr'><strong>contra</strong></span> <span class='ocrx_word' id='word_1_595' title='bbox 1884 2268 2060 2305; x_wconf 77' lang='lat' dir='ltr'><strong>duodecim</strong></span> <span class='ocrx_word' id='word_1_596' title='bbox 2086 2268 2236 2306; x_wconf 77' lang='lat' dir='ltr'><strong>Tabulae</strong></span> 
     </span>
     <span class='ocr_line' id='line_1_90' title="bbox 1199 2318 2239 2370; baseline 0 -14"><span class='ocrx_word' id='word_1_597' title='bbox 1199 2334 1276 2357; x_wconf 80' lang='lat' dir='ltr'><strong>cum</strong></span> <span class='ocrx_word' id='word_1_598' title='bbox 1294 2330 1474 2369; x_wconf 77' lang='lat' dir='ltr'><strong>perpaucas</strong></span> <span class='ocrx_word' id='word_1_599' title='bbox 1497 2334 1546 2357; x_wconf 86' lang='lat' dir='ltr'><strong>res</strong></span> <span class='ocrx_word' id='word_1_600' title='bbox 1563 2322 1668 2368; x_wconf 75' lang='lat' dir='ltr'><strong>capite</strong></span> <span class='ocrx_word' id='word_1_601' title='bbox 1689 2320 1872 2370; x_wconf 79' lang='lat' dir='ltr'><strong>sanxiffent</strong></span> <span class='ocrx_word' id='word_1_602' title='bbox 1889 2347 1899 2364; x_wconf 97' lang='lat'>,</span> <span class='ocrx_word' id='word_1_603' title='bbox 1926 2321 1961 2355; x_wconf 83' lang='lat' dir='ltr'><strong>in</strong></span> <span class='ocrx_word' id='word_1_604' title='bbox 1981 2319 2034 2355; x_wconf 85' lang='lat' dir='ltr'><strong>his</strong></span> <span class='ocrx_word' id='word_1_605' title='bbox 2054 2318 2146 2355; x_wconf 87' lang='lat' dir='ltr'><strong>hanc</strong></span> <span class='ocrx_word' id='word_1_606' title='bbox 2155 2334 2239 2369; x_wconf 86' lang='lat' dir='ltr'><strong>quo-</strong></span> 
     </span>
     <span class='ocr_line' id='line_1_91' title="bbox 1198 2369 2235 2419; baseline -0.002 -11"><span class='ocrx_word' id='word_1_607' title='bbox 1198 2385 1262 2419; x_wconf 84' lang='lat' dir='ltr'><strong>que</strong></span> <span class='ocrx_word' id='word_1_608' title='bbox 1286 2372 1515 2419; x_wconf 78' lang='lat' dir='ltr'><strong>sanciendam</strong></span> <span class='ocrx_word' id='word_1_609' title='bbox 1545 2381 1761 2418; x_wconf 80' lang='lat' dir='ltr'><strong>putaverant</strong></span> <span class='ocrx_word' id='word_1_610' title='bbox 1784 2399 1793 2414; x_wconf 91' lang='lat'><strong>‚</strong></span> <span class='ocrx_word' id='word_1_611' title='bbox 1825 2369 1858 2419; x_wconf 84' lang='lat' dir='ltr'><strong><em>fi</em></strong></span> <span class='ocrx_word' id='word_1_612' title='bbox 1878 2370 1953 2416; x_wconf 86' lang='lat' dir='ltr'><strong>quis</strong></span> <span class='ocrx_word' id='word_1_613' title='bbox 1975 2371 2235 2418; x_wconf 78' lang='lat' dir='ltr'><strong>occentavisset,</strong></span> 
     </span>
     <span class='ocr_line' id='line_1_92' title="bbox 1196 2420 2238 2471; baseline 0 -14"><span class='ocrx_word' id='word_1_614' title='bbox 1196 2421 1268 2469; x_wconf 73' lang='lat' dir='ltr'><strong>five</strong></span> <span class='ocrx_word' id='word_1_615' title='bbox 1286 2435 1427 2458; x_wconf 84' lang='lat' dir='ltr'><strong>carmen</strong></span> <span class='ocrx_word' id='word_1_616' title='bbox 1448 2422 1665 2471; x_wconf 72' lang='lat' dir='ltr'><strong>condidisset,</strong></span> <span class='ocrx_word' id='word_1_617' title='bbox 1692 2421 1782 2471; x_wconf 74' lang='lat' dir='ltr'><strong>quod</strong></span> <span class='ocrx_word' id='word_1_618' title='bbox 1798 2422 1988 2467; x_wconf 81' lang='lat' dir='ltr'><strong>infamiam</strong></span> <span class='ocrx_word' id='word_1_619' title='bbox 2018 2422 2151 2468; x_wconf 70' lang='lat' dir='ltr'><strong>afferret</strong></span> <span class='ocrx_word' id='word_1_620' title='bbox 2168 2420 2238 2465; x_wconf 81' lang='lat' dir='ltr'><strong>fla·</strong></span> 
     </span>
     <span class='ocr_line' id='line_1_93' title="bbox 1186 2470 2232 2521; baseline -0.001 -12"><span class='ocrx_word' id='word_1_621' title='bbox 1186 2474 1359 2521; x_wconf 71' lang='lat' dir='ltr'><strong>gitiumve</strong></span> <span class='ocrx_word' id='word_1_622' title='bbox 1377 2473 1493 2510; x_wconf 69' lang='lat' dir='ltr'><strong>alteri.</strong></span> <span class='ocrx_word' id='word_1_623' title='bbox 1530 2475 1714 2510; x_wconf 64' lang='lat' dir='ltr'><strong>Amol-‚ius</strong></span> <span class='ocrx_word' id='word_1_624' title='bbox 1741 2472 1801 2509; x_wconf 89' lang='lat' dir='ltr'><strong>lib.</strong></span> <span class='ocrx_word' id='word_1_625' title='bbox 1825 2483 1878 2508; x_wconf 78' lang='grc' dir='ltr'><strong>ιν.</strong></span> <span class='ocrx_word' id='word_1_626' title='bbox 1898 2470 2064 2509; x_wconf 87' lang='lat' dir='ltr'><strong>adversus</strong></span> <span class='ocrx_word' id='word_1_627' title='bbox 2083 2480 2232 2518; x_wconf 82' lang='lat' dir='ltr'><strong>gentes:</strong></span> 
     </span>
     <span class='ocr_line' id='line_1_94' title="bbox 1193 2521 2238 2570; baseline -0.004 -8"><span class='ocrx_word' id='word_1_628' title='bbox 1193 2530 1347 2562; x_wconf 82' lang='lat' dir='ltr'><strong>Carmen</strong></span> <span class='ocrx_word' id='word_1_629' title='bbox 1371 2525 1505 2560; x_wconf 84' lang='lat' dir='ltr'><strong>malum</strong></span> <span class='ocrx_word' id='word_1_630' title='bbox 1524 2523 1744 2567; x_wconf 75' lang='lat' dir='ltr'><strong>conscribere,</strong></span> <span class='ocrx_word' id='word_1_631' title='bbox 1774 2536 1838 2570; x_wconf 80' lang='lat' dir='ltr'><strong>quo</strong></span> <span class='ocrx_word' id='word_1_632' title='bbox 1864 2524 1965 2565; x_wconf 83' lang='lat' dir='ltr'><strong>fama</strong></span> <span class='ocrx_word' id='word_1_633' title='bbox 1983 2521 2125 2557; x_wconf 82' lang='lat' dir='ltr'><strong>alterius</strong></span> <span class='ocrx_word' id='word_1_634' title='bbox 2147 2522 2238 2558; x_wconf 84' lang='lat' dir='ltr'><strong>coin-</strong></span> 
     </span>
     <span class='ocr_line' id='line_1_95' title="bbox 1197 2569 2239 2623; baseline -0.002 -13"><span class='ocrx_word' id='word_1_635' title='bbox 1197 2575 1361 2623; x_wconf 68' lang='lat' dir='ltr'><strong>quinetur</strong></span> <span class='ocrx_word' id='word_1_636' title='bbox 1383 2587 1427 2614; x_wconf 70' lang='lat' dir='ltr'><strong>&lt;y</strong></span> <span class='ocrx_word' id='word_1_637' title='bbox 1446 2576 1525 2611; x_wconf 77' lang='lat' dir='ltr'><strong>vita</strong></span> <span class='ocrx_word' id='word_1_638' title='bbox 1540 2603 1549 2618; x_wconf 90' lang='lat'><strong><em>,</em></strong></span> <span class='ocrx_word' id='word_1_639' title='bbox 1579 2569 1880 2611; x_wconf 74' lang='lat' dir='ltr'><strong>&#39;Decemviralibas</strong></span> <span class='ocrx_word' id='word_1_640' title='bbox 1908 2573 1996 2617; x_wconf 68' lang='lat' dir='ltr'><strong>(citis</strong></span> <span class='ocrx_word' id='word_1_641' title='bbox 2016 2572 2159 2608; x_wconf 81' lang='lat' dir='ltr'><strong>evadere</strong></span> <span class='ocrx_word' id='word_1_642' title='bbox 2177 2586 2239 2609; x_wconf 84' lang='lat' dir='ltr'><strong>no-</strong></span> 
     </span>
     <span class='ocr_line' id='line_1_96' title="bbox 1197 2622 2241 2674; baseline -0.004 -12"><span class='ocrx_word' id='word_1_643' title='bbox 1197 2625 1302 2671; x_wconf 78' lang='lat' dir='ltr'><strong>lmstis</strong></span> <span class='ocrx_word' id='word_1_644' title='bbox 1323 2626 1465 2674; x_wconf 80' lang='lat' dir='ltr'><strong>impune</strong></span> <span class='ocrx_word' id='word_1_645' title='bbox 1486 2654 1496 2668; x_wconf 92' lang='lat'><em>‚</em></span> <span class='ocrx_word' id='word_1_646' title='bbox 1530 2639 1570 2662; x_wconf 81' lang='lat' dir='ltr'><strong>ac</strong></span> <span class='ocrx_word' id='word_1_647' title='bbox 1599 2639 1638 2661; x_wconf 85' lang='lat' dir='ltr'><strong>ne</strong></span> <span class='ocrx_word' id='word_1_648' title='bbox 1659 2625 1788 2666; x_wconf 70' lang='lat' dir='ltr'><strong>vestras</strong></span> <span class='ocrx_word' id='word_1_649' title='bbox 1812 2637 1910 2659; x_wconf 80' lang='lat' dir='ltr'><strong>aures</strong></span> <span class='ocrx_word' id='word_1_650' title='bbox 1935 2622 2084 2658; x_wconf 80' lang='lat' dir='ltr'><strong>convicio</strong></span> <span class='ocrx_word' id='word_1_651' title='bbox 2111 2622 2241 2671; x_wconf 78' lang='lat' dir='ltr'><strong>aliquis</strong></span> 
     </span>
     <span class='ocr_line' id='line_1_97' title="bbox 1192 2671 2240 2726; baseline -0.002 -14"><span class='ocrx_word' id='word_1_652' title='bbox 1192 2676 1425 2726; x_wconf 79' lang='lat' dir='ltr'><strong>petulantiore</strong></span> <span class='ocrx_word' id='word_1_653' title='bbox 1452 2675 1603 2722; x_wconf 61' lang='lat' dir='ltr'><strong>pulsaret</strong></span> <span class='ocrx_word' id='word_1_654' title='bbox 1629 2703 1639 2719; x_wconf 85' lang='lat'>,</span> <span class='ocrx_word' id='word_1_655' title='bbox 1678 2675 1717 2711; x_wconf 87' lang='lat' dir='ltr'><strong>de</strong></span> <span class='ocrx_word' id='word_1_656' title='bbox 1745 2671 2101 2720; x_wconf 76' lang='lat' dir='ltr'><strong>atrocibassormulas</strong></span> <span class='ocrx_word' id='word_1_657' title='bbox 2121 2674 2240 2716; x_wconf 76' lang='lat' dir='ltr'><strong>consti-</strong></span> 
     </span>
     <span class='ocr_line' id='line_1_98' title="bbox 1197 2724 2241 2773; baseline -0.002 -9"><span class='ocrx_word' id='word_1_658' title='bbox 1197 2728 1308 2773; x_wconf 77' lang='lat' dir='ltr'><strong>tusstis</strong></span> <span class='ocrx_word' id='word_1_659' title='bbox 1330 2727 1481 2766; x_wconf 77' lang='lat' dir='ltr'><strong>iniuriis.</strong></span> <span class='ocrx_word' id='word_1_660' title='bbox 1510 2727 1632 2763; x_wconf 78' lang='lat' dir='ltr'><strong>Postea</strong></span> <span class='ocrx_word' id='word_1_661' title='bbox 1657 2728 1813 2763; x_wconf 78' lang='lat' dir='ltr'><strong>fulluarll</strong></span> <span class='ocrx_word' id='word_1_662' title='bbox 1837 2735 1958 2771; x_wconf 86' lang='lat' dir='ltr'><strong>poena</strong></span> <span class='ocrx_word' id='word_1_663' title='bbox 1981 2724 2124 2760; x_wconf 85' lang='lat' dir='ltr'><strong>decreta</strong></span> <span class='ocrx_word' id='word_1_664' title='bbox 2139 2751 2149 2768; x_wconf 95' lang='lat'>,</span> <span class='ocrx_word' id='word_1_665' title='bbox 2173 2735 2241 2771; x_wconf 46' lang='lat' dir='ltr'><strong>unq</strong></span> 
     </span>
     <span class='ocr_line' id='line_1_99' title="bbox 1197 2775 1905 2826; baseline -0.006 -10"><span class='ocrx_word' id='word_1_666' title='bbox 1197 2779 1242 2816; x_wconf 90' lang='lat' dir='ltr'><strong>de</strong></span> <span class='ocrx_word' id='word_1_667' title='bbox 1263 2778 1411 2816; x_wconf 82' lang='lat' dir='ltr'><strong>Flaccus</strong></span> <span class='ocrx_word' id='word_1_668' title='bbox 1432 2777 1591 2826; x_wconf 81' lang='lat' dir='ltr'><strong>Epistola</strong></span> <span class='ocrx_word' id='word_1_669' title='bbox 1613 2777 1654 2814; x_wconf 78' lang='lat' dir='ltr'><strong>ad</strong></span> <span class='ocrx_word' id='word_1_670' title='bbox 1679 2775 1905 2824; x_wconf 71' lang='lat' dir='ltr'><strong>Augustum:</strong></span> 
     </span>
    </p>
   </div>
   <div class='ocr_carea' id='block_1_27' title="bbox 1378 2855 1528 2864">
    <p class='ocr_par' dir='ltr' id='par_1_34' title="bbox 1378 2855 1528 2864">
     <span class='ocr_line' id='line_1_100' title="bbox 1378 2855 1528 2864; baseline 0 844"><span class='ocrx_word' id='word_1_671' title='bbox 1378 2855 1528 2864; x_wconf 95' lang='lat' dir='ltr'><strong> </strong></span> 
     </span>
    </p>
   </div>
   <div class='ocr_carea' id='block_1_28' title="bbox 1202 2840 2239 3160">
    <p class='ocr_par' dir='ltr' id='par_1_35' title="bbox 1248 2840 2239 2993">
     <span class='ocr_line' id='line_1_101' title="bbox 1555 2840 1882 2889; baseline -0.012 -11"><span class='ocrx_word' id='word_1_672' title='bbox 1555 2842 1656 2889; x_wconf 52' lang='lat' dir='ltr'><strong>{Quin</strong></span> <span class='ocrx_word' id='word_1_673' title='bbox 1673 2843 1779 2878; x_wconf 82' lang='lat' dir='ltr'><strong>etiam</strong></span> <span class='ocrx_word' id='word_1_674' title='bbox 1803 2840 1857 2875; x_wconf 85' lang='lat' dir='ltr'><strong>lex</strong></span> <span class='ocrx_word' id='word_1_675' title='bbox 1873 2867 1882 2882; x_wconf 90' lang='lat'><strong>‚</strong></span> 
     </span>
     <span class='ocr_line' id='line_1_102' title="bbox 1248 2888 2239 2943; baseline -0.005 -13"><span class='ocrx_word' id='word_1_676' title='bbox 1248 2900 1430 2943; x_wconf 79' lang='lat' dir='ltr'><strong>Poenaque</strong></span> <span class='ocrx_word' id='word_1_677' title='bbox 1442 2894 1517 2930; x_wconf 84' lang='lat' dir='ltr'><strong>lata</strong></span> <span class='ocrx_word' id='word_1_678' title='bbox 1534 2921 1542 2934; x_wconf 85' lang='grc'><strong>.</strong></span> <span class='ocrx_word' id='word_1_679' title='bbox 1566 2893 1657 2928; x_wconf 84' lang='lat' dir='ltr'><strong>malo</strong></span> <span class='ocrx_word' id='word_1_680' title='bbox 1678 2907 1741 2942; x_wconf 79' lang='lat' dir='ltr'><strong>quo</strong></span> <span class='ocrx_word' id='word_1_681' title='bbox 1761 2890 1866 2927; x_wconf 80' lang='lat' dir='ltr'><strong>nollet</strong></span> <span class='ocrx_word' id='word_1_682' title='bbox 1881 2888 2034 2925; x_wconf 82' lang='lat' dir='ltr'><strong>carmine</strong></span> <span class='ocrx_word' id='word_1_683' title='bbox 2053 2888 2239 2938; x_wconf 81' lang='lat' dir='ltr'><strong>quisquam</strong></span> 
     </span>
     <span class='ocr_line' id='line_1_103' title="bbox 1251 2940 2082 2993; baseline -0.006 -11"><span class='ocrx_word' id='word_1_684' title='bbox 1251 2945 1428 2993; x_wconf 80' lang='lat' dir='ltr'><strong>Describi3</strong></span> <span class='ocrx_word' id='word_1_685' title='bbox 1457 2955 1588 2981; x_wconf 82' lang='lat' dir='ltr'><strong>vertere</strong></span> <span class='ocrx_word' id='word_1_686' title='bbox 1609 2944 1751 2980; x_wconf 72' lang='lat' dir='ltr'><strong>modam</strong></span> <span class='ocrx_word' id='word_1_687' title='bbox 1765 2941 1955 2988; x_wconf 70' lang='lat' dir='ltr'><strong>formidine</strong></span> <span class='ocrx_word' id='word_1_688' title='bbox 1968 2940 2082 2987; x_wconf 82' lang='lat' dir='ltr'><strong>fustis.</strong></span> 
     </span>
    </p>

    <p class='ocr_par' dir='ltr' id='par_1_36' title="bbox 1202 2996 2238 3160">
     <span class='ocr_line' id='line_1_104' title="bbox 1202 2996 1582 3035; baseline -0.008 0"><span class='ocrx_word' id='word_1_689' title='bbox 1202 2997 1306 3035; x_wconf 87' lang='lat' dir='ltr'><strong>Idem</strong></span> <span class='ocrx_word' id='word_1_690' title='bbox 1330 2996 1400 3032; x_wconf 80' lang='lat' dir='ltr'><strong>Sat.</strong></span> <span class='ocrx_word' id='word_1_691' title='bbox 1425 3009 1452 3033; x_wconf 86' lang='lat'><strong>1.</strong></span> <span class='ocrx_word' id='word_1_692' title='bbox 1469 2996 1528 3033; x_wconf 83' lang='lat' dir='ltr'><strong>lib.</strong></span> <span class='ocrx_word' id='word_1_693' title='bbox 1549 3008 1582 3032; x_wconf 88' lang='lat'><strong>2.</strong></span> 
     </span>
     <span class='ocr_line' id='line_1_105' title="bbox 1254 3053 2238 3110; baseline -0.009 -12"><span class='ocrx_word' id='word_1_694' title='bbox 1254 3061 1289 3098; x_wconf 88' lang='lat' dir='ltr'><strong>Si</strong></span> <span class='ocrx_word' id='word_1_695' title='bbox 1309 3061 1405 3097; x_wconf 84' lang='lat' dir='ltr'><strong>mala</strong></span> <span class='ocrx_word' id='word_1_696' title='bbox 1424 3059 1613 3096; x_wconf 80' lang='lat' dir='ltr'><strong>condiderit</strong></span> <span class='ocrx_word' id='word_1_697' title='bbox 1632 3061 1668 3098; x_wconf 80' lang='lat' dir='ltr'><strong>in</strong></span> <span class='ocrx_word' id='word_1_698' title='bbox 1689 3071 1788 3110; x_wconf 75' lang='lat' dir='ltr'><strong>quem</strong></span> <span class='ocrx_word' id='word_1_699' title='bbox 1811 3056 1887 3107; x_wconf 80' lang='lat' dir='ltr'><strong>quis</strong></span> <span class='ocrx_word' id='word_1_700' title='bbox 1900 3058 2056 3094; x_wconf 77' lang='lat' dir='ltr'><strong>carmina</strong></span> <span class='ocrx_word' id='word_1_701' title='bbox 2069 3084 2079 3100; x_wconf 92' lang='lat'>‚</span> <span class='ocrx_word' id='word_1_702' title='bbox 2095 3056 2156 3104; x_wconf 79' lang='lat' dir='ltr'><strong>jus</strong></span> <span class='ocrx_word' id='word_1_703' title='bbox 2169 3053 2238 3100; x_wconf 81' lang='lat' dir='ltr'><strong>est,</strong></span> 
     </span>
     <span class='ocr_line' id='line_1_106' title="bbox 1255 3112 1533 3160; baseline -0.011 -11"><span class='ocrx_word' id='word_1_704' title='bbox 1255 3112 1533 3160; x_wconf 52' lang='lat' dir='ltr'><strong>studicrumque:</strong></span> 
     </span>
    </p>
   </div>
   <div class='ocr_carea' id='block_1_29' title="bbox 1204 3167 2241 3324">
    <p class='ocr_par' dir='ltr' id='par_1_37' title="bbox 1204 3167 2241 3324">
     <span class='ocr_line' id='line_1_107' title="bbox 1204 3167 2241 3226; baseline -0.011 -10"><span class='ocrx_word' id='word_1_705' title='bbox 1204 3180 1313 3226; x_wconf 81' lang='lat' dir='ltr'><strong>Quae</strong></span> <span class='ocrx_word' id='word_1_706' title='bbox 1338 3177 1517 3224; x_wconf 84' lang='lat' dir='ltr'><strong>possrema</strong></span> <span class='ocrx_word' id='word_1_707' title='bbox 1535 3175 1654 3212; x_wconf 82' lang='lat' dir='ltr'><strong>Flacci</strong></span> <span class='ocrx_word' id='word_1_708' title='bbox 1675 3174 1784 3213; x_wconf 90' lang='lat' dir='ltr'><strong>verba</strong></span> <span class='ocrx_word' id='word_1_709' title='bbox 1804 3173 1975 3211; x_wconf 86' lang='lat' dir='ltr'><strong>Sidonius</strong></span> <span class='ocrx_word' id='word_1_710' title='bbox 1997 3169 2099 3217; x_wconf 82' lang='lat' dir='ltr'><strong>Epist.</strong></span> <span class='ocrx_word' id='word_1_711' title='bbox 2115 3181 2158 3207; x_wconf 84' lang='lat' dir='ltr'><strong>ir.</strong></span> <span class='ocrx_word' id='word_1_712' title='bbox 2179 3167 2241 3206; x_wconf 67' lang='lat' dir='ltr'><strong>lib:</strong></span> 
     </span>
     <span class='ocr_line' id='line_1_108' title="bbox 1206 3219 2240 3273; baseline -0.009 -7"><span class='ocrx_word' id='word_1_713' title='bbox 1206 3231 1286 3266; x_wconf 85' lang='lat' dir='ltr'><strong>1.in</strong></span> <span class='ocrx_word' id='word_1_714' title='bbox 1303 3241 1385 3265; x_wconf 85' lang='lat' dir='ltr'><strong>eam</strong></span> <span class='ocrx_word' id='word_1_715' title='bbox 1409 3237 1486 3265; x_wconf 88' lang='lat' dir='ltr'><strong>rem</strong></span> <span class='ocrx_word' id='word_1_716' title='bbox 1520 3227 1682 3273; x_wconf 86' lang='lat' dir='ltr'><strong>profert,</strong></span> <span class='ocrx_word' id='word_1_717' title='bbox 1712 3236 1833 3273; x_wconf 84' lang='lat' dir='ltr'><strong>eoque</strong></span> <span class='ocrx_word' id='word_1_718' title='bbox 1869 3219 2055 3270; x_wconf 77' lang='lat' dir='ltr'><strong>respexisse</strong></span> <span class='ocrx_word' id='word_1_719' title='bbox 2076 3219 2240 3258; x_wconf 82' lang='lat' dir='ltr'><strong>Persium</strong></span> 
     </span>
     <span class='ocr_line' id='line_1_109' title="bbox 1206 3275 1925 3324; baseline -0.01 -7"><span class='ocrx_word' id='word_1_720' title='bbox 1206 3291 1285 3317; x_wconf 87' lang='lat' dir='ltr'><strong>non</strong></span> <span class='ocrx_word' id='word_1_721' title='bbox 1304 3279 1434 3317; x_wconf 88' lang='lat' dir='ltr'><strong>dubito</strong></span> <span class='ocrx_word' id='word_1_722' title='bbox 1449 3305 1460 3324; x_wconf 87' lang='lat'>,</span> <span class='ocrx_word' id='word_1_723' title='bbox 1491 3288 1576 3315; x_wconf 89' lang='lat' dir='ltr'><strong>cum</strong></span> <span class='ocrx_word' id='word_1_724' title='bbox 1603 3277 1782 3314; x_wconf 81' lang='lat' dir='ltr'><strong>exclamat</strong></span> <span class='ocrx_word' id='word_1_725' title='bbox 1803 3275 1874 3313; x_wconf 86' lang='lat' dir='ltr'><strong>Sat.</strong></span> <span class='ocrx_word' id='word_1_726' title='bbox 1896 3285 1925 3311; x_wconf 84' lang='lat'><strong>1.</strong></span> 
     </span>
    </p>
   </div>
   <div class='ocr_carea' id='block_1_30' title="bbox 1382 3325 2243 3365">
    <p class='ocr_par' dir='ltr' id='par_1_38' title="bbox 1382 3325 2243 3365">
     <span class='ocr_line' id='line_1_110' title="bbox 1382 3325 2243 3365; baseline -0.008 0"><span class='ocrx_word' id='word_1_727' title='bbox 1382 3328 1414 3365; x_wconf 89' lang='lat' dir='ltr'>C</span> <span class='ocrx_word' id='word_1_728' title='bbox 1444 3338 1466 3365; x_wconf 86' lang='lat'>2</span> <span class='ocrx_word' id='word_1_729' title='bbox 2146 3325 2243 3358; x_wconf 72' lang='lat' dir='ltr'><strong>Nam</strong></span> 
     </span>
    </p>
   </div>
  </div>
 </body>
</html>
