2547 3708
951 115 973 170 1
1122 113 1167 170 Β

1315 116 1337 172 I
1485 119 1537 177 S.

423 217 643 291 Quique
668 230 762 286 per
790 213 1016 269 infernas
1037 210 1317 293 ‘horrendo
1344 230 1617 271 murmure
1654 217 1811 273 valles

494 289 865 361 Imperjuratae
889 284 1269 367 laberis-amnis
1297 304 1463 358 aquae
1481 328 1494 351 ,

414 362 669 434 Quasque
693 361 871 415 ferunt
900 372 1021 412 toto
1050 369 1244 411 v1ttatrs
1270 376 1440 430 angue
1465 362 1661 431 capillis

272 437 339 491 80

488 434 733 490 Carceris
758 433 999 486 obscuras
1025 443 1147 482 ante
1173 431 1356 485 sedere
1384 433 1556 496 fores;

412 507 528 565 Vos
553 523 771 580 quoque
794 503 939 575 plebs
965 502 1230 573 Superum
1256 543 1271 567 ,
1323 504 1516 569 Fauni,
1553 509 1830 582 Satyrique
1849 549 1863 573 ‚
1907 511 2180 587 Laresque
2197 554 2215 581 ,

484 580 858 648 Fluminaque,
899 577 954 630 &
981 575 1290 646 Nymphae,
1329 578 1751 653 Semideumque
1778 595 1975 654 genus(

409 653 658 722 Denique
686 651 748 702 ab
775 649 995 721 antiquo
1018 648 1147 701 Divi
1174 663 1489 721 veteresque
1516 654 1776 726 novique,

477 724 533 779 In
560 722 798 778 nostrum
823 720 999 777 cunffi
1027 735 1236 793 tempus
1265 721 1440 778 adeste
1458 763 1472 789 ‚
1511 725 1679 781 Chao.

2123 808 2254 864 Car·
2276 894 2279 896 -

111 944 161 983 fic
182 939 275 991 apud
293 939 496 988 Corippum
528 935 747 975 Africanum
779 934 825 973 de
857 936 954 974 veste
975 933 1148 973 mortuali
1206 946 1238 982 3.
1276 935 1337 974 ubi
1383 934 1551 976 Thaletis
1597 940 1642 978 de
1683 952 1775 990 aqua
1825 942 2039 982 sententiam
2086 947 2245 985 excutit:

111 993 390 1043 Justinianorum
405 1017 415 1033 ,
432 1000 517 1027 cum
535 989 571 1026 in
591 989 708 1027 veteri
719 986 849 1025 codice
862 1015 872 1034 ,
902 999 947 1026 ex
968 998 1044 1037 quo
1064 985 1146 1024 scri-

111 1052 194 1094 ptor
216 1043 274 1081 ille
298 1041 456 1091 prodiit,
484 1039 689 1089 legeretur:

158 1104 442 1153 Justinianorum
458 1102 560 1151 series
586 1101 645 1139 ubi
664 1110 738 1141 tota
759 1099 919 1139 laborum

158 1158 264 1195 Neflo
282 1168 365 1193 auro
383 1152 546 1203 infignita
554 1153 645 1200 fuit.

103 1224 264 1273 'reposuit
283 1223 495 1261 Demsterus
515 1248 527 1266 ‚
567 1226 678 1263 Nexo.
713 1230 918 1268 perperam.
949 1230 1034 1257 cum
1068 1229 1143 1258 neto

103 1287 192 1313 auro
212 1273 398 1312 debuiffet.
426 1286 502 1310 nere
518 1284 647 1309 aurum
662 1299 673 1316 ,
701 1279 741 1309 ut
763 1269 858 1319 apud
879 1271 1090 1310 Martialem
1107 1285 1116 1310 :

153 1343 200 1376 Et
218 1347 328 1377 totam
354 1337 490 1388 Phryxi
511 1336 620 1383 Julia
639 1335 732 1374 nebit
754 1349 866 1374 ovem.

100 1401 323 1448 Claudianus
340 1403 402 1442 lib.
415 1415 478 1442 111.
498 1401 543 1440 de
563 1401 727 1440 laudibus
750 1400 958 1439 Stiliconis:

203 1483 299 1492 —
330 1470 441 1508 tineia
453 1469 561 1520 simul
583 1469 721 1521 repetito
741 1468 868 1506 murice
878 1465 945 1515 fila

152 1521 373 1561 contulimus
391 1522 519 1572 pensus,
553 1532 596 1562 &¹
615 1522 727 1560 eodem
748 1520 910 1558 nevimus
925 1521 1025 1559 auross

100 1584 273 1633 Sidonius
290 1587 515 1636 Apollinaris
538 1586 701 1626 carmine
711 1597 812 1624 xxxx.

200 1672 272 1681 —
300 1650 359 1688 vel
372 1651 523 1698 stamine
529 1650 637 1698 fulvo

149 1701 380 1751 praegnantis
386 1700 463 1751 fust
479 1701 656 1740 mollitum
676 1701 758 1752 neffe
772 1700 970 1739 metallum.
988 1699 1136 1739 Hems.

150 1780 210 1818 77.
237 1769 377 1821 Qique
398 1779 457 1821 per
484 1771 641 1818 infernas
669 1770 835 1809 horrendo
855 1782 1035 1808 murmure
1052 1770 1137 1806 val-

95 1822 142 1861 les
164 1849 176 1868 ,
209 1821 456 1871 imperjuratae
486 1821 611 1860 laberis
642 1822 760 1860 amnis
778 1835 801 1860 a
830 1822 930 1870 uae.]
967 1821 1135 1859 Horren-

97 1873 186 1911 dum
210 1871 312 1921 Stygi
331 1884 497 1912 murmur
508 1873 659 1919 tribuit,
679 1885 791 1930 quam
806 1837 872 1912 lib.
894 1884 950 1912 1v.
977 1873 1135 1911 Metam.

95 1921 161 1975 fibi
181 1925 402 1975 contrarius,
429 1925 574 1963 inertem
593 1932 706 1963 vocat
724 1936 762 1963 m
776 1925 855 1964 his:

144 1982 205 2031 Est
225 1983 289 2021 via
307 1983 450 2021 declivis
457 1985 597 2031 funestd
616 1985 736 2023 nubila
756 1995 842 2022 taxo
856 2014 867 2031 ,

140 2033 255 2070 ‚Ducit
275 2033 323 2070 ad
343 2034 498 2080 infernas
511 2045 570 2081 per
587 2044 688 2071 muta
698 2035 840 2084 filentia
853 2034 969 2083 sedes:

140 2087 230 2132 Styx
249 2082 391 2120 nebulas
409 2082 554 2120 exhalat
574 2084 665 2120 iners

88 2144 168 2184 'Alii
188 2144 335 2183 tacitam
357 2144 394 2182 &
410 2142 600 2192 stupentem
631 2142 780 2185 dicunt;
810 2141 988 2189 fiquidem
1011 2145 1126 2181 altum

90 2195 186 2246 apud
212 2196 348 2234 inferos
376 2193 572 2232 filentium.
619 2192 731 2232 Certe
757 2192 842 2230 huic
863 2192 951 2229 loco
972 2192 1127 2231 Nasonis

91 2246 334 2286 consentanea
363 2244 495 2294 scripfit
516 2242 783 2282 Hermefianax
808 2243 1067 2292 Colophonius
1089 2245 1127 2283 in

90 2297 270 2348 Elegiacis
287 2296 384 2346 apud
401 2296 639 2334 Athenaeum
659 2295 720 2334 lib.
738 2307 811 2333 ΧΠ.
829 2305 907 2342 cap.
923 2305 957 2341 7.
982 2295 1035 2333 his
1048 2307 1129 2335 ver-

88 2347 203 2389 fibus:

148 2414 282 2456 Alb-'Ser
297 2414 438 2454 ’ἐπλοὺσε
459 2414 502 2466 {37
516 2414 618 2454 κοικόν
639 2413 696 2462 χρὴ
715 2411 861 2452 ἀπειθέοι
881 2414 986 2464 χῶρον

201 2469 305 2511 Ἐνθοέ
321 2470 450 2521 Χαίρων,
482 2468 608 2519 alaeue),
638 2469 771 2508 ἕλκεται
794 2470 834 2509 εἰς
855 2465 995 2508 ἄκοιτον,

145 2522 265 2575 &rixas
284 2523 456 2575 οἳχομῖρων
469 2554 480 2575 7
511 2528 605 2574 λίμνη
623 2523 662 2571 ds
683 2527 732 2563 ἒπὶ
747 2520 873 2574 μωκρδν
893 2519 976 2567 distri

201 2584 312 2632 1².-&pm
332 2581 373 2628 df
388 2580 434 2618 <bn
453 2577 615 2630 poemiam
634 2576 758 2631 “1³0an
773 2575 920 2617 δὶναῖκων.

146 2657 199 2691 Ex
215 2655 332 2702 inferis
353 2665 430 2691 cum
452 2654 499 2690 ad
524 2653 642 2691 dirum
671 2651 976 2692 &inexorabilem
996 2661 1127 2690 coetum

187 2716 192 2718 ’
269 2715 458 2753 navigavit

149 2752 212 2789 Ubi
230 2753 390 2799 Charon,
417 2766 457 2791 ut
473 2756 580 2803 fama
600 2754 665 2802 est,
692 2755 729 2791 in
750 2752 908 2801 cymbam
928 2753 1042 2790 trahit

154 2803 310 2841 Animas
330 2805 563 2849 defunc‘lorum
579 2834 588 2851 ‚
617 2817 660 2845 (φ
674 2804 790 2853 procul
803 2806 906 2854 sonat
920 2804 1060 2854 paludis

152 2854 255 2890 Unda
273 2862 332 2902 per
350 2855 466 2897 densas
483 2856 570 2900 illisa
589 2856 788 2894 arundines.

97 2916 264 2955 Verbum
287 2925 407 2952 autem
430 2916 670 2965 imperjuratae
689 2931 755 2966 pro
775 2917 957 2968 eo,quod
978 2918 1026 2956 est
1049 2931 1129 2967 per-

96 2968 196 3018 jurio
219 2979 295 3004 non
316 2967 474 3003 violatae
488 2994 497 3009 ,
525 2968 646 3004 nescio
668 2980 712 3006 an
733 2969 815 3007 alibi
835 2969 1000 3018 reperias.
1045 2971 1128 3008 No-

100 3027 179 3057 tum
203 3029 247 3054 ex
267 3016 435 3054 Hefiodo
463 3015 534 3064 qua
567 3029 684 3064 poena
703 3019 931 3058 afficerentur
951 3020 1013 3056 Dii
1036 3021 1097 3068 ipfi
1112 3049 1122 3065 ,

99 3070 165 3117 qui
186 3068 306 3106 datam
339 3080 400 3116 per
428 3068 534 3115 Styga
562 3067 673 3104 fidem
699 3068 903 3116 fregiffent:
931 3071 1030 3118 cujus
1043 3072 1122 3120 qui·

97 3120 180 3157 dem
204 3119 424 3156 Sacramenti
442 3119 621 3154 rationem
642 3117 837 3156 fabulosam
859 3120 976 3158 reddit
1005 3121 1124 3169 Apol-

94 3170 243 3208 lodorus
265 3169 324 3208 lib.
351 3182 377 3206 1.
411 3168 684 3216 Theologicam
720 3168 928 3208 Aristoteles
949 3182 993 3209 ex
1026 3183 1121 3221 quo-

89 3219 259 3262 rumdam
303 3221 480 3269 opinione
505 3247 517 3265 ,
571 3219 824 3269 Metamorph.
862 3220 921 3259 lib.
960 3233 988 3259 1.
1041 3235 1118 3272 cap.

1203 984 1388 1026 'ssusxvo'rrs
1418 986 1458 1039 νβ
1477 999 1488 1036 ”,
1519 993 1578 1028 seu)
1600 991 1709 1035 Τηθδν
1738 991 1886 1036 {nimo-m
1919 996 1946 1033 «θ
1972 997 2113 1038 ’γενέσεως
2133 998 2241 1036 πατέ-

1201 1060 1279 1093 que,
1296 1046 1353 1081 καὶ
1373 1042 1401 1082 ἲ*
1423 1044 1510 1094 ἵρκον
1529 1046 1558 1085 “r‘'
1581 1051 1661 1086 θεῶν
1681 1045 1762 1100 ι’)’ὃωξ
1789 1048 1854 1087 ‘rbus'
1875 1049 2070 1100 καλεμένάυ
2091 1051 2158 1091 iza-³
2179 1052 2243 1090 αὖ·

1202 1100 1262 1136 τῶν
1294 1097 1388 1145 ςύγι
1418 1104 1552 1142 ποιητῶν
1581 1101 1784 1152 ‘ripaeis-onir
1803 1108 1883 1145 ἒςινῑ
1914 1110 2089 1142 Oceanum
2122 1117 2164 1145 ω’
2183 1111 2245 1143 Te-

1200 1152 1291 1200 thyn
1314 1155 1542 1201 generationis
1564 1165 1721 1205 parentes
1740 1160 1912 1204 fecerunt.
1976 1160 2246 1209 Jusjuranrlum

1202 1216 1334 1252 quoque
1354 1209 1503 1242 Deorum
1524 1218 1656 1256 aquam
1678 1209 1735 1257 effe
1755 1215 1888 1258 Stygem
1909 1209 1953 1245 ab
1970 1208 2044 1257 ipsis
2058 1212 2169 1247 Po'e'tis
2180 1221 2246 1260 ap-

1193 1253 1377 1302 pellatam.
1402 1258 1739 1306 Honorabiliffimum
1751 1261 1843 1296 enim
1862 1260 1952 1309 quod
1961 1260 2241 1310 antiquissimum

1198 1304 1263 1351 est,
1281 1306 1533 1355 jusjurandum
1553 1320 1671 1347 autem
1692 1309 2021 1358 honorabiliffimum
2043 1311 2094 1358 est.
2126 1312 2196 1349 SAL
2205 1326 2239 1351 V.

1199 1355 1354 1395 Monuit
1375 1359 1486 1396 etiam
1509 1370 1591 1404 me,
1619 1360 1899 1410 arnicitialonga
1911 1361 2241 1411 conjuxrffiffimus,

1196 1405 1488 1456 Hoogstratanus
1503 1437 1512 1454 ,
1539 1411 1626 1450 alios
1639 1412 1771 1450 Poe'tas
1783 1411 1884 1461 Stygi
1905 1413 2030 1450 tacitas
2044 1414 2080 1450 δε
2093 1414 2239 1462 stupen-

1195 1463 1248 1495 tes
1266 1460 1377 1497 etiam
1398 1471 1508 1509 aquas
1530 1461 1614 1500 dare
1635 1491 1646 1507 ‚
1683 1471 1723 1501 ut
1749 1463 1877 1501 Senec.
1907 1463 2019 1501 Herc.
2051 1463 2133 1501 Fur.
2154 1475 2241 1509 712.

1196 1512 1378 1547 Tacentem
1399 1516 1523 1559 Styga,
1550 1513 1587 1550 ὅ(
1608 1514 1720 1562 Hipp.
1743 1514 1828 1562 625.
1857 1513 2016 1551 Tacitam
2029 1522 2149 1552 vocat.
2177 1515 2238 1553 sed

1193 1558 1268 1597 hoc
1283 1561 1366 1609 jure
1388 1561 1453 1599 suo
1473 1562 1629 1608 Poe'tas,
1660 1565 1769 1602 etiam
1793 1566 1828 1602 in
1852 1565 1927 1602 aliis
1942 1592 1952 1610 ,
1979 1564 2150 1603 &multo
2164 1577 2235 1602 no-

1192 1610 1344 1649 tioribus
1363 1612 1608 1660 Fluminibus,
1618 1615 1738 1653 facere
1750 1643 1761 1661 ,
1773 1615 1969 1654 docuimus
1980 1615 2060 1654 satis
2071 1615 2177 1665 plene
2190 1615 2236 1654 ad

1192 1660 1277 1699 Val.
1296 1662 1348 1700 Fl.
1372 1677 1405 1700 v.
1431 1664 1512 1703 180.
1539 1665 1673 1704 Euam.

1245 1712 1303 1758 78.
1334 1717 1626 1767 Imperjuratae.]
1663 1716 1845 1755 Maluerat
1871 1716 2045 1755 Heinfius
2070 1745 2080 1762 ‚
2108 1715 2232 1767 imper-

1183 1763 1383 1813 jurandae,
1413 1774 1452 1805 ut
1477 1766 1532 1804 dis
1546 1768 1706 1815 juranda
1722 1768 1837 1816 palus.
1860 1769 1897 1805 in
1918 1780 1996 1807 uno
2016 1769 2119 1817 regio
2132 1776 2231 1814 erat,

1189 1815 1437 1865 impervitatae
1451 1846 1460 1862 ‚
1489 1819 1525 1856 in
1543 1820 1657 1857 altero
1670 1847 1680 1864 ‚
1708 1818 1937 1869 impejeratae.

1245 1877 1304 1915 79.
1333 1868 1514 1918 vittatis]
1545 1870 1685 1907 Vitiatis
1706 1869 1821 1907 editio
1836 1870 1983 1908 Veneta
2007 1870 2126 1908 &tres
2146 1869 2230 1908 scri-

1187 1917 1253 1965 pti.
1272 1929 1365 1958 unus
1384 1920 1555 1958 Vatican.
1575 1921 1741 1958 mitratis.
1764 1920 1809 1959 de
1831 1932 1902 1969 qua
1932 1921 2133 1957 variatione
2157 1920 2231 1958 vid.

1188 1967 1234 2005 ad
1254 1981 1346 2008 xm.
1367 1972 1525 2008 Metam.
1540 1973 1624 2018 643.
1655 1971 1792 2007 uncatis
1819 1971 1949 2006 eratin
1974 1981 2051 2006 uno
2070 1969 2231 2008 Heinfii.

1186 2019 1278 2056 nihil
1296 2020 1529 2057 mutandum.
1541 2021 1635 2057 Flor.
1647 2032 1672 2056 1.
1690 2031 1744 2056 12.
1772 2018 1989 2055 discoloribus
2002 2048 2013 2064 ‚
2033 2021 2231 2068 serpentum

1184 2067 1223 2104 in
1242 2070 1408 2112 modum,
1436 2070 1560 2113 vittis,
1580 2069 1712 2116 furiali
1734 2082 1825 2105 more
1841 2069 2074 2117 processerant.
2096 2070 2228 2110 BURM.

1240 2117 1302 2156 80.
1340 2117 1547 2167 obscuras.]
1619 2118 1797 2165 obstrusas
1839 2119 2073 2159 Trevisanus.
2126 2121 2227 2160 unde

1183 2163 1313 2204 Heius.
1335 2167 1542 2214 obstruelas,
1571 2168 1653 2214 vel,
1681 2168 1853 2218 abstrusas
1875 2170 2040 2209 faciebat.
2077 2182 2147 2221 ego
2170 2173 2229 2210 ni·

1182 2214 1233 2254 hil
1255 2225 1373 2255 muto.
1400 2218 1556 2265 obscurae
1569 2221 1660 2267 fores
1678 2220 1758 2257 sunt
1777 2220 1917 2269 nigrae,
1945 2230 1986 2258 ut
2008 2225 2135 2260 omnia
2147 2223 2224 2272 ejus

1183 2267 1318 2306 coloris
1338 2268 1434 2317 apud
1456 2270 1610 2308 Inferos.
1630 2270 1706 2308 vid.
1726 2270 1769 2308 ad
1794 2282 1859 2309 111.
1888 2273 1976 2308 Am.
1998 2285 2052 2310 1x.
2076 2283 2138 2311 20.
2164 2275 2228 2321 Ju-

1185 2329 1268 2355 ven.
1292 2331 1343 2356 x1.
1369 2331 1449 2366 ης.
1485 2332 1528 2360 <⁷57³
1556 2328 1685 2358 Mauro
1707 2321 1874 2369 obscurior
1896 2322 2014 2361 Indus.
2041 2323 2078 2362 id
2100 2324 2149 2361 est
2167 2325 2224 2363 ni-

1181 2369 1292 2417 grior.
1319 2369 1367 2407 fic
1391 2371 1521 2415 Janua
1544 2373 1643 2421 nigra
1661 2372 1864 2410 inferorum
1880 2400 1892 2417 ,
1909 2373 2073 2421 Propert.
2095 2387 2146 2413 xv.
2170 2380 2226 2415 nr.

1185 2430 1222 2456 2.
1251 2420 1289 2458 ὃς
1322 2421 1412 2457 Arri
1438 2422 1553 2470 janua
1586 2422 1670 2460 ditis
1709 2423 1840 2472 Virgil.
1866 2435 1922 2462 VI.
1950 2424 2040 2462 AEn.
2069 2426 2107 2462 ὅ(
2128 2426 2221 2475 regia

1183 2482 1279 2507 caeca
1292 2497 1302 2516 ,
1320 2471 1421 2520 Nigri
1430 2474 1498 2511 Dei
1509 2473 1646 2512 Nostro
1661 2486 1705 2512 11.
1717 2475 1785 2522 Ep.
1802 2475 1907 2521 72.&
1921 2474 2084 2513 cuinon?
2096 2475 2230 2518 Eurum*

1238 2532 1296 2571 81.
1326 2540 1386 2571 Vos
1405 2548 1537 2587 quoque
1553 2535 1644 2585 plebs
1657 2535 1859 2587 superum]
1917 2537 1969 2575 Hi
2000 2538 2080 2576 sunt
2100 2540 2223 2578 mino-

1183 2594 1265 2621 rum
1286 2587 1453 2633 gentium
1484 2588 1571 2630 Dii,
1600 2598 1693 2636 quos
1716 2588 1860 2626 Plautus
1882 2587 2076 2626 Cistellaria
2097 2590 2223 2628 Minu-

1183 2644 1233 2671 tos
1254 2646 1297 2674 ω’
1329 2636 1532 2675 Patellarios
1561 2638 1750 2686 appellat,
1788 2639 1826 2675 &c
1856 2639 1972 2676 facete
1999 2640 2114 2677 Po‘e'ta
2144 2641 2222 2690 Ity-

1182 2685 1378 2733 pballicus,
1406 2687 1480 2724 sive
1499 2688 1547 2725 est
1571 2688 1768 2736 Virgilius,
1797 2688 1871 2727 five
1885 2688 2068 2736 Ovidius,
2090 2697 2219 2743 Vappas

1184 2747 1227 2775 ω’
1242 2736 1367 2786 pustlla
1388 2739 1536 2776 numina
1558 2739 1595 2776 in
1615 2740 1687 2777 his:

1231 2802 1318 2849 Istuc
1339 2804 1509 2842 coelitibus
1529 2805 1637 2841 datur
1648 2804 1790 2851 severis.

1233 2859 1305 2890 Nos
1318 2858 1586 2912 'Vappae'sumus
1600 2883 1609 2898 ‚
1638 2867 1680 2895 ω’
1695 2855 1821 2905 pusilla
1838 2856 1925 2894 culti

1234 2910 1339 2942 Ruris
1359 2918 1507 2943 numina

1184 2970 1302 3018 Quod
1332 2983 1444 3018 genus
1473 2972 1535 3009 Dii
1566 2977 1718 3009 Semones
1747 2971 1972 3011 vocabantur
1995 3001 2005 3017 ‚
2044 2985 2126 3012 cum
2147 2987 2215 3014 nec

1183 3022 1292 3058 coelo
1314 3023 1412 3072 digni
1436 3031 1647 3069 putarentur
1672 3049 1683 3066 ,
1719 3022 1767 3059 ob
1790 3025 1910 3061 meriti
1934 3024 2104 3062 videlicet
2127 3038 2214 3073 pau-

1178 3080 1356 3118 pertatem
1373 3101 1383 3117 ,
1410 3072 1511 3110 ficuti
1537 3072 1706 3119 Priapus,
1733 3073 1933 3121 Hippona,
1962 3076 2212 3117 Vertumnus;

1179 3133 1251 3159 nec
1271 3125 1403 3160 terreni
1428 3134 1578 3171 quoque
1610 3123 1870 3169 deputarentur
1902 3133 2050 3172 propter
2078 3126 2213 3171 gratiae

1178 3175 1459 3212 venerationem
1484 3201 1494 3218 ,
1532 3181 1572 3210 ut
1591 3174 1754 3221 loquitur
1777 3174 1984 3221 Fulgentius
2005 3174 2048 3210 ad
2068 3175 2213 3214 Chalci-

1175 3223 1301 3271 dium,
1331 3226 1380 3264 ita
1409 3236 1499 3263 vero
1529 3223 1615 3263 difti
1647 3224 1746 3274 quasi
1777 3224 2021 3263 Semibemones
2042 3252 2054 3270 ,
2087 3224 2124 3262 id
2144 3225 2219 3281 est,

2109 3281 2216 3313 Sem&
