2547 3708
8 63 10 82 l

602 123 1512 178 PRAEFATIONES.
2049 149 2142 206 1'97

7 257 9 283 ι
49 233 175 288 sunt,
207 222 337 274 nullo
370 192 572 286 unquam
594 233 808 284 tempore
826 219 928 267 satis
950 219 1104 267 excoli
1124 219 1324 282 poffunt.
1390 220 1530 268 Hanc
1549 235 1659 270 vero
1684 218 2048 275 lucubrationem
2072 243 2140 279 at-

6 298 9 342 i
43 310 133 360 que
165 289 533 353 recognitionem
569 286 799 344 nostram,
834 297 887 332 ut
919 284 1006 331 tibi
1041 283 1270 344 dicarem,
1305 298 1482 349 tuoque
1503 287 1726 333 acerrimo
1742 287 1924 353 judicio
1948 292 2140 352 subjice-

46 375 168 416 rem,
200 370 309 402 cum
341 353 449 399 aliae
486 352 666 398 divinae
699 350 894 397 virtutes
928 362 1060 408 tuae,
1095 361 1195 395 tum
1217 349 1444 396 excellens
1468 350 1676 398 doftrina
1699 351 1746 398 δί
1767 352 1967 401 summus
1989 356 2139 405 litera-

5 412 8 471 l
44 419 144 471 rum
165 436 217 467 ac
246 417 532 480 eloquentiae
552 416 599 461 in
623 415 779 477 primis
800 429 929 460 amor
950 412 1122 459 effecit.
1190 414 1258 460 Ea
1280 429 1475 476 namque
1501 413 1527 461 a
1551 417 1716 462 teneris
1736 416 1875 479 usque
1899 420 2023 465 annis
2046 421 2140 468 lau·

5 510 7 522 τ
40 487 242 534 datarum
277 483 444 528 artium
463 479 615 544 jecisti
640 479 963 537 fundamenta,
999 478 1062 524 ita
1083 478 1319 524 Bononiae
1341 491 1389 525 te
1410 479 1628 542 Philippo
1651 482 1877 529 Beroaldo
1898 483 2139 532 eruditiffi-

43 567 120 598 mo
163 544 568 608 sacundissimoque
603 545 929 591 humaniorum
966 542 1222 588 studiorum
1259 543 1498 605 professori
1534 545 1843 592 excolendum
1875 547 2098 595 tradidisti
2121 584 2138 609 ,

4 670 5 674 Ἰ
39 627 93 662 ut
124 614 171 660 in
195 612 352 675 primis
371 609 532 657 dobius
566 608 616 654 &
645 609 833 655 disertus
854 608 899 653 in
920 607 1113 671 patriam
1137 609 1383 654 revertaris.
1452 608 1507 654 Id
1532 625 1642 655 vero
1667 626 1774 656 cum
1798 612 2139 675 sapientissimus

3 698 5 746 4
42 677 380 725 Pannoniarum
406 691 486 721 rex
514 671 771 720 Uladislaus
794 672 927 718 facile
949 671 1360 730 animadvertisset,
1397 671 1620 736 simulque
1651 686 1698 720 te
1721 675 1933 738 singulari
1955 677 2003 724 &
2028 694 2140 741 pru-

2 749 5 812 1
37 741 215 799 dentia,
250 740 297 786 &
333 738 451 797 fide,
486 736 535 784 &
568 736 844 795 constantia,
879 735 928 782 &
961 735 1254 799 integritate,
1291 736 1341 783 &
1372 739 1658 784 continentia
1692 739 1739 785 ἃ
1775 740 2063 804 benignitate
2088 742 2138 789 &

2 815 4 827 ¹
35 806 204 870 pietate
227 804 275 851 δί
302 804 524 867 religione
547 800 801 864 praeditum
823 800 908 846 efle
931 798 1245 863 perspexisset,
1268 802 1469 863 primum
1496 800 1521 847 a
1544 801 1724 849 secretis
1748 802 1937 868 delegit.
1970 805 2137 852 deinde

34 867 370 934 opulentiflima
414 865 724 931 praepositura
767 863 1017 911 honoravit
1039 897 1054 922 ‚
1100 863 1148 910 δί
1181 864 1235 909 ad
1268 865 1498 927 inclytum
1534 866 1833 914 Venetiarum
1871 871 2133 932 principem

30 933 432 998 graviffimumque
457 933 674 978 Senatum
703 942 749 975 te
774 941 1003 975 oratorem
1031 927 1202 990 saepius
1224 929 1318 991 jam
1340 929 1526 992 legavit.
1595 929 1703 987 Qua
1727 931 1910 994 quidem
1937 935 1984 979 in
2009 934 2134 998 lega-

34 999 162 1045 tione
193 999 305 1044 adeo
339 996 613 1058 prudenter,
647 993 761 1040 adeo
789 992 1018 1051 modeste,
1052 993 1165 1039 adeo
1187 993 1419 1056 graviter,
1454 995 1565 1039 adeo
1586 993 1815 1059 benigne,
1847 997 1959 1044 adeo
1985 998 2134 1060 splen-

27 1062 137 1116 dide
167 1075 214 1108 te
233 1062 382 1125 geris,
417 1073 469 1107 ut
492 1059 703 1105 omnium
727 1058 888 1104 oculos
917 1058 964 1103 in
986 1071 1033 1103 te
1054 1071 1308 1103 convertas
1343 1074 1500 1104 omnes
1524 1057 1719 1121 denique
1742 1061 1796 1106 ad
1820 1073 1866 1106 te
1888 1062 2133 1109 amandum

35 1127 374 1188 colendumque
409 1124 623 1187 pellicias.
691 1124 779 1169 Me
810 1134 937 1169 certe
975 1135 1053 1167 tua
1085 1120 1298 1184 singulari
1335 1122 1619 1169 humanitate
1653 1124 1716 1170 ita
1747 1124 1948 1185 cepisti,
1995 1139 2048 1173 ut
2087 1140 2135 1173 te

31 1207 128 1238 non
162 1190 380 1237 felicitate
410 1187 583 1246 modo,
616 1202 776 1234 verum
813 1186 1161 1232 immortalitate
1195 1202 1379 1249 quoque
1414 1185 1726 1249 dignissimum
1749 1189 1834 1234 effe
1856 1189 2133 1237 existimem.

31 1255 115 1302 Illa
149 1271 259 1302 vero
295 1253 328 1300 fi
352 1267 399 1300 te
420 1252 591 1299 donare
627 1250 829 1314 possem,
864 1251 1041 1297 nullum
1066 1249 1276 1313 equidem
1300 1253 1505 1313 quamvis
1528 1267 1745 1314 magnum
1770 1252 1970 1299 laborem
1997 1270 2131 1301 recu-

30 1317 185 1366 sarem.
219 1317 344 1382 quod
379 1330 533 1364 autern
565 1315 775 1380 possum,
822 1316 939 1362 hanc
970 1314 1416 1361 lucubratiunculam
1456 1315 1656 1361 nostram
1690 1315 1776 1363 tibi
1814 1315 1992 1375 dicavi,
2037 1334 2132 1381 quo

30 1398 200 1430 nomen
233 1396 367 1429 tuum
391 1398 480 1428 una
502 1397 609 1428 cum
636 1380 801 1428 Ovidii
827 1378 1202 1442 Metamorphofi
1228 1394 1308 1442 per
1330 1393 1484 1426 totum
1513 1379 1671 1425 orbem
1697 1380 2010 1426 Christianum
2028 1415 2044 1440 ,
2078 1398 2133 1429 u-

31 1447 262 1510 bicunque
285 1448 481 1494 Latinus
513 1446 698 1491 auditur
732 1444 908 1503 sermo,
944 1445 1230 1502 celebretur,
1265 1456 1401 1505 atque
1434 1443 1680 1490 lecstitetur.
1749 1444 1837 1497 Sed
1860 1459 1915 1489 ne
1941 1446 2032 1490 fine
2052 1462 2132 1508 ap-

31 1512 222 1576 pendice
255 1511 366 1557 haec
397 1510 484 1558 tibi
515 1509 705 1573 epistola
737 1508 905 1572 scripta
938 1508 1026 1554 effe
1053 1508 1292 1568 videatur,
1326 1507 1625 1555 breviffimam
1650 1523 1809 1555 eorum
1838 1507 2130 1570 subjiciamus

32 1577 321 1638 apologiam,
358 1591 474 1638 quae
508 1575 580 1620 isti
616 1575 664 1620 in
698 1574 841 1620 aliena
877 1589 1017 1634 opera
1049 1574 1246 1636 lynceis,
1279 1586 1333 1618 ut
1368 1574 1525 1633 ajunt,
1559 1573 1705 1620 oculis
1738 1573 2048 1634 inquirentes,
2082 1576 2131 1621 in

31 1639 114 1687 suis
134 1654 285 1687 autem
314 1640 619 1687 caecutientes
642 1672 656 1697 ,
692 1637 1109 1702 reprehenderunt,
1142 1653 1235 1701 quo
1261 1638 1309 1683 &3
1333 1637 1451 1700 ipsos
1482 1637 1665 1684 suorum
1699 1652 1901 1684 errorum
1937 1636 2129 1699 pudeat,

30 1719 112 1750 nec
134 1705 209 1751 alii
240 1706 287 1751 in
316 1704 498 1752 eosdem
532 1703 833 1750 deducantur.
901 1702 1048 1760 Vale,
1081 1703 1304 1749 eximium
1334 1702 1629 1749 humanitatis
1652 1701 1701 1749 &
1728 1701 1962 1763 religionis
1990 1700 2131 1755 Chn-

0 1773 1 1828 ἦ
31 1767 191 1816 stianae
212 1781 549 1818 ornamentum.
619 1768 829 1816 Venetiis
852 1783 958 1816 viu.
984 1766 1361 1828 Calendjunias.
1388 1783 1438 1817 M.
1457 1781 1631 1813 D.X111.

368 1886 1223 1935 BARTHOLOMEI
1292 1883 1811 1935 MERULAE

802 1963 906 2028 post
931 1962 1349 2026 Metamorphoses.

782 2040 1020 2088 Generoso
1044 2039 1370 2100 Adolescenti,

29 2123 843 2198 FRANCISCQ
917 2123 1441 2185 GEORGII
1519 2121 2124 2198 CORNELII,

616 2222 801 2286 Equitis
822 2221 1153 2285 praeclariffimi
1169 2256 1184 2282 ,
1206 2222 1307 2270 filio
1330 2220 1549 2270 Salutem.
1839 2245 1844 2251 ·

28 2337 470 2447 SApientissimum
484 2340 741 2388 Consilium
768 2353 900 2388 tuum
914 2375 930 2400 ,
965 2339 1292 2387 Corneliorum
1314 2338 1548 2386 clarissima
1570 2337 1746 2403 proles,
1766 2336 2004 2384 Francisce
2028 2338 2125 2385 Ge·

39 2447 43 2452 .
128 2401 312 2462 nerose,
336 2420 430 2450 non
453 2405 633 2466 possum
658 2421 753 2452 non
779 2406 976 2468 probare
993 2438 1008 2463 ,
1024 2404 1148 2466 quod
1170 2420 1265 2450 non
1292 2405 1362 2450 uti
1384 2404 1588 2466 plerique
1611 2401 1914 2449 adolescentes
1935 2402 2034 2448 otio
2057 2416 2124 2449 at·

26 2479 114 2528 que
148 2467 382 2515 umbratili
413 2469 508 2515 vita
541 2482 736 2516 aetatem
771 2471 892 2533 agis,
928 2469 999 2515 sed
1036 2469 1169 2514 bonis
1201 2468 1495 2530 ingenuisque
1515 2467 1688 2514 artibus
1708 2466 1780 2512 die
1804 2466 2035 2528 no&uque
2059 2467 2123 2513 ita

25 2529 279 2587 incumbis,
313 2544 368 2578 ut
391 2531 523 2579 facile
544 2533 747 2595 sperem,
781 2548 829 2579 te
850 2534 979 2580 brevi
1003 2545 1172 2579 metam
1200 2532 1460 2590 aditurum,
1494 2531 1549 2578 ad
1579 2547 1714 2595 quam
1751 2530 1992 2577 tenendam
2018 2543 2122 2576 tan-

0 2623 1 2626 =
20 2604 181 2656 topere
204 2594 406 2656 festinas,
421 2597 569 2645 nullos
594 2597 895 2661 perhorrescis
914 2597 1117 2656 labores,
1140 2612 1373 2660 nunquam
1395 2610 1441 2642 te
1465 2596 1590 2659 capit
1609 2596 1865 2643 litterarum
1889 2594 2117 2651 taedium,

23 2656 212 2720 ingenio
244 2660 414 2721 polles,
449 2663 606 2709 omnia
635 2664 723 2711 tibi
756 2663 945 2722 adsunt,
980 2678 1095 2725 quae
1128 2661 1403 2708 adolescenti
1436 2661 1491 2706 ad
1527 2662 1747 2707 virtutem
1779 2659 2039 2721 properanti
2064 2658 2119 2705 ab

23 2720 274 2768 immortali
295 2725 402 2771 Deo
436 2725 531 2772 dari
562 2726 733 2774 solent:
771 2728 924 2776 Solam
958 2729 1179 2773 virtutem
1214 2726 1298 2772 tibi
1324 2723 1467 2771 deesse
1491 2724 1657 2783 video,
1692 2740 1826 2786 quam
1851 2737 1992 2784 quum
2013 2721 2119 2767 asse-

22 2798 158 2856 cutus
193 2785 355 2845 fueris,
391 2805 485 2836 non
515 2789 683 2839 dubito
707 2792 818 2855 quin
842 2790 1152 2838 foeliciffimus
1179 2790 1227 2837 &
1251 2789 1303 2836 fis
1325 2789 1373 2836 δί
1393 2788 1621 2845 habearis,
1657 2788 1809 2849 itaque
1835 2785 2119 2847 summopere

25 2848 272 2895 videndum
307 2851 399 2911 est,
442 2870 498 2899 ne
537 2857 583 2900 in
622 2857 715 2902 hoc
749 2859 905 2903 aetatis
943 2857 1123 2902 lubrico
1159 2855 1410 2916 voluptatis
1443 2855 1562 2899 viam
1596 2851 1866 2915 amplestare
1890 2883 1905 2906 ,
1950 2851 1996 2895 in
2030 2864 2118 2911 qua

26 2926 164 2959 omne
197 2913 454 2961 delitiarum
494 2931 635 2979 genus
671 2920 995 2981 conspicimus.
1062 2919 1316 2966 Herculem
1343 2919 1456 2964 Iove
1482 2930 1638 2963 natum
1677 2922 1761 2976 (ut
1796 2915 1958 2976 poetae
1984 2913 2113 2959 fabu-

27 2974 199 3046 lantur)
235 2978 402 3024 imitari
441 2979 605 3041 debes,
639 2984 714 3028 cui
743 3000 851 3029 cum
886 2987 934 3030 in
965 2984 1207 3048 pubertate
1239 2981 1324 3028 sese
1360 2983 1505 3027 virtus
1541 2996 1592 3026 ac
1616 2981 1829 3042 voluptas
1851 2977 2115 3024 obtulissent

27 3053 73 3086 ln
104 3042 293 3102 quadam
322 3043 593 3103 solitudine,
626 3061 817 3107 quarum
839 3047 973 3094 altera
995 3047 1288 3094 difficultates
1311 3046 1502 3103 multas,
1535 3044 1606 3090 sed
1633 3043 1837 3090 laborum
1865 3043 2113 3104 praemium

26 3101 216 3166 gloriam
249 3108 297 3154 &
327 3108 722 3157 immortalitatem
747 3110 997 3159 offerebat:
1035 3112 1194 3158 Altera
1216 3126 1326 3157 vero
1349 3111 1529 3155 divitias
1553 3107 1599 3152 &
1623 3109 1879 3155 innumeras
1902 3105 2114 3166 volupta-

26 3177 107 3215 tes.
151 3169 242 3217 Ille
274 3172 460 3236 quidem
490 3172 569 3222 diu
598 3176 751 3222 secum
784 3175 1016 3226 dubitavit
1044 3188 1196 3225 utram
1228 3172 1660 3286 prilqsbsequeretur.
1726 3170 1937 3233 Tandem
1960 3169 2116 3217 relifflt

1414 3252 1434 3299 3
2032 3247 2116 3280 vo·
