2547 3708
294 156 384 211 113
785 140 1336 202 P.OVIDII

1410 143 1941 204 NASONIS

587 247 701 301 Aut
718 245 866 316 Jovis
891 243 1063 298 infesti
1092 242 1208 297 telo·
1227 242 1418 298 feriare
1447 243 1664 300 trisulco
1678 282 1694 307 ‚

658 319 736 374 Ut
766 319 901 373 satus
933 315 1264 387 Hippon00‚
1301 315 1697 389 Dofithoesque
1721 330 1887 389 pater.

577 393 659 448 Ut
686 391 834 447 soror
858 391 1176 453 Autonoes,
1212 402 1271 444 ut
1295 388 1382 444 cui
1410 403 1695 444 matertera
1722 390 1869 446 Maia
1897 393 1988 448 est.

652 464 729 518 Ut
756 477 959 518 temere
988 474 1202 533 optatos
1229 465 1322 532 qui
1359 462 1493 516 male
1519 463 1655 517 rexit
1682 480 1866 534 equos,

294 672 356 711 ubi
380 671 425 710 de
444 666 721 709 Maffilienfibus
749 666 847 704 idem
871 672 1034 703 narratur
1049 690 1060 708 ‚
1087 662 1332 708 adnotarunt,

294 732 409 772 patet.
434 722 511 760 vid.
532 722 569 759 ὃς
597 718 784 757 Herodot.
806 729 880 754 v11.
904 727 986 763 197·
1016 716 1170 772 &quae
1198 715 1244 753 de
1267 715 1334 771 Al-

293 776 394 812 banis
415 782 533 811 narrat
558 769 686 808 Strabo
713 769 775 806 lib.
798 780 851 805 xt.
880 767 995 804 multa
1026 774 1139 803 etiam
1184 765 1334 822 collegit

284 825 422 862 Fiam.
451 820 698 860 Ferdinandus
714 816 950 856 de'Cordoua
971 819 1008 855 in
1021 816 1223 854 Didascalta
1237 817 1333 854 mul-

298 876 414 922 tiplici
442 886 520 922 cap.
539 884 653 909 xvxix.
681 871 743 909 ubi
771 870 870 907 hunc
902 868 1032 906 Ovidii
1061 867 1188 906 locum
1220 867 1334 924 citans

296 926 478 963 Abderam
501 922 686 971 Theffaliae
706 922 896 959 civitatem
918 918 1005 957 facit
1022 932 1030 955 :
1059 930 1126 966 pro
1146 928 1248 975 fertis
1264 918 1337 954 dte-

295 977 356 1013 bus
380 1004 390 1021 ,
411 975 522 1025 sacris
545 973 731 1011 Petavian.
760 971 831 1009 Sed
852 971 926 1007 hoc
956 967 1155 1007 Gloffatori
1174 968 1331 1025 redden-

295 1029 398 1065 dum.
429 1027 500 1063 vid.
518 1024 562 1062 ad
575 1024 763 1062 11.Amor.
784 1034 876 1059 xxxx.
891 1032 953 1069 η.ι
975 1019 1192 1076 ubividetut
1212 1020 1331 1057 Hem-

293 1078 362 1116 fius
385 1075 583 1126 significare
624 1076 662 1112 &
691 1074 750 1110 hic
772 1072 869 1119 festis
886 1070 1068 1121 quosdam
1102 1070 1248 1109 codices
1267 1071 1333 1108 ha-

296 1130 405 1173 bere,
434 1127 536 1177 quod
555 1137 630 1162 non
653 1125 807 1173 repperi.
836 1122 964 1160 Euam.

2198 556 2300 642 475
2340 539 2420 597 Ut

1390 663 1593 713 oppugnatio
1611 664 1808 713 perhibetur
1828 666 1998 710 inventa,
2026 667 2088 716 qui
2108 677 2212 705 tanta
2243 669 2284 707 vi
2301 670 2425 720 occisus

1388 715 1432 761 est
1449 714 1472 750 a
1493 714 1663 752 Thebanis
1676 743 1688 761 ,
1716 726 1756 752 ut
1769 716 1943 754 extimus
1951 716 2109 764 fulmine
2128 720 2308 759 diceretur.
2335 724 2425 772 Qua

1392 777 1480 802 vero
1503 765 1550 803 de
1571 765 1672 803 causa
1692 766 1780 813 Jovi
1803 767 2018 806 attributum
2048 770 2090 806 fit
2119 769 2283 817 fulmen,
2311 772 2426 812 docet

1388 816 1526 853 Plinius
1553 816 1612 853 lib.
1631 828 1665 854 2.
1693 828 1769 866 cap·
1790 830 1850 857 20«
1888 824 1989 856 Latet
2007 820 2179 868 plerosque
2195 835 2323 871 magna
2345 824 2424 862 coeli

1388 866 1603 915 affeo‘iatione
1632 877 1841 917 compertum
1867 870 2074 920 principibus
2109 872 2284 910 doetrinae
2310 874 2423 919 viris,

1384 917 1597 966 superiorum
1615 919 1725 954 trium
1737 918 1892 967 fiderum
1911 922 2000 969 ignei
2021 922 2077 971 esse
2090 950 2100 967 ,
2129 923 2190 973 qui
2210 923 2345 961 decidui
2370 926 2419 962 ad

1387 977 1499 1005 terras
1508 968 1708 1015 fulminum
1729 981 1849 1007 nomen
1867 971 2019 1009 habeant
2033 1000 2042 1016 ,
2063 972 2126 1020 sed
2149 975 2304 1012 maxime
2321 989 2363 1012 ex
2381 976 2425 1013 iis

1388 1019 1500 1056 medio
1522 1018 1589 1056 loco
1601 1017 1685 1067 siti,
1703 1019 1856 1069 fortaffis
1869 1047 1879 1065 ,
1907 1023 1991 1071 quia
2006 1024 2202 1074 contagium
2220 1025 2326 1064 nimii
2357 1025 2426 1064 hu-

1389 1070 1495 1107 moris
1513 1083 1555 1106 ex
1573 1070 1736 1119 superiore
1756 1071 1901 1117 circulo,
1929 1085 2035 1122 atque
2055 1076 2192 1112 ardoris
2218 1089 2260 1113 ex
2272 1075 2422 1126 [κό]εέἲο

1384 1129 1443 1169 per
1468 1120 1560 1158 hunc
1587 1122 1730 1159 modum
1761 1133 1874 1170 egerat
1895 1150 1906 1167 ‚
1945 1124 2085 1175 ideoque
2114 1126 2249 1164 diorum
2287 1128 2424 1173 Jovem

345 1190 433 1228 471.
475 1182 556 1214 Aut
587 1176 697 1222 Jovis
731 1172 881 1223 infesti.]
933 1172 1127 1220 Capaneus
1151 1200 1162 1218 ,
1215 1170 1235 1209 a
1267 1172 1332 1218 Jo-
1379 1171 1544 1217 fulmina
1558 1171 1721 1218 jaculari·
1774 1174 2011 1221 Quam‘vere
2036 1188 2113 1214 non
2141 1177 2190 1215 est
2216 1177 2324 1226 hujus
2351 1178 2426 1217 loci

297 1242 344 1268 ve
384 1229 610 1267 fulminatus.
672 1227 766 1263 Item
822 1226 936 1262 Atrax
965 1223 1159 1261 Theffalus
1182 1251 1193 1267 ,

1243 1235 1305 1272 qui
1319 1252 1330 1268 ,

297 1292 385 1318 cum
407 1279 518 1318 filiam
548 1277 757 1315 Dosithoen
787 1274 808 1312 a
835 1275 932 1322 Jove
952 1272 1203 1331 compressam·
1221 1274 1332 1331 dimi-

296 1330 389 1368 sisset
414 1358 424 1375 ,
460 1330 619 1367 fulmine
649 1328 739 1366 tetus
767 1326 827 1364 est.
881 1326 1124 1364 Immunes.
1153 1326 1328 1363 Dixtmus

296 1381 625 1429 Bellerophontem
659 1383 765 1416 antea
798 1377 1048 1425 Hipponoum
1080 1375 1327 1433 appellatum,

296 1441 338 1469 ut
357 1432 488 1469 melius
509 1433 546 1468 &
569 1431 632 1468 hic
647 1458 657 1475 ,
685 1429 851 1478 Hipponoo
866 1455 876 1472 ,
903 1428 1185 1476 qualiscumque
1205 1427 1331 1466 hicfit.

296 1483 538 1521 EGuethtJS.⁸
558 1483 657 1530 Lege
682 1509 692 1524 ,
728 1481 797 1526 infe
826 1479 849 1515 i.
895 1479 1046 1515 CousT.
1075 1478 1169 1515 Fan.
1209 1479 1330 1526 Capa-

295 1546 410 1571 neum
435 1533 594 1580 intellige
611 1560 620 1575 ,
658 1532 719 1580 qui
743 1532 780 1568 in
808 1530 1090 1579 oppugnatione
1111 1528 1331 1585 Thebarum

302 1585 460 1622 fulmine
490 1583 743 1632 praecipitatus
768 1581 858 1624 fuit,
887 1588 1035 1629 propter
1061 1588 1329 1628 arrogantiam;

301 1637 392 1671 Θεσῦ
416 1647 458 1670 τε
479 1637 549 1679 γὰρ
574 1635 734 1674 θέλοντος
762 1633 950 1676 ἐκπέρσειν
979 1631 1107 1674 πόλιν,
1137 1631 1198 1667 καὶ
1221 1634 1268 1674 μῆ
1287 1632 1333 1668 θέ·

302 1690 448 1729 λωντος,
479 1684 640 1728 dixerat,
668 1683 744 1719 οὐδὲ
770 1686 831 1722 τήν
850 1683 929 1726 Διὸς
947 1682 1016 1726 ἔριν
1035 1681 1129 1730 πέδῳ
1147 1681 1337 1725 σκήψασαν,

295 1729 458 1772 ἒκποέῶν
479 1732 636 1781 σχέθειν·
652 1736 720 1777 τοὶς
740 1733 770 1770 ὃ·
793 1735 966 1777 oie-poemia
988 1745 1031 1770 τε
1051 1735 1116 1770 καὶ
1135 1736 1332 1778 κεραυνίους

299 1787 415 1833 βολὲις
431 1816 440 1831 ,
470 1786 727 1832 μεσημβρινοῖσι
748 1786 899 1822 θάλπεσι
927 1784 1157 1828 neon-sinuessa
1178 1812 1188 1828 ‚
1217 1793 1257 1823 ut
1275 1787 1331 1823 in-

299 1839 380 1888 quit
401 1838 601 1887 Aeschylus
618 1865 628 1881 ,
656 1837 693 1873 in
707 1836 854 1884 Septem
875 1836 998 1873 Theb.
1013 1835 1087 1872 Hic
1099 1844 1222 1873 autem
1237 1837 1331 1884 Hip-

302 1891 419 1937 ponoi
431 1888 521 1926 filius
535 1888 666 1926 dicitur
678 1886 697 1924 a
709 1886 878 1924 Pausania
890 1886 1236 1936 inssoeoticis,cujus
1250 1899 1331 1924 ver-

299 1941 343 1977 ba
353 1940 433 1977 sunt
446 1940 535 1976 haec
551 1951 558 1975 ε
572 1939 767 1984 Ἐρχομένῳ
777 1937 817 1974 δὲ
829 1936 869 1972 ἐκ
884 1938 1079 1980 Πλαταίας
1092 1937 1248 1980 ἐ’σοδσςές
1263 1941 1332 1979 τᾶς

305 1991 428 2036 Θήβκς
439 1994 535 2035 μετὰ
547 1991 669 2029 πύλας
678 1990 751 2030 έςιν
765 1990 964 2032 Η’λέκτρκς
977 2017 986 2031 ,
999 1987 1060 2024 καὶ
1070 1991 1189 2029 ταύτῃ
1201 1989 1331 2026 Καπα-

303 2045 365 2078 νέα
389 2043 448 2076 τὶν
469 2042 623 2076 Ιππὸυου
640 2041 840 2084 βιαιοτέρας
851 2041 1045 2082 ποιούμενον
1067 2052 1107 2075 ‘to
1127 2041 1250 2085 ’τεῖχος
1262 2045 1331 2082 τᾶς

303 2091 708 2136 πρεσβολᾶς,βληθῆνκι
739 2092 886 2137 κεραυνῷ
899 2089 1153 2136 λέγουσι,8ζς,
1176 2091 1270 2128 item
1293 2093 1330 2129 in

304 2143 593 2180 Commentariis
612 2141 779 2184 Pindari,
809 2142 895 2178 Ode
909 2153 946 2187 9.
973 2141 1034 2178 ubi
1058 2141 1095 2177 &
1116 2144 1333 2189 genealogia

304 2193 467 2242 ejusdem
489 2191 694 2229 recensetur
710 2191 784 2243 hoc
796 2191 934 2228 modo:
970 2191 1120 2242 Προίτου
1138 2194 1332 2236 Μεγαπέν-

306 2244 381 2287 θης,
410 2238 448 2279 οὗ
477 2239 683 2285 Γππὸνους,
713 2242 964 2283 οὑΚαποινεῦς,
987 2242 1023 2275 οὑ
1045 2242 1234 2283 Στένελσς.
1286 2243 1334 2280 Et

304 2294 400 2342 apud
414 2294 608 2343 Hyginum
624 2294 659 2330 in
673 2291 853 2340 Catalogo
867 2292 1020 2336 ducum,
1033 2292 1094 2340 qui
1108 2291 1222 2329 filium
1240 2293 1335 2341 Hip-

308 2346 424 2393 ponoi
440 2344 698 2392 exAslynome
710 2343 815 2380 Talai
833 2342 918 2386 filia,
939 2342 1077 2379 Adrasti
1090 2342 1214 2380 sorore
1228 2371 1238 2387 ,
1254 2344 1341 2382 dicit

306 2397 485 2433 Micrtt..
523 2395 589 2432 His
603 2394 690 2432 octo
719 2393 1150 2431 verfibusenumerantur
1178 2394 1339 2432 totidem

307 2448 464 2484 fulmine
486 2446 649 2494 percussi.
701 2445 844 2481 Primus
867 2444 918 2481 est
939 2444 1132 2490 Capaneus
1145 2445 1342 2493 Hipponoi

306 2497 399 2535 filius
421 2525 431 2542 ‚
469 2509 580 2546 quem
610 2497 646 2533 in
679 2496 957 2543 oppugnatione
991 2495 1207 2532 Thebarum
1237 2496 1340 2542 Jovis

307 2549 393 2596 igne
433 2545 665 2595 conflagrasse
703 2547 863 2593 produnt
896 2545 1086 2593 Euripides
1117 2545 1340 2592 Phoeniffis,

308 2587 511 2647 Aeschylus
532 2600 567 2635 in
591 2597 690 2633 ἑπτὰ
712 2596 772 2631 ἐπὶ
794 2596 953 2641 Θήβαις,
1008 2595 1197 2634 Diodorus
1225 2597 1285 2634 lib.
1307 2610 1342 2635 v.

308 2650 496 2687 Pausanias
515 2649 550 2686 in
580 2648 765 2685 Boeoticis
786 2675 796 2690 ‚
834 2650 896 2695 qui
931 2648 970 2685 &
994 2648 1189 2694 Hipponoi
1221 2647 1338 2686 filium

309 2702 421 2745 dicit,
450 2700 621 2749 Hyginus
644 2700 680 2735 in
710 2699 878 2745 catalogo
907 2698 1080 2741 Ducum,
1110 2698 1341 2737 Philostratus

310 2752 444 2800 aliique
466 2751 585 2789 multi.
638 2750 740 2786 Hinc
759 2748 927 2796 Papinius
954 2749 1086 2787 librum
1103 2760 1148 2787 11.
1177 2749 1341 2788 Thebai·

309 2803 376 2841 dos
411 2801 458 2839 fic
477 2802 620 2839 orditur
639 2813 659 2836 τ.

359 2873 542 2924 Postquam
565 2872 812 2920 magnanimus
830 2872 942 2918 furias
959 2871 1106 2908 virtutis
1128 2871 1268 2919 iniquae

360 2922 570 2972 Contempfit
588 2930 771 2972 Capaneus
784 2950 795 2967 ,
819 2923 1060 2973 expirantique
1081 2934 1248 2970 receptum

366 2974 514 3012 Fulmen
530 3002 539 3016 ‚
567 2986 608 3013 ey
630 2974 676 3009 ad
697 2986 807 3009 terras
829 2973 923 3020 longe
945 2974 1110 3009 comitata
1129 2974 1308 3010 cadentem

366 3025 529 3074 Signavit
550 3037 665 3061 muros
685 3023 820 3060 ultricis
841 3024 969 3072 semita
990 3023 1166 3072 flammae.

311 3099 372 3137 Ab
391 3099 468 3148 ipso
490 3101 649 3147 primum
674 3098 846 3137 scalarum
869 3099 1187 3146 oppugmtionem
1213 3100 1346 3136 inven-

309 3160 386 3187 tam
415 3151 533 3188 scribit
556 3151 733 3198 vegetius
760 3149 820 3186 lib.
843 3161 893 3184 xv.
931 3160 1007 3196 cap.
1030 3159 1088 3186 21.
1127 3150 1181 3188 his
1203 3150 1343 3188 verbis:

312 3203 374 3237 Sed
397 3202 458 3252 qui
479 3201 581 3250 scalis
613 3201 781 3237 nituntur
800 3200 1006 3249 frequen:er
1033 3201 1221 3242 periculum
1238 3201 1343 3247 [usti-

309 3263 392 3289 nent
413 3282 422 3299 ‚
458 3252 609 3302 exemplo
631 3250 813 3302 Capanei,
851 3250 875 3286 a
894 3264 958 3301 quo
980 3251 1136 3299 primum
1157 3252 1340 3299 scalarum

1387 1221 1576 1270 dispicere.
1629 1223 1711 1260 Nec
1752 1235 1843 1262 vero
1879 1227 2251 1273 praetermittendum
2293 1229 2423 1268 diurna

1387 1273 1543 1311 fulmina
1565 1273 1651 1320 Jovi
1674 1272 1804 1312 tributa
1827 1274 1951 1321 fuisse,
1979 1278 2161 1316 noemma
2192 1279 2423 1325 Summano,

1389 1331 1431 1361 ut
1453 1332 1586 1361 notant
1603 1324 1748 1369 Festus,
1788 1325 1923 1365 Plinius
1947 1327 2008 1366 lib.
2026 1340 2074 1367 11.
2098 1340 2179 1377 cap.
2202 1341 2260 1377 52.
2288 1330 2324 1368 S.
2342 1331 2426 1369 Au-

1383 1374 1543 1423 gustinus
1569 1375 1630 1413 lib.
1648 1387 1704 1414 tx.
1739 1387 1817 1425 cap.
1838 1388 1898 1426 23.
1935 1378 1982 1417 de
2003 1379 2167 1418 Civitate
2181 1380 2254 1419 Dei
2270 1408 2283 1426 ,
2320 1381 2424 1430 cujus

1384 1426 1494 1463 verba
1512 1425 1622 1465 sunt:
1676 1427 1963 1466 Romani-veteres
1993 1430 2099 1478 nescio
2129 1444 2233 1481 quem
2262 1438 2426 1469 Summa-

1385 1489 1497 1520 num,
1523 1477 1579 1514 cui
1606 1480 1779 1515 noeturna
1801 1478 1964 1526 fulmina
1995 1480 2221 1526 tribuebant,
2248 1481 2426 1519 coluerunt

1388 1529 1499 1576 magis
1520 1541 1628 1579 quam
1648 1529 1784 1574 Jovem
1797 1558 1808 1575 ,
1835 1530 1883 1566 ad
1900 1545 2002 1582 quem
2031 1532 2162 1570 diurna
2174 1531 2338 1578 fulmina
2347 1541 2426 1582 per·

1390 1578 1540 1617 tineam.
1593 1580 1816 1618 Provorsum
1848 1591 1974 1619 autem
2025 1584 2170 1621 fulmen
2217 1583 2390 1622 dicebant
2408 1611 2422 1630 ‚

1388 1630 1492 1677 quod
1521 1631 1704 1668 incertum
1736 1639 1839 1675 erat,
1876 1632 1993 1671 nostu
2019 1645 2065 1672 an
2094 1633 2253 1672 interdiu
2282 1634 2424 1672 factum

1388 1679 1487 1718 esset.
1543 1681 1744 1720 SALVAGN.
1779 1682 1925 1733 Hipponi
1941 1684 2069 1733 legunt
2089 1684 2254 1722 Alciatus
2281 1685 2320 1722 δε
2351 1686 2425 1724 alii.

1389 1731 1474 1768 vide
1495 1731 1632 1769 Valerii
1657 1742 1776 1771 notas.

1439 1794 1525 1828 471.
1554 1783 1708 1833 Insesti.]
1740 1783 1970 1834 Insenstunus
1988 1784 2147 1823 Gallicus
2160 1785 2295 1831 codex,
2316 1793 2355 1824 ut
2366 1790 2428 1824 toi

1386 1833 1586 1921 tie'srirfktus
1617 1835 1756 1922 {upiter
1784 1834 1914 1874 dieiuS.
1941 1836 2002 1875 sed
2021 1836 2109 1874 nihil
2140 1845 2267 1875 tamen
2304 1845 2428 1876 muto.

1390 1895 1420 1921 1.
1479 1895 1506 1922 ri
1539 1897 1597 1922 .1.
1646 1897 1680 1924 2.

1434 1968 1495 2000 Me
1514 1975 1586 2000 reor
1604 1963 1722 2011 infesto
1735 1991 1746 2009 ,
1772 1977 1849 2002 cum
1871 1975 1973 2002 tonat
1986 1993 1996 2010 ,
2024 1965 2100 2014 igne
2116 1967 2200 2016 peti.

1385 2026 1522 2066 Burin,

1446 2103 1526 2136 172.
1566 2092 1805 2142 Dofithoesque
1831 2092 1978 2143 parem]
2015 2094 2286 2147 Thefiploilesque
2311 2103 2426 2146 patet&

1389 2142 1506 2179 Atrax
1526 2142 1734 2181 Thessaliae
1751 2156 1812 2181 rex
1826 2171 1836 2187 ,
1866 2153 1966 2191 pater
1988 2145 2252 2192 Hippocratiae
2275 2148 2429 2197 (Hippo-

1389 2192 1553 2239 damiae)
1591 2205 1701 2241 quam
1723 2195 1904 2231 Pirithous
1928 2195 2032 2231 duxit
2064 2207 2220 2234 uxorem
2238 2225 2248 2241 ,
2287 2199 2428 2246 primus

1390 2242 1488 2288 apud
1508 2243 1656 2281 Atracas
1679 2251 1794 2280 artem
1813 2244 1991 2292 magicam
2017 2243 2166 2290 docuit,
2194 2247 2293 2285 unde
2321 2251 2430 2288 Atra·

1394 2293 1447 2329 cia
1471 2294 1617 2330 scientia
1638 2296 1779 2341 magica
1801 2295 1848 2332 est
1861 2295 2050 2343 appellata.
2078 2296 2163 2333 ideo
2187 2298 2340 2343 Statius,
2371 2305 2429 2337 A·

1394 2343 1507 2379 tracia
1539 2344 1636 2380 rubet
1668 2355 1744 2380 arte
1773 2345 1880 2382 labor.
1908 2349 1936 2382 is
1966 2346 2073 2393 igitur
2104 2358 2190 2386 cum
2213 2348 2324 2387 filiam
2349 2351 2428 2399 eJ'us

1393 2394 1534 2440 Jupiter
1570 2394 1831 2442 compressisset
1864 2396 2103 2444 Thesiphilen
2131 2425 2142 2442 ,
2186 2410 2281 2448 quae
2313 2401 2428 2439 etiam

1394 2445 1543 2491 Thyon
1565 2445 1611 2482 est
1638 2446 1812 2493 appellata
1836 2473 1846 2489 ,
1883 2446 1981 2484 unde
2012 2447 2238 2487 Aristarchus
2273 2451 2430 2500 Thyades

1394 2494 1631 2533 sacrificantes
1650 2496 1912 2534 nacchodietas
1931 2499 2005 2541 ait,
2035 2499 2073 2535 δε
2096 2500 2139 2536 ab
2158 2500 2314 2548 Orpheo
2338 2503 2430 2549 My-

1396 2545 1432 2582 se
1454 2556 1661 2592 nuncupata
1677 2575 1685 2589 ‚
1717 2549 1754 2584 &
1776 2548 1824 2584 ob
1856 2559 1937 2585 earn
1963 2547 2103 2586 causam
2137 2547 2156 2586 a
2173 2550 2207 2587 se
2230 2551 2427 2600 rejecisset,

1395 2595 1498 2642 Jovis
1519 2596 1608 2633 ic‘tus
1630 2597 1786 2635 fulmine
1815 2599 1919 2635 obiit.
1947 2607 1985 2635 ut
2017 2597 2228 2636 Lactantius
2253 2604 2291 2638 ὅ(
2323 2611 2428 2642 vetus

1396 2648 1571 2694 interpres
1593 2647 1762 2687 scribunt.
1806 2648 1960 2685 ZAROT.
1988 2648 2130 2686 Atracis
2153 2652 2189 2686 6<
2212 2650 2269 2688 alii
2293 2653 2429 2690 memi-

1395 2705 1549 2741 nerunt,
1577 2698 1613 2734 ὅ(
1637 2697 1839 2746 Stephanus
1861 2699 1907 2735 de
1927 2698 2084 2736 Urbibus
2099 2727 2108 2743 ‚
2138 2701 2199 2748 qui
2222 2699 2338 2740 filium
2358 2704 2427 2742 Pe-

1397 2748 1457 2785 nei
1478 2747 1538 2785 flu.
1557 2747 1666 2791 dicit,
1695 2761 1739 2785 ex
1763 2749 1854 2785 Bura
1874 2750 2038 2796 nympha
2063 2761 2071 2785 ε
2113 2752 2156 2788 ab
2176 2763 2299 2801 eoque
2320 2753 2428 2792 Atra-

1398 2799 1492 2836 ciam
1526 2798 1654 2835 urbem
1683 2793 1892 2836 Tneffali'ae
1912 2800 2141 2848 appellatam.
2198 2802 2268 2840 Sed
2290 2803 2335 2841 de
2356 2810 2430 2842 Do-

1387 2848 1499 2896 sttboe
1525 2848 1625 2897 (five
1647 2858 1686 2885 ut
1703 2850 1873 2886 Zarottus
1893 2850 2004 2897 legit,
2033 2849 2240 2900 Thefiphile)
2269 2863 2427 2900 praeter-

1398 2911 1507 2948 quam
1533 2910 1627 2947 quae
1643 2899 1701 2936 hic
1724 2900 1902 2943 citantur,
1932 2900 2016 2937 alias
2036 2903 2123 2939 nihil
2151 2903 2303 2950 reperio.
2344 2904 2429 2942 Ful-

1400 2952 1502 2987 mine
1519 2959 1642 2987 autem
1678 2949 1817 2997 periisse
1854 2951 2067 2994 traduntur,
2097 2962 2237 3000 praeter
2257 2965 2430 3004 eosquo-

1400 3012 1480 3037 rum
1504 3000 1736 3037 mentionem
1762 3002 1921 3039 Ovidius
1942 3002 1999 3039 hic
2013 3003 2120 3046 facit,
2149 3014 2231 3040 cuni
2254 3004 2429 3044 alticom-

1400 3051 1544 3098 plures,
1571 3059 1651 3088 tum
1682 3053 1718 3088 &
1751 3051 2008 3099 Aesculapius,
2037 3064 2083 3089 eo
2113 3053 2216 3099 quod
2238 3054 2429 3106 Hippoly-

1399 3110 1479 3139 tum
1505 3103 1539 3138 in
1568 3101 1681 3138 vitam
1709 3101 1910 3140 revocasset
1939 3103 2142 3140 medicandi
2178 3113 2277 3148 arte,
2316 3107 2355 3144 δε
2377 3108 2430 3145 Ε-

1398 3152 1590 3189 rechtheus
1615 3153 1892 3190 Atheniensium
1914 3165 1999 3197 rex,
2028 3153 2064 3190 in
2083 3153 2177 3190 hello
2199 3165 2327 3194 contra
2353 3159 2430 3196 Eu-

1398 3203 1565 3251 molpum
1599 3205 1635 3240 δε
1657 3204 1820 3243 Thraces
1841 3232 1849 3248 ,
1890 3206 2053 3250 Neptuni
2077 3205 2255 3251 impulsu,
2284 3217 2324 3245 ut
2345 3209 2431 3258 Hy-

1395 3255 1502 3301 ginus
1520 3262 1682 3293 annotat.
1735 3255 1830 3293 ltem
1856 3254 2027 3302 Orpheus
2048 3282 2058 3300 ,
2095 3257 2326 3304 quorundam
2350 3259 2430 3295 sen-

2350 3318 2430 3347 ten«
