2547 3708
620 135 1529 193 PRAEFATIONES
1873 110 1875 112 ’
2033 166 2124 216 ιη

29 239 190 309 positas
220 232 487 280 metiuntur.
554 231 716 293 Itaque
735 231 918 280 &illud
939 235 1036 297 jam
1061 233 1216 296 paffim
1245 234 1344 282 fieri
1370 236 1603 293 videmus,
1637 248 1689 285 ut
1715 235 2009 299 ineptorum,
2044 259 2122 288 ne-

29 303 133 370 quid
156 298 274 349 aliud
294 298 441 343 dicam
458 330 472 355 ‚
507 295 761 356 librorum,
795 313 960 361 magna
981 314 1034 344 ac
1061 300 1161 346 vilis
1186 300 1358 363 ubique
1386 318 1564 349 annona
1589 302 1670 363 fir,
1706 301 1947 349 meliorum
1972 318 2123 353 autem

25 383 158 433 atque
182 362 420 411 utiliorum
448 362 564 406 ratio
589 377 737 424 prope
761 362 884 409 nulla
907 363 1139 409 habeatur.

87 429 231 494 Atqui
251 425 372 490 apud
393 425 587 470 eundem
612 427 798 487 poe'tam
817 460 832 485 ,
865 440 918 474 ut
942 427 1104 473 eodem
1132 428 1238 474 loco
1264 444 1496 491 narratur,

197 489 276 541 Τὸν
299 484 452 549 φθόνον
476 488 521 537 03'
540 490 704 538 πάλλων
728 484 879 539 mdc‘r’
903 489 1067 548 ἤλασεν
1093 487 1174 558 ᾧὸε
1198 492 1236 540 τ’
1260 491 1414 555 ἔειπεν,

195 554 396 609 Aoi-voi&
417 549 605 618 ω’ἵᾷμοῖο
619 554 759 615 μέθας
778 557 903 620 ῥόῦὴ
937 556 1061 606 olma]
1083 557 1137 604 πὶ
1165 561 1311 607 ’πολλοὶ

195 619 385 685 Λόμαπε
405 623 486 684 γῆς·
508 621 577 680 »(ρᾷ
600 623 767 669 πολλόν
787 619 858 678 ἐφ’
879 614 1007 670 Mara
1034 626 1250 685 συρφετόν
1271 622 1397 673 ἕλκει.

23 687 205 746 Quibus
224 686 372 734 verbis
404 687 523 732 idem
548 687 688 748 poeta
719 685 833 732 illud
868 688 1084 734 nimirum
1106 690 1257 735 innuit
1278 707 1329 737 ac
1353 703 1541 736 monet:
1579 689 1699 736 Non
1728 689 2047 754 magnitudine
2070 708 2122 739 ae

23 753 228 802 versuum
251 748 446 798 numero
477 751 752 813 scriptorum
784 766 923 813 opera
954 753 1175 799 aestimari
1200 753 1391 813 debere,
1427 754 1498 800 sed
1523 755 1697 801 virtute
1739 771 1791 801 ac
1815 757 1962 817 pretio
1984 772 2121 820 quae·

19 834 106 882 que
130 817 210 864 suo
240 814 457 863 censenda
479 815 577 860 esse.
644 815 893 878 Propterea
916 818 1040 878 quod
1057 851 1071 877 ‚
1107 819 1496 881 quemadmodum
1525 819 1572 864 in
1598 819 1785 866 modico
1812 819 1938 883 saepe
1972 820 2123 884 figillo

17 885 122 947 plus
141 883 373 946 aliquanto
398 880 569 944 gratiae
591 892 729 942 atque
752 879 858 925 artis
882 878 1032 927 elucet
1048 916 1063 941 ,
1097 899 1232 945 quam
1259 884 1306 929 in
1329 881 1551 929 immenso
1574 899 1626 929 ac
1651 884 1908 948 ponderoso
1932 885 2122 933 coloffo:

16 951 81 995 ita
101 947 218 994 &in
240 946 364 993 brevi
388 943 631 1007 aliquando
655 943 860 1008 pagella,
897 947 1144 1009 paucisque
1174 947 1404 1008 versibus,
1438 948 1538 1011 plus
1566 948 1736 1011 ingenii
1768 962 1903 1012 atque
1937 949 2123 1014 elegan-

18 1013 132 1072 tiae,
166 1027 300 1074 quam
325 1009 428 1055 alibi
456 1009 504 1055 in
536 1023 705 1071 magno
740 1022 880 1071 atque
912 1011 1104 1072 operoso
1136 1012 1396 1071 volumine,
1431 1012 1650 1059 cernitur.
1718 1013 1890 1077 Neque
1920 1015 2041 1061 enim
2066 1028 2126 1063 ut

19 1077 214 1141 quicque
239 1074 415 1137 prolixe
439 1073 657 1119 traditum
695 1089 746 1119 ac
778 1074 1017 1122 dilatatum
1054 1076 1146 1134 est,
1181 1077 1244 1124 ita
1278 1078 1506 1124 continuo
1542 1076 1796 1140 perfeetum
1827 1079 1947 1124 idem
1984 1091 2122 1143 atque

16 1141 260 1188 eruditum.
330 1139 455 1184 Nam
484 1139 531 1183 ὃς
558 1151 675 1184 terra
697 1138 966 1202 plerumque
987 1156 1063 1187 eos
1085 1141 1258 1189 fructus
1280 1142 1428 1189 minus
1455 1141 1658 1205 sapidos,
1694 1158 1941 1206 parumque
1964 1157 2121 1207 gratos

16 1205 138 1265 edit,
171 1220 283 1267 quos
305 1204 397 1248 aliis
424 1203 469 1248 in
493 1201 654 1248 eodem
678 1218 846 1266 genere
872 1206 1091 1268 majores,
1126 1220 1204 1252 aut
1232 1207 1512 1269 copiosiores
1543 1207 1776 1269 producit.
1822 1208 2121 1271 Elanguescit

16 1273 136 1317 enim
164 1270 303 1316 virtus
323 1266 553 1314 distracta:
577 1267 813 1331 minusque
835 1281 966 1314 tanto
990 1272 1105 1317 vires
1127 1287 1332 1334 quaeque
1354 1271 1754 1334 poffunt,quanto
1778 1271 1926 1334 plures
1950 1274 1996 1318 in
2019 1289 2121 1336 par-

16 1349 81 1382 tes
101 1333 439 1397 disperguntur.
509 1332 657 1389 Quod
684 1331 714 1378 fi
737 1334 881 1395 igitur
909 1335 1001 1380 hoc
1028 1335 1082 1381 fit
1107 1337 1155 1382 in
1180 1337 1258 1395 iis,
1293 1336 1459 1399 quibus
1484 1335 1577 1398 ipsa
1599 1349 1759 1382 natura
1783 1335 1992 1382 nascendi
2021 1338 2119 1384 vim

15 1415 66 1448 ac
85 1398 248 1445 semina
272 1396 556 1460 suppeditat:
594 1410 766 1461 quanto
791 1398 911 1444 idem
938 1401 1081 1464 magis
1107 1402 1289 1447 evenire
1313 1399 1570 1464 putandum
1594 1400 1658 1446 est
1679 1401 1726 1446 in
1747 1400 1991 1462 illis‚quae
2017 1401 2120 1448 lon-

17 1477 74 1528 ge
95 1463 327 1561 ipnferiores
359 1475 487 1509 ortus
510 1475 648 1526 atque
681 1462 940 1526 progressus
973 1465 1171 1524 habent,
1207 1464 1379 1530 usuque
1401 1465 1545 1512 solum
1579 1478 1714 1529 atque
1745 1477 1841 1511 arte
1867 1464 2121 1528 perficiun-

16 1544 110 1576 tur.
171 1573 174 1576 .

83 1593 238 1654 Qare
263 1593 307 1638 in
338 1591 596 1656 judicandis
631 1591 908 1657 scriptorum
944 1594 1175 1642 laboribus
1211 1613 1306 1642 non
1340 1595 1515 1658 semper
1545 1593 1598 1641 ad
1625 1593 1871 1641 voluminis
1902 1594 2120 1658 modum,

19 1671 95 1705 aut
119 1658 172 1704 ad
198 1656 404 1704 versuum
429 1657 775 1704 multitudinem
812 1676 864 1705 ac
899 1675 1139 1706 numerum
1176 1659 1482 1724 aspiciendum
1517 1658 1606 1705 est:
1643 1658 1714 1705 sed
1740 1658 1849 1704 illud
1878 1662 2031 1722 potius
2052 1661 2123 1707 vi—

15 1723 236 1782 dendum,
270 1721 537 1785 susceptone
568 1725 696 1786 operi
727 1723 826 1770 satis
859 1726 959 1788 quis
994 1724 1155 1772 fecerit
1185 1743 1195 1772 :
1232 1743 1286 1772 an
1311 1741 1471 1789 parum
1508 1725 1576 1783 ei,
1612 1723 1737 1787 quod
1770 1723 1956 1786 sumpsit
1990 1741 2119 1788 prae-

14 1787 216 1835 standum
232 1820 248 1846 ‚
281 1786 578 1850 responderit.
1018 1806 1020 1809 ·

17 1875 20 1879 ·
75 1854 321 1914 Praecipue
343 1865 494 1898 autem
519 1853 565 1898 in
588 1853 679 1899 hoc
706 1854 1049 1901 commentandi
1072 1870 1265 1918 genere,
1301 1855 1416 1920 ipsae
1438 1871 1504 1901 res
1528 1855 1671 1918 magis
1696 1869 1829 1914 quam
1861 1853 1997 1900 verba
2022 1852 2120 1917 spe-

12 1916 172 1964 &anda
197 1916 323 1962 sunt:
360 1916 484 1979 quod
507 1916 618 1963 haec
646 1917 860 1968 tractatio
893 1935 987 1965 non
1020 1921 1066 1965 in
1086 1921 1333 1966 verborum
1359 1921 1407 1966 ὃς
1430 1921 1650 1965 orationis
1683 1917 2117 1978 commendatione,

13 1982 83 2027 sed
115 1983 160 2028 in
188 1995 335 2026 rerum
375 1981 684 2042 explicatione
718 1982 999 2043 potiffimum
1036 1982 1248 2029 versetur.
1318 1985 1381 2030 Et
1415 1995 1468 2028 ut
1500 1984 1546 2028 in
1585 1982 1761 2028 circulo
1795 1981 2028 2040 videmus,
2063 1996 2117 2029 ut

13 2061 216 2108 quaeque
242 2058 403 2090 centro
427 2046 648 2091 viciniora
671 2048 801 2105 sunt,
838 2047 900 2092 ita
924 2048 1121 2093 minores
1144 2049 1370 2106 ambitus,
1403 2048 1726 2108 brevioresque
1750 2061 1891 2109 gyros
1915 2047 2116 2094 circum-

17 2110 113 2156 aSca
136 2107 341 2155 efficere:
379 2110 440 2155 ita
462 2109 611 2155 &illa
637 2126 751 2173 quae
774 2112 821 2155 in
842 2111 1152 2173 explicatione
1185 2112 1460 2176 scriptorum
1494 2111 1762 2157 sententiam
1797 2127 1848 2156 ac
1881 2126 1973 2156 rem
2008 2127 2117 2174 pro-

15 2174 208 2237 pofitam
232 2174 401 2219 certius
425 2189 476 2218 ac
499 2175 688 2235 propius
710 2176 1024 2238 contingunt,
1060 2177 1239 2223 minore
1266 2177 1512 2223 verborum
1534 2174 1754 2238 ambage,
1792 2190 1940 2238 neque
1961 2175 2117 2221 eadem

11 2239 176 2302 ubique
205 2238 471 2300 prolixitate
499 2239 737 2299 indigent,

200 2303 371 2353 A‘vrasq
394 2302 471 2369 >aig
494 2306 511 2347 ὁ
531 2300 697 2362 4486&
724 2306 799 2354 τῆς
822 2296 1030 2360 αἷληθεᾶας
1054 2301 1175 2362 ἔφυ,

199 2369 243 2413 K'
259 2368 285 2416 κ’
307 2368 510 2416 ποικίλων
532 2361 596 2415 δεῖ
617 2360 762 2428 οἷνῶχ’
782 2364 1139 2435 ἑξμηνώμαῖτωνε

12 2432 81 2480 Ut
106 2432 256 2495 inquit
283 2435 539 2497 Euripides.
1330 2473 1333 2474 γ

79 2499 248 2560 Neque
269 2515 358 2562 ego
383 2515 507 2549 nunc
532 2498 587 2544 de
611 2499 826 2546 omnibus
847 2500 958 2546 haec
987 2500 1183 2564 intelligi
1207 2501 1346 2559 volo,
1362 2500 1439 2562 qui
1468 2500 1513 2544 in
1539 2499 1630 2544 hoc
1651 2498 1995 2545 commentandi
2024 2497 2115 2545 stu-

14 2560 89 2607 dio
113 2561 372 2623 versantur,
406 2565 630 2627 bonisque
657 2577 793 2628 atque
816 2566 1014 2627 antiquis
1038 2565 1272 2612 autoribus
1296 2564 1578 2627 explicandis
1603 2579 1788 2625 operam
1820 2563 1939 2610 suam
1967 2563 2118 2610 collo-

13 2639 132 2672 cant.
203 2627 374 2691 Neque
398 2630 520 2675 enim
544 2631 741 2692 ignoro,
777 2628 993 2691 quosdam
1023 2631 1070 2675 in
1093 2631 1185 2677 hoc
1209 2646 1377 2694 genere
1402 2629 1654 2692 prolixeac
1688 2628 1873 2691 copiose
1898 2628 2118 2692 quaedam

13 2705 118 2735 cum
142 2692 286 2738 multa
307 2692 352 2739 ὅτ
375 2694 447 2740 sua
471 2695 628 2753 laude,
664 2694 710 2740 ὃς
735 2694 1041 2740 studiosorum
1065 2695 1266 2741 utilitate
1290 2692 1542 2758 protulisse.
1611 2692 1786 2739 Verum
1815 2693 1902 2739 illis
1932 2691 2117 2755 respon-

13 2753 211 2800 dendum
239 2755 329 2802 hoc
355 2758 462 2804 loco
484 2759 670 2822 putavi,
706 2760 784 2823 qui
809 2775 916 2805 cum
939 2759 1134 2805 aliorum
1162 2759 1329 2821 scripta
1350 2757 1592 2821 judicant,
1627 2772 1682 2802 ex
1708 2758 1965 2803 chartarum
1996 2755 2117 2802 mul-

13 2818 210 2865 titudine
229 2835 282 2864 ac
308 2836 498 2867 numero
524 2824 723 2870 laborem
750 2837 886 2886 atque
912 2840 1097 2886 operam
1123 2823 1475 2885 uniuscuiusque
1501 2822 1761 2868 aestimant:
1797 2837 1904 2867 eum
1930 2820 2118 2867 demum

14 2881 280 2947 scriptorem
307 2887 516 2947 praemiis
544 2904 595 2933 ac
627 2889 759 2934 laude
781 2888 975 2951 dignum
1000 2889 1293 2946 arbitrantes,
1313 2881 1362 2933 ‘fi
1388 2888 1488 2951 quis
1522 2885 1785 2932 immensam
1819 2885 2014 2948 aliquam
2040 2901 2119 2932 va-

16 2947 77 2992 rie
95 2961 229 3010 atque
255 2950 560 3012 undecunque
582 2953 937 2999 consarcinatam
954 2987 970 3011 ,
1005 2953 1389 3017 decempedisque
1416 2951 1561 3014 magis
1596 2966 1730 3014 quam
1768 2949 1966 2997 verfibus
1991 2965 2122 2995 men-

17 3009 240 3058 surandam
268 3014 607 3078 Rhapsodiam,
641 3016 688 3060 in
709 3015 912 3063 medium
940 3018 1062 3065 forte
1087 3018 1327 3080 produxit.
1391 3015 1538 3074 (Quafi
1560 3031 1669 3061 vero
1696 3015 1894 3080 ejusdem
1922 3029 2118 3078 operae,

22 3075 300 3140 ejusdemque
337 3081 515 3143 negotii
551 3079 634 3137 fit,
670 3078 726 3125 de
758 3081 941 3140 multis,
977 3082 1027 3129 &
1052 3099 1148 3129 non
1181 3085 1246 3130 ita
1281 3081 1484 3129 obscuris
1519 3079 1650 3125 rebus
1682 3096 1848 3144 magna
1882 3079 2118 3126 volumina

25 3141 286 3209 cptupilare,
323 3145 370 3190 ὅ(
393 3160 461 3191 res
487 3145 535 3190 in
559 3143 708 3208 specie
730 3144 916 3207 quidem
944 3149 1158 3211 exiguas,
1194 3163 1242 3194 re
1263 3146 1356 3210 ipsa
1385 3157 1538 3193 autem
1562 3144 1803 3207 impeditas
1836 3157 1972 3207 atque
1995 3141 2117 3189 diffi-

25 3200 150 3263 ciles,
180 3208 326 3256 verbis
349 3209 397 3258 ἃ
422 3208 802 3274 interpretatione
828 3210 1061 3260 manifesta
1083 3229 1136 3261 ac
1163 3225 1289 3260 certa
1323 3210 1569 3276 explicare.
1637 3210 1858 3269 Quorum
1892 3210 1983 3257 hoc
2011 3205 2117 3316 gui-

96 3303 99 3305 -
1264 3277 1296 3324 S
2043 3284 2117 3316 em
