2547 3708
632 167 1644 259 ,PRAEFATIONES‘
2070 194 2170 259 '193‘

46 298 47 301 ,
70 262 277 335 julad&
313 260 545 327 Qiae‘de-
564 264 815 314 Macrobio
848 263 929 313 iste
959 263 1195 330 descripsit
1227 267 1284 314 de
1304 269 1557 317 draconum
1585 269 1770 329 formis,
1804 269 1919 317 nihil
1944 271 2000 319 ad
2026 272 2164 337 hujus

44 339 159 389 ssloci
194 335 369 383 Faciunt
402 329 758 396 expolitionem.
827 331 974 390 Qiod
1006 346 1118 379 vero
1151 335 1352 380 maxime
1383 336 1449 382 est
1470 334 1791 394 necesii'nium,
1825 336 1943 381 nihil
1967 341 2162 401 exponit

42 391 46 453 l
65 403 204 470 qualis
228 402 274 446 in
311 399 418 445 aede
441 397 733 461 Aesculapius
757 398 1000 443 coleretur.
1067 396 1212 443 Fatue
1236 411 1387 445 autem
1413 402 1585 446 colitur
1605 416 1690 462 pro
1715 399 1954 446 colebatur
1977 405 2157 463 posuit,

62 484 166 517 curri
183 463 470 527 Aesculapius
495 461 716 526 nusquam
740 477 862 508 nunc
884 462 1066 507 colatur
1079 461 1192 521 ,nisi
1220 461 1343 509 forte
1372 464 1545 510 insanus
1567 465 1649 510 iste
1669 465 1733 510 illi
1757 465 1966 527 quotidie
1987 466 2156 512 sacrifi-

40 523 158 590 2‘cat,
193 543 245 576 ut
284 527 367 575 fibi
400 529 566 574 mentis
599 526 757 573 sanitas
787 527 1078 583 restituatur,
1113 541 1201 588 qua
1231 526 1376 588 ipsum
1412 544 1563 575 carere
1596 530 1731 575 etiarn
1768 529 1892 592 quod
1916 527 2157 593 subjicitur

59 594 268 644 ostendit.
338 592 412 638 Ad
437 592 610 655 templa
634 590 848 655 operosa,
882 604 1022 651 opere
1046 591 1197 652 inquit
1219 591 1482 639 ellaborata.
1541 594 1742 657 Templa
1766 609 1963 657 namque
1986 610 2154 658 opero-

57 660 98 707 sa
121 660 340 705 dicuntur
365 658 523 703 multis
544 657 760 719 operibus
776 655 1020 717 multoque
1045 653 1200 700 labore
1221 656 1447 704 conscela.
1515 657 1637 704 Cum
1665 673 1775 706 vero
1800 658 2045 707 ellaborata
2072 674 2155 723 per

54 723 220 786 duplex
254 723 287 769 ll
320 720 485 768 scribat
507 731 539 779 ,⁶
567 720 700 767 facile
744 719 944 765 declarat
977 718 1020 764 se
1052 734 1146 764 non
1184 721 1333 767 minus
1366 721 1589 769 scribendi
1625 738 1760 786 quam
1804 723 2023 786 loquendi
2066 723 2151 771 esse

52 787 316 851 imperitum
333 820 349 846 ,
382 785 455 832 sed
491 785 540 831 &
570 785 651 830 iste
677 784 727 831 &
748 784 822 830 alii
847 782 1106 830 barbarismi
1129 785 1176 829 in
1198 784 1514 846 librariorum,
1551 800 1604 834 ut
1629 788 1755 846 dixi,
1789 789 2012 834 incuriam
2033 787 2153 835 refe-

49 866 220 899 rantur.
289 851 373 898 Illa
403 865 512 898 vero
536 864 671 911 quam
695 846 937 894 accurata?
970 863 1106 910 quam
1130 861 1235 911 apta
1259 850 1322 895 est
1345 851 1590 913 expositio.
1659 853 1786 899 Deus
1812 867 1987 898 aureus.
2055 853 2147 899 Ce-

48 917 201 964 ruleus
222 916 372 980 inquit
388 948 402 974 ,
436 926 490 960 ut
511 912 657 959 solent
686 912 928 975 serpentes.
996 911 1128 970 Qid
1151 913 1237 959 isto
1261 913 1491 962 insulsius?
1528 916 1746 963 Ceruleus
1771 931 1967 979 namque
1987 915 2043 964 ab
2066 933 2146 964 au-

47 994 124 1029 reo
147 980 209 1028 fic
231 981 296 1026 est
316 977 540 1037 diversuS,
575 990 628 1024 ut
650 977 821 1024 nullam
845 993 952 1023 cum
976 977 1056 1023 illo
1078 977 1242 1024 habeat
1269 977 1551 1027 affinitatem.
1619 981 1798 1028 Verum
1823 982 1965 1043 poeta
1989 981 2043 1027 ad
2066 998 2145 1029 au-

45 1059 172 1092 reum
207 1043 497 1091 simulacrum
531 1041 708 1088 alludit.
777 1041 867 1090 Sed
893 1057 950 1088 ne
972 1040 1046 1088 illa
1067 1041 1251 1105 quidem
1276 1044 1391 1090 citra
1416 1045 1624 1108 ineptias.
1692 1046 1747 1090 In
1768 1043 1972 1107 serpente
1998 1048 2142 1094 Deus.

44 1110 92 1156 in
120 1109 337 1173 serpentis
369 1107 580 1154 formam.
647 1107 803 1153 Immo
839 1122 949 1154 vero
983 1107 1032 1152 in
1064 1106 1268 1169 serpente
1293 1107 1429 1154 deum
1457 1109 1583 1155 fuisse
1610 1109 1750 1172 poe'ta
1769 1110 1847 1155 ait.
1915 1110 2025 1156 Nec
2049 1110 2140 1157 illa.

43 1173 231 1222 Littora
246 1172 462 1234 Scyllaea.
496 1170 709 1234 scopulus
724 1171 928 1235 Scyllae,
943 1169 972 1217 si
994 1171 1124 1217 aliter
1145 1187 1376 1235 exponere
1396 1174 1579 1220 nolebat
1593 1206 1608 1231 ,
1640 1172 1793 1219 saltem
1821 1188 1902 1236 per
1921 1175 2140 1222 accusati-

37 1253 149 1286 vum
183 1237 473 1284 enunciasset.
548 1235 683 1296 Qiae
714 1252 823 1284 vero
855 1235 1095 1299 subjicitur
1132 1237 1254 1283 estne
1277 1236 1507 1302 expositio
1542 1254 1598 1283 an
1623 1237 1834 1284 confusio
1868 1239 2023 1301 potius
2056 1255 2136 1302 ap·

40 1301 273 1367 pellanda?
300 1302 498 1364 Japygia
531 1302 682 1364 inquit
713 1318 737 1347 a
766 1301 905 1363 Japte
938 1299 1105 1347 Dedali
1143 1299 1270 1360 filio,
1302 1316 1354 1348 ut
1385 1303 1559 1349 Plinius
1591 1301 1778 1363 scribit,
1811 1317 1862 1347 ea
1890 1318 1915 1347 a
1947 1303 2138 1351 Graecis

2 1383 8 1392 ·
38 1366 261 1430 Messapia
283 1378 448 1413 vocata
470 1365 564 1425 est,
599 1364 759 1412 austor
785 1366 1197 1428 Strabo,quamvis
1221 1367 1391 1413 Plinius
1406 1367 1674 1429 Messapiam
1699 1365 1863 1412 scribat
1877 1365 2137 1415 Calabriam

2 1467 4 1470 -
39 1430 123 1478 efl‘e
143 1447 168 1478 a
189 1430 308 1477 duce
329 1431 617 1494 appellatam.
686 1430 818 1490 Qid
842 1432 1044 1495 primum
1069 1431 1117 1475 in
1150 1430 1232 1477 ista
1262 1432 1589 1493 reprehendam
1615 1428 1935 1494 expositione?
1962 1432 2139 1479 Omnia.

39 1492 229 1559 namque
253 1495 407 1542 forent
437 1494 688 1543 transverso
715 1496 889 1542 calamo
914 1495 1137 1553 notanda,
1175 1511 1280 1542 cum
1306 1512 1451 1560 neque
1481 1513 1506 1543 a
1521 1497 1659 1559 Japte
1674 1495 1898 1558 Japygia,
1920 1493 1992 1540 sed
2013 1511 2037 1542 a
2056 1497 2135 1556 Ja-

0 1589 4 1622 3
38 1566 159 1625 pyge
181 1560 346 1607 Dedali
374 1559 473 1607 filio
496 1561 702 1619 dicatur,
738 1560 786 1607 ὃς
810 1559 1080 1607 Strabonem
1096 1561 1391 1623 Pliniumque
1415 1563 1642 1619 invertat,
1666 1560 1714 1606 &
1739 1560 1786 1604 in
1810 1558 1995 1622 singulis
2017 1561 2133 1608 nihil

34 1625 148 1672 mihi
180 1624 245 1671 est
269 1626 626 1672 immorandum.
677 1625 839 1678 *Fatua
863 1624 1049 1688 quidem
1080 1625 1172 1685 est,
1197 1626 1343 1677 ,etiam
1370 1625 1458 1672 illa.
1527 1626 1668 1672 Levis
1692 1625 1838 1670 remis.
1906 1625 1963 1670 In
1986 1624 2133 1672 levam

2 1692 206 1752 'partem
244 1690 605 1754 remigantibus,
652 1706 760 1737 cum
793 1691 906 1736 remi
939 1704 1170 1753 nunquam
1208 1693 1429 1755 remigare
1463 1689 1688 1736 dicantur.
1756 1689 1829 1735 Ac
1862 1703 1914 1734 ea
1943 1689 2129 1751 quidem

0 1771 2 1789 1
32 1769 145 1817 quae
164 1754 238 1801 vel
261 1759 406 1802 caecis
435 1769 590 1819 aperta
622 1754 753 1814 sunt,
789 1768 843 1802 ut
868 1755 933 1801 est
958 1756 1004 1801 in
1032 1755 1311 1817 proverbio,
1345 1770 1492 1802 novus
1514 1755 1595 1800 iste
1621 1764 1964 1800 commentator
1982 1770 2129 1818 expo-

0 1855 2 1859 .
24 1819 112 1866 nit.
176 1818 316 1879 Qiae
349 1837 458 1867 vero
479 1819 584 1867 sunt
602 1819 901 1879 abstrusiora,
936 1821 992 1866 de
1014 1821 1066 1866 iis
1094 1836 1150 1867 ne
1176 1821 1314 1867 ullam
1340 1820 1522 1883 quidem
1549 1818 1661 1865 facit
1684 1819 1982 1864 mentionem.
2051 1822 2127 1867 De

30 1883 320 1948 Amphrysiis
333 1885 445 1932 saxis
459 1885 508 1932 δε
522 1885 722 1931 Celeniis
735 1885 923 1947 perinde
943 1899 1079 1945 atque
1093 1885 1124 1932 fi
1138 1886 1239 1932 loca
1251 1886 1391 1932 essent
1408 1885 1620 1932 omnibus
1631 1881 2125 1947 vulgatiffima,mirum

0 1948 120 2010 Agit
153 1947 397 1994 silentium.
466 1949 612 2008 Qiod
637 1950 819 2011 quidem
848 1948 880 1995 fi
906 1949 954 1995 &
980 1950 1026 1994 in
1049 1951 1143 1995 aliis
1167 1948 1369 2007 fecisset,
1404 1949 1570 1996 1‘c6tius
1598 1948 1678 1995 sibi
1705 1946 2011 2007 consuluisset,
2045 1964 2124 1994 ne·

20 2024 112 2073 que
148 2011 230 2057 sibi
264 2011 532 2076 permisisset
565 2029 615 2058 ea
651 2013 923 2076 depravare,
957 2029 1072 2076 quae
1094 2014 1210 2060 nihil
1238 2014 1535 2077 percipiebat.
1606 2015 1732 2059 Nam
1757 2013 2019 2058 temerarius
2041 2012 2124 2059 iste

23 2076 340 2139 paedagogus,
375 2077 452 2139 qui
476 2076 558 2123 fibi
580 2075 730 2123 falsam
754 2078 964 2124 scientiae
986 2077 1135 2124 induit
1161 2076 1488 2140 persuasionem
1503 2111 1518 2137 ,
1544 2078 1588 2123 id
1615 2078 1858 2123 immutare
1878 2075 2003 2122 ausus
2026 2076 2120 2136 est,

23 2139 146 2202 quod
158 2143 367 2202 quamvis
389 2140 503 2187 mihi
532 2158 716 2205 quoque
739 2142 1037 2204 depravatum
1063 2142 1296 2202 videatur,
1312 2143 1358 2191 in
1381 2142 1595 2189 omnibus
1607 2154 1760 2188 tamen
1783 2140 2119 2203 exemplaribus

22 2203 70 2250 δε
97 2204 284 2251 vetustis
318 2206 367 2252 ἃ·
400 2206 531 2252 novis
564 2222 866 2269 quaecunque
897 2207 1012 2252 mihi
1043 2206 1197 2253 videre
1222 2207 1452 2270 contigit,
1485 2207 1557 2253 vel
1577 2205 1896 2252 Romechium
1919 2205 1993 2252 vel
2013 2207 2121 2252 Ro-

21 2269 212 2315 metium
245 2269 310 2315 est
342 2270 577 2334 scriptum.
646 2270 782 2326 Qiae
814 2270 1001 2333 quidem
1026 2272 1215 2316 nomina
1238 2287 1346 2316 cum
1369 2272 1538 2318 nullam
1559 2287 1668 2317 cum
1694 2270 1957 2332 Plemyrio,
1991 2270 2132 2333 quod.

19 2330 123 2395 loco
155 2349 315 2380 eorum
341 2336 457 2381 citra
478 2335 615 2382 ullam
645 2334 859 2398 pristinae
881 2334 1091 2382 lmstionis
1117 2336 1400 2382 mentionem
1426 2335 1506 2381 iste
1531 2334 1732 2398 reposuit
1748 2367 1763 2392 ,
1787 2334 1984 2381 habeant
2007 2336 2115 2381 lite-

17 2408 163 2444 rarum
186 2396 456 2445 affinitatem
471 2433 487 2458 ,
516 2400 706 2445 minime
727 2399 907 2446 fuerant
941 2400 996 2444 de
1016 2399 1145 2446 versu
1172 2413 1263 2446 tam
1290 2401 1527 2446 temerarie
1548 2399 1764 2445 tollenda.
1834 2397 1966 2443 Adde
1986 2400 2114 2462 quod

15 2460 292 2525 Plemyrium
330 2465 376 2509 in
410 2464 565 2511 Sicilia
595 2463 661 2509 est
682 2465 819 2527 juxta
850 2463 1087 2527 Syracusas
1108 2496 1123 2523 ,
1157 2463 1205 2510 &
1240 2463 1440 2512 Ovidius
1470 2464 1573 2510 loca
1603 2464 1759 2509 Italiae
1792 2463 2018 2509 maritima
2057 2464 2127 2510 ad-

15 2534 126 2588 quae
145 2527 300 2574 veta-us
313 2528 377 2573 est
393 2527 684 2590 Aesculapius
694 2540 944 2575 enumerat.
980 2527 1139 2586 Qare
1160 2528 1287 2575 istius
1309 2529 1538 2574 temeritas
1561 2529 1607 2574 in
1626 2526 1921 2590 depravandis
1936 2526 2112 2574 codici-

14 2587 94 2636 bus
105 2607 198 2636 non
209 2591 358 2638 verbis
372 2591 444 2638 sed
466 2592 728 2640 verberibus
741 2592 999 2640 coe'rcenda
1017 2592 1154 2639 foret.
1190 2594 1297 2657 Ego
1318 2593 1502 2656 quidem
1519 2592 1720 2639 multum
1740 2591 1908 2654 diuque
1928 2590 2110 2638 dubita·-

14 2653 58 2698 vi
73 2656 310 2716 quomodo
331 2656 453 2704 foret
477 2657 724 2720 legendum
742 2691 758 2717 ,
793 2658 843 2705 &
864 2673 1139 2720 quamquam
1161 2658 1417 2704 existimem
1445 2673 1517 2702 me
1540 2655 1940 2715 correxiffe,nihil
1955 2668 2109 2703 tamen

11 2716 57 2763 in
78 2717 205 2764 versu
231 2720 473 2768 immutare
496 2721 593 2768 sum
618 2720 772 2781 ausUS,
796 2722 923 2785 quod
945 2722 1123 2768 nullum
1148 2722 1240 2768 vidi
1266 2721 1665 2785 exempla1·,quod
1689 2721 1804 2767 mihi
1825 2719 2108 2783 astipuletur.

14 2780 100 2844 Sed
121 2795 174 2828 ut
197 2784 357 2829 tritum
374 2785 438 2831 est
453 2786 749 2848 proverbium
767 2786 938 2834 stolidis
960 2785 1337 2850 morionibusque
1350 2787 1504 2832 omnia
1518 2786 1868 2849 permittuntur.
1901 2787 2007 2847 Age
2028 2800 2108 2832 ve·

11 2855 215 2909 ro-quam
244 2846 352 2894 scite
375 2848 583 2897 Caulona
603 2850 829 2913 exponit?
855 2852 1077 2897 Montem
1101 2851 1251 2914 inquit
1266 2851 1498 2897 Calabriae
1522 2850 1593 2897 vel
1617 2848 1841 2912 oppidum
1869 2860 1922 2894 ut
1934 2849 2104 2895 Plinius

0 2903 161 3018 itradit.
198 2911 351 2957 Immo
378 2912 426 2958 ὃε
451 2929 582 2960 mons
608 2913 656 2960 &
681 2915 907 2977 oppidum
928 2914 994 2960 est
1016 2914 1319 2978 Caulon,qui
1339 2915 1476 2961 etiam
1493 2914 1649 2960 Aulon
1673 2927 1881 2960 vocatur.
1915 2913 1988 2959 De
2002 2913 2105 2959 Na-

63 2975 132 3028 cia
153 2990 261 3021 vero
285 2976 453 3022 nullam
483 2975 591 3024 facit
617 2979 898 3039 mentionem
924 2996 1018 3026 non
1049 2981 1300 3039 taciturus,
1336 2979 1481 3042 siquid
1511 2994 1708 3042 unquam
1739 2977 1795 3023 de
1815 2977 1890 3024 illa
1912 2976 2106 3040 legisset.

0 2982 263 3110 'Qid‘vero
288 3041 364 3087 illa
392 3041 475 3087 fibi
499 3041 642 3088 verba
656 3042 702 3086 in
719 3042 972 3090 Leucosiae
997 3043 1289 3107 expositione
1311 3044 1478 3102 velint,
1502 3044 1670 3089 viderit
1690 3044 1796 3106 ipse.
1819 3056 1931 3106 quae
1950 3042 2105 3104 inquit

0 3097 101 3148 lhoc
113 3102 159 3149 in
169 3104 277 3150 loco
292 3105 457 3168 inje&a
468 3105 618 3169 periit.
654 3104 935 3154 Obscuriora
949 3120 1074 3162 certe
1088 3107 1190 3155 sunt
1204 3124 1337 3172 quam
1361 3121 1414 3154 ut
1426 3107 1678 3169 exponenti
1698 3106 1990 3154 conveniant.
2013 3105 2102 3152 Sed

14 3165 121 3225 quid
149 3168 337 3231 ineptias
358 3169 716 3218 istiusinseEtor?
751 3172 905 3218 omnia
927 3173 1001 3220 vel
1027 3172 1218 3237 spongia
1239 3171 1454 3231 delenda,
1479 3171 1551 3216 vel
1572 3172 1670 3234 igni
1695 3169 1908 3219 tradenda
1931 3171 2099 3217 forent.

14 3227 201 3280 Omitto
222 3234 366 3297 igitur
385 3234 510 3297 quod
526 3235 733 3299 tepidum
749 3252 835 3299 pro
856 3252 1051 3285 amoeno
1062 3239 1258 3301 exponit
1263 3271 1301 3347 ᾗ
1299 3237 1348 3347 δὲ
1361 3235 1473 3285 illud
1486 3236 1560 3296 ,in
1575 3252 1668 3300 quo
1685 3236 1859 3299 oppido
1874 3250 1966 3284 uno
1980 3249 2099 3344 ango

15 3313 19 3318 .
2071 3312 2105 3344 is
