2547 3708
816 164 841 222 I
984 164 1030 221 Β

1177 166 1204 222 Ι
1346 169 1400 225 S.

462 267 659 324 Caesus
684 265 737 320 in
762 265 1079 321 immensum
1104 267 1382 337 projiciare
1407 269 1623 327 fretum.

397 344 507 398 Ant
537 355 593 394 ut
622 340 981 410 Amyntiaden
1007 341 1149 407 turpi
1176 341 1397 396 dileelus
1423 360 1606 398 amore

466 414 663 469 Oderit
686 454 699 475 ‚
741 417 796 467 ὄῑ
819 413 975 467 saevo
1001 414 1242 468 vulneret
1268 415 1389 469 ense
1416 433 1562 486 puer.

98 690 171 730 kur.
224 695 269 728 Et
282 691 366 736 sunt
385 689 465 727 haec
491 700 604 727 eorum
623 684 763 724 nomina
785 691 938 736 Aegeus,
966 691 1125 732 Euenus,

95 743 225 791 Ajax,
258 749 424 789 Lycurgus
444 769 456 786 ‚
494 746 696 782 Macareus,
724 738 878 785 Agrius,
907 744 1126 784 Menoeceus,

96 794 228 842 Nisus,
257 793 472 842 Clymenus,
511 789 689 831 Hercules,
718 789 869 836 Cyniras
890 816 900 831 ‚
931 788 1125 833 Adrastus,

97 846 311 893 Hipponem,
342 850 510 891 Pyramus
534 867 542 883 ‚
570 839 740 884 Oedipus,
767 851 812 878 ω’
833 845 998 876 Caeneus.
1025 847 1129 876 Hunc

98 896 306 932 Atracidem
319 903 419 929 vocat
433 893 535 928 Po'e‘ta
547 889 680 926 aburbe
694 889 888 937 Theffaliae,
903 902 991 940 quae
1004 895 1128 927 Atrax

100 945 193 982 dista
209 944 274 992 est,
301 944 340 980 de
361 956 430 992 qua
453 941 641 989 Stephanus
660 951 704 979 ey·
726 940 936 984 Eustathius.
990 943 1129 989 Legitur

98 1007 216 1032 autem
232 1004 379 1042 corrupte
399 994 435 1028 in
459 994 616 1029 omnihus
638 991 888 1038 exemplaribus
917 991 1127 1037 Etracides,

99 1047 189 1097 quod
212 1056 418 1083 annotatum
431 1043 705 1081 &emendatum
719 1042 808 1078 u‘me
829 1041 916 1079 alibi
945 1042 998 1087 est.
1027 1044 1128 1090 Qae

99 1098 224 1135 menda
234 1094 374 1143 fortaJJe
384 1093 523 1130 nebulas
544 1093 666 1142 offudit
688 1093 1048 1136 commentatoribus,
1064 1107 1130 1143 quo

98 1148 242 1185 minime
256 1149 290 1195 se
317 1145 519 1193 expedirent.
576 1144 765 1182 Haeremus
794 1143 1006 1192 Hartungus
1028 1172 1038 1188 ,
1068 1156 1131 1182 cu-

38 1199 40 1201 ’
92 1197 150 1245 jus
174 1197 420 1245 conjedturam
446 1195 630 1233 mordicus
650 1195 797 1243 arripuit
818 1194 997 1232 Valerius.
1047 1195 1129 1243 Ego

94 1247 194 1285 illam
222 1255 347 1285 contra
380 1246 559 1283 leviorem
590 1245 759 1283 existimo
778 1272 789 1289 ,
826 1257 936 1294 quam
955 1253 993 1283 ut
1015 1246 1131 1284 refelli

94 1297 236 1336 debeat.
289 1295 493 1334 Enimvero
512 1309 587 1334 non
610 1297 720 1334 video
744 1296 941 1345 quomodo
961 1296 1131 1334 Caeneus

94 1347 190 1386 inter
216 1347 432 1393 αὐτόχειρας
461 1349 624 1385 decimus
646 1348 792 1395 quintus
822 1349 899 1394 post
927 1348 1130 1385 Herculem

93 1408 331 1443 numeretur,
358 1410 443 1436 cum
464 1398 635 1446 septimus
647 1398 821 1435 duntaxat
834 1399 876 1434 ab
889 1398 950 1435 illo
964 1397 1014 1436 fit.
1046 1399 1129 1436 Imo

93 1448 205 1498 longe
227 1458 310 1487 ante
336 1449 535 1486 Herculem
559 1449 622 1486 fibi
645 1461 772 1485 manus
793 1447 947 1487 attuliffe
965 1450 1130 1488 traditur.

94 1499 194 1537 Nam
217 1501 290 1538 hoc
309 1499 438 1538 ordine
463 1502 667 1538 reseruntur
698 1500 741 1537 ab
764 1499 932 1548 Hygino.
983 1506 1130 1548 AEgeus,

94 1554 257 1595 Euenus,
286 1551 388 1600 Ajax
410 1578 421 1595 ,
468 1556 639 1600 Lycurgus
659 1578 669 1596 ,
718 1556 901 1588 Macareus
924 1579 934 1595 ,
972 1554 1130 1600 Agrius,

94 1606 251 1639 Caeneus
274 1630 285 1647 ,
324 1608 518 1640 Menoeceus
544 1634 549 1643 ‚
590 1603 694 1650 Nisus
714 1630 724 1645 ,
761 1600 948 1649 Clymenus
970 1631 981 1647 ,
1019 1603 1132 1651 Cyni-

95 1664 179 1696 ras,
211 1652 392 1695 Hercule„
419 1664 493 1692 wc.
545 1655 652 1701 Quos
681 1652 783 1690 aliter
813 1653 998 1690 recensere
1028 1662 1132 1702 puta-

94 1703 149 1740 vit
181 1704 390 1751 Hartungus
411 1702 430 1739 ὲ
452 1715 490 1741 re
519 1703 578 1741 sua
610 1702 692 1741 effe.
748 1704 894 1741 Deinde
921 1703 1029 1741 verba
1049 1703 1129 1749 illa,

95 1752 222 1799 Caesus
251 1755 289 1791 in
310 1755 543 1802 immensum,
571 1756 748 1792 evincunt
772 1754 982 1792 Atracidem
1005 1754 1131 1801 illum,

95 1804 255 1854 quisquis
276 1805 323 1842 est
345 1833 356 1850 ,
393 1805 437 1843 ab
456 1805 529 1842 alio
553 1817 664 1854 quam
690 1804 711 1842 a
733 1805 844 1842 semet
868 1806 1126 1852 interfeetum,

96 1854 190 1892 &in
215 1866 314 1893 mare
341 1856 562 1905 projecftum.
614 1858 667 1893 Ut
689 1868 764 1893 non
787 1856 950 1893 dubitem
975 1869 1037 1905 per
1062 1857 1126 1895 de—

99 1904 236 1943 cimum
259 1907 429 1955 quintum
449 1907 491 1943 ab
506 1908 667 1945 Hercule
687 1907 846 1955 aliquem
860 1905 903 1945 de
916 1907 1020 1956 stirpe
1033 1908 1125 1946 illius

97 1953 386 2002 intelligendum.
438 1956 565 2006 AEque
584 1957 694 1995 futilis
715 1958 805 1994 mihi
826 1958 969 1995 videtur
991 1959 1124 1997 §anesii

98 2005 280 2052 expofitio
295 2034 305 2051 ,
334 2018 444 2054 quam
468 2017 507 2044 ut
536 2007 685 2044 stabiliat
705 2008 792 2054 legit
815 2033 826 2050 ,
867 2010 1125 2055 Aethracides,

95 2055 227 2102 utique
241 2068 453 2104 perperam:
486 2057 672 2093 Aethrides
685 2058 782 2093 enim
805 2057 1001 2095 dicendum
1017 2058 1125 2104 esset,

93 2104 122 2142 fi
141 2115 440 2154 patronornycon
462 2107 505 2143 ab
518 2107 653 2143 Aethra
665 2107 877 2150 duceretur,
907 2117 942 2145 ut
955 2108 1027 2156 ipse
1038 2110 1129 2147 vult.

96 2156 200 2204 Quin
229 2157 340 2193 etiam
368 2156 411 2192 τὸ
441 2160 564 2202 Caesus
601 2159 636 2192 in
667 2162 796 2192 Caecus
826 2166 954 2195 mutat.
1007 2160 1124 2206 Quod

93 2214 220 2244 autem
251 2206 413 2255 sequitur
436 2235 445 2248 ,
483 2218 606 2253 magno
631 2217 682 2240 ter
709 2205 752 2241 ab
782 2207 924 2242 Hercule
956 2209 1125 2255 quintus,

91 2265 233 2295 enarrat
265 2258 338 2294 'noc
360 2258 477 2295 modo
508 2256 670 2293 sanetius
693 2283 720 2308 ,ἱ
740 2256 775 2293 id
798 2255 845 2292 est
860 2284 868 2297 ‚
898 2257 958 2304 qui
979 2257 1123 2307 quintus

94 2308 255 2345 Hercules
274 2320 416 2345 vocatus
437 2307 502 2352 est,
528 2307 594 2355 post
616 2319 666 2343 ter
684 2319 850 2353 magnum
867 2306 973 2344 illum
993 2314 1123 2345 Hercu-

92 2356 174 2395 lem.
227 2358 367 2406 Nugae.
397 2359 569 2396 Claudius
600 2358 902 2394 Bartholomaeus
923 2358 1124 2399 Morisotus

91 2406 253 2456 Epistola
273 2410 316 2447 ad
347 2421 407 2447 me
427 2409 572 2457 scripta,
592 2408 745 2457 quaeest
767 2414 825 2454 (7.
853 2420 976 2446 earum
992 2437 1001 2452 ,
1028 2422 1124 2459 quae

93 2457 261 2496 Divione
282 2460 517 2506 prodierunt,
546 2471 610 2506 pro
624 2459 769 2505 quintus
790 2459 875 2506 legit
893 2488 901 2502 ‚
916 2471 1058 2507 raptus,
1085 2464 1123 2500 ὃς

91 2507 139 2547 de
163 2509 290 2558 Lycha
313 2512 355 2548 ab
376 2511 538 2548 Hercule
558 2511 594 2547 in
615 2509 822 2547 Euboicum
844 2510 980 2548 fretum
1019 2524 1120 2558 prae-

91 2559 243 2607 cipitato
260 2561 358 2598 hunc
377 2562 502 2598 locum
524 2562 790 2608 interpretatur.
843 2561 1035 2608 Perperam
1061 2564 1121 2600 iti-

91 2608 176 2647 dem
191 2638 202 2654 ,
230 2612 313 2659 quia
334 2624 432 2649 mors
451 2613 602 2661 Lychae
622 2612 780 2658 tangitur
798 2612 891 2649 infra
913 2613 1014 2649 versu
1033 2626 1119 2662 493.

93 2656 228 2705 Dices,
254 2672 294 2699 tu
311 2663 461 2712 quidem
476 2663 630 2701 aliorum
655 2663 975 2709 interpretationes
985 2666 1117 2701 confu-

90 2715 166 2752 tas,
190 2711 279 2749 nihil
297 2714 368 2761 ipse
388 2715 524 2760 profers
547 2714 584 2751 in
604 2713 767 2750 medium
783 2741 793 2757 ,
822 2714 923 2760 quod
947 2716 1059 2762 magis
1074 2716 1117 2753 ad

93 2758 273 2797 Ovidium
295 2764 570 2812 intelligendum
599 2763 808 2801 conducat:
850 2767 898 2801 ita
926 2765 973 2801 est
993 2766 1114 2812 profe-

91 2807 178 2851 eto,
205 2809 264 2846 sed
294 2823 351 2850 eas
379 2815 659 2852 conniventibus
689 2815 804 2852 oculis
835 2818 1049 2863 praeterire,
1079 2816 1113 2853 id

90 2870 183 2896 vero
205 2858 290 2896 effer
315 2861 488 2902 studiosos
516 2866 715 2908 remorari,
754 2877 830 2912 quo
851 2877 970 2903 minus
991 2868 1028 2903 δε
1049 2867 1112 2913 ipsi

86 2920 157 2957 pro
170 2911 226 2947 sua
242 2922 342 2958 parte
359 2913 543 2951 Nasonem
556 2917 745 2963 explanare
765 2927 993 2954 conarentur.
1023 2917 1112 2954 SAL·

88 2971 213 2998 VAGN.
254 2967 311 2997 Ac
336 2963 433 2998 velut
455 2964 567 3012 scripti
593 2967 628 3002 δε
650 2966 738 3002 editi
756 2967 920 3015 quidam.
947 2979 1109 3005 ceterum

88 3022 223 3059 magna
240 3012 298 3048 hic
330 3013 520 3060 scripturae
533 3017 681 3051 varietas
700 3015 770 3053 est:
800 3021 878 3053 Aut
893 3026 932 3053 ut
954 3018 1111 3055 Eratides

87 3060 198 3099 Fine.
213 3064 247 3098 ὅ(
264 3062 482 3100 Sarrav.Aut
495 3073 532 3100 ut
546 3063 837 3109 Ethican'degauz
853 3080 890 3103 ut
908 3067 1114 3113 Heraclides,

86 3112 313 3157 Ethatrides,
325 3114 491 3150 Eradines
507 3143 517 3158 ,
531 3113 737 3150 Ecetracides
754 3144 760 3157 ,
775 3117 975 3154 Echatrides
987 3147 995 3161 ,
1028 3129 1036 3151 ί
1057 3118 1113 3155 he-

90 3164 235 3200 tradites
256 3164 328 3200 alii.
356 3164 413 3202 sed
434 3166 470 3202 in
492 3178 566 3201 uno
593 3165 764 3201 emundes
785 3178 865 3204 cum
889 3170 955 3205 hac
979 3168 1113 3208 Glossa-

91 3214 286 3250 Etrratides
315 3225 389 3251 erat
421 3215 457 3251 in
490 3215 574 3252 libro
623 3213 726 3258 Bafili
757 3218 940 3265 Aquilim‘:
973 3221 1113 3256 Etradi-

91 3263 171 3313 ges,
198 3263 289 3304 unde
309 3267 527 3316 Democritus
554 3264 753 3319 fierculidcs
791 3267 928 3307 cuidam
947 3269 1116 3320 genitalia

2108 523 2231 577 Nee

1185 687 1343 724 membra
1371 688 1502 725 recidit.
1530 687 1689 739 caesaque
1719 689 1876 727 membra
1896 688 1965 740 fibi
1990 692 2100 739 cauffa
2132 696 2233 739 fuere

1185 739 1287 775 necis.
1339 739 1499 776 statillus
1514 742 1667 776 Amanti
1680 739 1776 786 filius
1795 742 1915 788 occzsus
1935 756 1955 776 a
1968 743 2084 779 Celmo
2102 753 2203 792 puero
2221 774 2232 791 ,

1185 789 1457 839 quemamabat.
1501 790 1644 837 Quibus
1656 791 1783 829 similia
1811 793 1918 829 habet
1940 791 2111 832 Zarottus
2132 812 2148 837 ,-
2180 808 2226 835 ex

1181 838 1310 887 gloffa,
1328 849 1366 876 ut
1379 840 1599 877 verosimile.
1626 842 1722 878 forte
1735 842 1906 890 scripserit
1922 848 2125 890 Hurycrates
2138 874 2147 890 ,
2159 848 2226 896 qui

1182 892 1278 927 inter
1308 890 1518 928 Heraclidas
1533 918 1542 933 ,
1572 892 1690 939 Reges
1712 894 2032 931 Lacedaemonios
2047 923 2056 937 ,
2076 897 2226 944 quintus

1183 941 1348 978 decimus
1370 943 1414 978 ab
1427 940 1590 978 Hercule
1610 944 1836 980 nominatur.
1866 945 1926 980 vid
1951 945 2100 983 Meurfii
2133 948 2225 996 Reg.

1185 992 1328 1029 Lacon.
1347 1003 1425 1040 cap.
1447 1005 1519 1029 xix.
1546 991 1617 1030 Sed
1638 992 1683 1031 de
1702 994 1778 1038 eius
1791 1003 1911 1031 morte
1931 996 2018 1032 nihil
2032 997 2121 1034 mihi
2135 1010 2226 1036 con-

1185 1042 1260 1080 stat.
1288 1043 1420 1080 Euam.

1234 1106 1320 1141 295.
1348 1101 1479 1142 Magne
1500 1104 1551 1131 ter
1564 1093 1608 1130 ab
1624 1093 1802 1143 Hercule]
1827 1095 2031 1133 Herculem
2052 1109 2221 1147 magnum

1182 1145 1338 1193 appellat
1359 1147 1510 1194 proprio
1532 1146 1710 1193 epitheto,
1737 1146 1911 1194 Virgilius
1938 1147 2064 1188 lib.v1.

1393 1239 1491 1249 --
1520 1222 1620 1270 Qui
1639 1223 1781 1270 Thesea,
1809 1236 1977 1272 magnum

1237 1273 1336 1321 {Quid
1355 1286 1539 1311 memorem
1559 1272 1737 1312 Alcidem-

1187 1339 1235 1377 Et
1254 1338 1314 1376 lib.
1336 1351 1428 1377 vm.

1224 1412 1335 1446 -Forte
1356 1409 1410 1446 die
1424 1408 1609 1459 solemnem
1628 1409 1686 1447 illo
1709 1416 1779 1448 Rex
1804 1416 1919 1449 Arcas
1943 1413 2107 1452 honorem

1236 1459 1569 1509 Amphitrioniadae
1579 1474 1703 1509 magno
1715 1490 1725 1506 ,
1750 1462 1920 1513 Divisque
1932 1465 2083 1511 ferebat.

1185 1535 1372 1575 Arnobius
1389 1537 1449 1575 lib.
1468 1550 1496 1575 1.
1522 1545 1648 1575 contra
1662 1538 1814 1575 Gentes.
1869 1545 1990 1576 Nonne
2008 1539 2115 1585 ipsum
2138 1544 2226 1578 Her:

1185 1586 1294 1624 culem
1313 1587 1695 1637 magnumsacrificiis,
1724 1588 1859 1636 hostiis,
1889 1593 2046 1629 &thure
2057 1590 2224 1631 invitatis

1185 1638 1340 1684 incenfiz?
1369 1641 1539 1677 SALVAG.

1238 1691 1325 1733 296.
1354 1689 1579 1739 Projiciare.]
1609 1690 1828 1738 Praecipitem
1850 1690 1926 1727 duo
1947 1690 2037 1729 libri.

1238 1752 1324 1787 297.
1353 1746 1432 1777 Aut
1452 1754 1490 1777 ut
1516 1742 1772 1789 Amyntiaden.
1811 1741 1976 1779 Celimus
2000 1743 2226 1782 Afraniissac

1186 1790 1329 1838 bylonii
1351 1791 1443 1840 filius
1465 1791 1645 1829 Statillum
1671 1794 1861 1840 Amyntae
1893 1791 2009 1829 filium
2038 1793 2120 1830 ense
2144 1794 2225 1831 vul-

1183 1844 1345 1880 neravit:
1376 1843 1452 1890 ejus
1486 1844 1586 1880 enim
1619 1843 1737 1880 amori
1761 1840 1936 1880 assensum
1961 1844 2132 1892 praebere
2153 1855 2225 1890 n07

1181 1894 1273 1939 luit,
1304 1893 1521 1943 utEnnius:

1232 1973 1418 2011 Oebaliden
1434 1984 1579 2023 puerum
1605 1983 1780 2023 quantum
1802 1973 1928 2010 dilexit
1950 1974 2094 2021 Apollo,

1235 2030 1413 2080 Taurum,
1428 2025 1492 2073 scd
1502 2025 1638 2070 frustra
1657 2051 1667 2068 ‚
1703 2023 1876 2060 Celimum
1907 2024 2092 2061 Stratillus
2118 2037 2221 2062 ama·

1286 2085 1342 2109 vst

1235 2130 1316 2160 Non
1328 2102 1376 2172 fil
1397 2137 1488 2172 agna
1510 2124 1622 2171 lupos,
1651 2123 1750 2172 lupus
1772 2123 1892 2168 ursas,
1924 2125 2004 2168 ursa
2027 2124 2159 2171 leones,

1231 2180 1274 2209 Ut
1287 2185 1372 2221 puer
1389 2175 1529 2222 ignarus
1543 2174 1652 2220 studii
1662 2172 1823 2218 fugiebat
1845 2187 2040 2212 amantem.

1181 2240 1422 2289 Inrfiaeafis.
1453 2252 1611 2289 Historia
1636 2252 1881 2301 supposititia3
1908 2253 2092 2301 Philippus
2114 2255 2216 2295 enim

1181 2302 1434 2340 Macedonum
1451 2303 1549 2345 Rex,
1580 2304 1770 2350 Amyntae
1791 2302 1882 2341 filius
1898 2331 1908 2347 ,
1928 2304 2218 2354 planetangitur.

1181 2352 1380 2390 Caeterum
1397 2354 1476 2401 quis
1489 2361 1611 2391 teneat
1624 2354 1729 2391 risum
1746 2354 1852 2397 ,dum
1867 2355 2085 2402 quatuorilli
2097 2357 2219 2397 versus

1181 2403 1306 2440 Ennio
1320 2405 1578 2442 adscribuntur.
1617 2405 1773 2442 SnLan
1811 2405 2019 2442 Pausaniam
2034 2405 2216 2454 Philippi,

1181 2454 1436 2492 Macedonum
1461 2456 1575 2502 regis,
1605 2456 1793 2504 Amyntae
1819 2455 1905 2499 filii,
1932 2455 2214 2497 interfectorem

1178 2514 1294 2542 notat.
1325 2506 1420 2543 unde
1458 2507 1707 2543 Amimiadem
1730 2507 1832 2543 illum
1856 2507 1971 2543 Poeta
2008 2517 2215 2556 nuncupat.

1175 2557 1267 2593 EGN
1284 2569 1334 2593 ιτ.
1366 2557 1481 2604 Lege,
1498 2557 1757 2598 Amimiaden,
1787 2558 1823 2594 ὅ(
1840 2557 2046 2604 Philippum
2063 2558 2214 2606 Amyn-

1174 2616 1231 2644 tae
1250 2607 1363 2644 filium
1398 2607 1581 2656 intellige,
1610 2620 1720 2656 quem
1746 2607 1932 2645 Pausanias
1953 2607 2111 2654 stuprum
2136 2609 2214 2655 passs·

1173 2659 1226 2695 sus
1247 2659 1289 2695 ab
1313 2659 1460 2701 Attalo,
1492 2671 1573 2695 curn
1599 2658 1752 2706 injuriae
1781 2658 1862 2695 suae
1895 2658 2055 2695 ultorem
2082 2659 2209 2699 frustra

1171 2707 1399 2751 advocasset,
1430 2708 1685 2751 obtruncavit,
1714 2717 1752 2746 ut
1773 2709 1891 2746 scribit
1910 2708 2064 2754 justinus
2083 2710 2118 2746 in
2136 2722 2207 2747 no·

1169 2771 1234 2796 no.
1262 2760 1405 2796 Codrus
1423 2760 1457 2796 in
1473 2760 1593 2808 primo
1615 2759 1806 2803 sermone,
1836 2760 1873 2795 ὃς
1892 2758 1973 2796 Pius
1990 2758 2111 2796 noster
2131 2760 2207 2798 Bo-

1170 2810 1355 2847 nonienfis
1388 2810 1493 2857 hujus
1520 2810 1791 2847 emendationis
1835 2808 2009 2847 auctores.
2050 2810 2206 2851 Consr.

1170 2860 1267 2900 FAN.
1307 2862 1366 2897 De
1390 2861 1555 2898 Pausania
1587 2863 1622 2897 ὃς
1646 2861 1757 2898 caede
1782 2860 1939 2908 Philippi
1962 2887 1970 2903 ,
2010 2860 2204 2910 Amyntae

1169 2911 1255 2955 filii,
1287 2912 1482 2948 Alexandri
1507 2912 1636 2958 patris,
1665 2910 1819 2957 Justinus
1841 2910 1950 2948 tradit
1970 2910 2062 2948 libro
2084 2924 2203 2952 non0.

1170 2964 1366 3000 Caeterum
1392 2963 1474 3010 quia
1495 2960 1784 2999 Diodorusduos
1806 2961 1994 2999 Pausanias
2014 2963 2204 3001 recenset:

1170 3014 1322 3050 alterum
1338 3041 1347 3057 ‚
1377 3014 1438 3061 qui
1455 3014 1622 3062 Philippo
1636 3022 1777 3049 amarus
1797 3013 1926 3049 fuerit:
1957 3015 1992 3048 ὃ(
2014 3012 2165 3050 alterum
2185 3039 2199 3058 ,

1171 3062 1191 3101 ὲ
1212 3075 1288 3113 quo
1308 3064 1405 3101 idem
1428 3063 1611 3111 Philippus
1629 3062 1859 3100 iuterfecstus:
1892 3062 2045 3100 dubitari
2058 3062 2202 3110 potest,

1170 3127 1260 3152 nurn
1285 3115 1405 3162 potius
1427 3110 1472 3150 de
1491 3114 1674 3151 Archelao
1689 3141 1697 3154 .
1727 3114 1789 3161 qui
1812 3113 1935 3159 &ipse
1957 3115 2142 3159 Amyntae
2155 3111 2201 3150 fi-

1171 3166 1236 3204 lius
1259 3166 1349 3208 fuit,
1380 3164 1532 3212 Philippi
1552 3164 1660 3201 frater
1681 3191 1692 3207 ,
1725 3164 1783 3201 sed
1819 3176 1862 3201 ex
1892 3163 2027 3200 diversa
2052 3169 2167 3199 matre
2185 3190 2201 3209 ,

1168 3217 1228 3253 hic
1251 3216 1353 3252 locus
1382 3215 1613 3262 accipiendus
1643 3214 1694 3253 fit.
1734 3215 1830 3251 Nam
1863 3215 1900 3251 δε
1924 3214 1982 3251 hic
2001 3212 2043 3248 ab
2060 3212 2201 3251 amafio

1171 3266 1237 3306 suo
1267 3266 1431 3316 quodam
1453 3265 1822 3355 interfeelusllegitur
1840 3276 1851 3317 ς
1888 3263 1933 3302 de
1955 3273 2075 3313 quare
2094 3263 2202 3322 Plato

1719 3325 1740 3364 3
2163 3326 2211 3359 ae.
