2547 3708
372 153 408 195 ⁶
1171 129 1688 183 1³.ov1D11

371 230 518 282 deant,
547 229 745 282 quoniam
764 233 880 270 tanto
900 224 1093 278 temporis
1116 223 1325 266 interstitio
1355 236 1402 265 ex
1423 223 1632 277 provincia
1650 224 1691 265 in
1712 223 1853 265 urbem
1880 221 2008 281 redire
2027 223 2218 274 potuerit.
2273 222 2472 267 Posterio-

371 297 433 325 res
455 292 592 325 autem
612 284 665 324 fic
685 284 866 334 priorum
886 279 986 320 ierus
1010 279 1222 320 retundere
1249 290 1337 319 non
1357 278 1525 318 inaniter
1552 288 1730 328 queunt:
1761 276 1874 329 quod
1894 276 2153 328 comeditura,
2187 288 2272 317 non
2297 280 2476 321 authori-

371 348 475 387 tate,
502 340 562 377 vel
587 337 718 377 valida
738 335 893 375 ratione
912 335 1133 373 decertent.
1187 330 1287 373 Nos
1303 332 1343 373 in
1370 340 1481 372 tanta
1508 329 1747 372 diffenfione
1776 329 1871 382 quid
1900 329 2091 382 agemus?
2122 342 2247 381 quam
2273 331 2474 374 tuebimur

370 391 550 443 partem?
583 400 767 431 neutram
785 386 993 440 profecto,
1026 399 1078 427 ne
1098 386 1301 427 exoriatur
1328 383 1488 426 invidia.
1526 383 1587 425 At
1607 397 1695 425 rem
1716 385 1770 425 ita
1785 382 2037 435 implicatam
2049 383 2359 435 relinquemus?
2387 383 2475 426 Mi·
2522 429 2524 432 ,

369 446 494 485 nime.
552 444 666 496 Quin
689 442 728 482 in
756 451 969 492 utramque
985 440 1225 492 opinionem
1254 439 1541 494 pugnabimus,
1579 439 1757 491 priorem
1786 449 1833 477 ex
1860 447 1993 488 parte,
2021 436 2283 488 posteriorem
2314 449 2359 477 ex
2382 447 2473 479 toto

370 497 650 539 demolientes.
707 494 791 534 Hui
823 506 971 546 magna
998 495 1203 543 polliceris
1221 525 1233 545 ,
1275 495 1312 534 ὅτ
1342 493 1476 534 ardua.
1531 490 1583 533 Et
1613 493 1818 545 polliceor
1838 521 1850 539 ‚
1890 490 1928 530 <St
1958 489 2150 541 pollicitis
2180 490 2302 534 stabo.
2329 502 2476 534 omnes

371 551 521 603 quaeso
542 550 763 601 speritatum
783 548 930 587 venite.
987 546 1067 587 Sed
1085 548 1193 598 prius
1213 546 1371 595 audite,
1398 556 1443 586 ut
1469 545 1598 586 aciem
1621 545 1756 598 partiri
1786 545 1901 585 volo.
1959 543 2007 583 In
2030 543 2159 595 prima
2180 542 2316 585 fronte
2335 545 2481 596 autho-

371 606 502 645 ritates
526 601 834 643 ferentariorum
853 601 941 640 vice
964 599 1169 649 fistentur‚
1199 598 1343 650 quibus
1365 598 1484 638 unius
1507 607 1668 640 tantum
1688 599 1820 650 filiae,
1857 596 1973 649 cujus
2003 609 2158 638 nomen
2188 597 2378 651 ignotum
2409 598 2476 653 fit,
2503 645 2506 647 ,

370 659 627 699 mentionem
656 655 741 695 fieri
764 654 784 694 a
807 654 929 705 po'e'ta
947 653 1272 694 monstrabimus.
1331 651 1378 691 In
1407 650 1585 691 secunda
1611 651 1913 693 authoritatibus
1937 650 2080 703 pariter
2104 650 2141 691 ὅ(
2161 651 2384 692 rationibus
2405 652 2480 692 110-

372 712 443 751 stes
473 710 790 758 convincemus,
822 707 1012 747 Perillam
1047 719 1134 747 non
1164 705 1249 760 ejus
1278 704 1392 746 fuiffe
1420 705 1570 745 filiam:
1600 705 1666 746 sed
1699 706 1938 765 privignam.
1996 704 2042 745 In
2069 704 2206 755 tertia,
2236 705 2301 744 cui
2331 704 2479 747 Perilla
2530 748 2533 749 γ

370 764 567 815 nupserit,
595 761 867 803 ostendemus.
927 761 973 801 ln
1001 760 1170 812 ultima,
1205 772 1385 812 quanam
1405 771 1450 798 cx
1478 757 1618 798 Ovidii
1641 771 1827 822 conjuge⁸
1842 772 1889 799 ea
1910 758 1994 799 filia
2011 767 2102 798 nata
2122 757 2264 809 fuerit,
2292 757 2479 799 discutie-

362 830 476 859 mus.
534 814 606 856 Tu
627 814 782 858 Lestor
807 813 975 855 candide
997 827 1110 854 aures
1132 826 1342 866 parumper
1362 811 1646 853 accommoda.
1705 813 1753 854 In
1771 825 1904 866 primo
1926 811 2125 855 Tristium
2155 810 2258 853 libro
2287 812 2362 853 hos
2392 824 2480 854 ver·
2526 849 2534 864 ὦ

362 871 433 911 sus
453 869 655 921 invenies,
685 882 791 921 quos
815 868 932 920 supra
952 869 1189 917 retulimus,

542 921 657 963 Nata
671 923 809 977 procul
827 921 980 974 Libycis
1002 922 1134 962 aberat
1153 921 1302 970 diversa
1311 922 1386 973 sub
1407 921 1503 973 oris,

594 976 683 1016 Nec
699 986 851 1030 poterat
861 974 942 1026 fati
959 976 1097 1015 certior
1114 975 1184 1028 effe
1202 976 1291 1014 mei.

1220 1027 1271 1069 Et
1292 1029 1365 1069 hos
1386 1029 1428 1068 in
1449 1036 1593 1080 quarto
1607 1057 1619 1078 ,

543 1083 644 1125 Filia
662 1099 723 1124 me
744 1096 829 1123 mea
846 1081 902 1121 bis
918 1082 1048 1137 prima
1062 1081 1255 1132 fhecunda
1259 1083 1451 1135 juventa,

594 1139 671 1179 Sed
686 1153 760 1178 non
776 1152 828 1177 ex
847 1150 920 1177 uno
939 1136 1112 1190 conjuge,
1132 1136 1229 1187 fecit
1249 1149 1383 1175 avum.

1090 1189 1196 1230 Item
1217 1191 1291 1230 hos
1313 1190 1356 1229 in
1375 1189 1488 1230 sexto
1512 1188 1545 1229 F
1549 1188 1740 1230 astorum.

540 1245 614 1297 Estz
634 1245 752 1296 mihi,
768 1243 897 1299 fitque
915 1255 1044 1299 precor
1062 1243 1191 1296 nostris
1212 1243 1430 1284 diuturnior
1449 1244 1580 1295 annis,

597 1298 716 1348 Filia,
745 1313 821 1352 qua
829 1298 936 1349 felix
945 1298 1078 1352 sospite
1086 1297 1239 1351 semper
1255 1312 1330 1338 ero.

365 1352 525 1406 Quibus
545 1355 687 1406 utique
709 1353 748 1393 in
772 1352 874 1392 locis
894 1353 1044 1399 filiam,
1073 1361 1140 1391 aut
1161 1361 1320 1402 natam,
1349 1363 1524 1392 numero
1545 1348 1706 1391 unitatis
1726 1345 1845 1394 dixit,
1874 1349 1994 1388 nullo
2015 1359 2198 1398 unquam
2217 1347 2378 1401 adjeelo
2399 1333 2480 1404 epi'-
2511 1388 2517 1397 Ι

363 1409 499 1448 theto:
521 1421 606 1460 quo
624 1409 790 1448 alteram
817 1404 990 1446 habuisse
1018 1404 1145 1446 filiam
1176 1405 1371 1459 colligere
1390 1407 1455 1445 vel
1484 1404 1655 1445 minima
1686 1400 1990 1452 conjeetatione
2011 1401 2218 1453 possimus.
2277 1402 2325 1443 In
2354 1406 2474 1447 tertio

365 1473 532 1512 quoque
550 1460 769 1510 Tristium,
791 1459 857 1500 ubi
880 1471 977 1500 cum
996 1456 1174 1510 Epistola
1191 1458 1262 1499 sua
1280 1462 1446 1500 locutus
1470 1459 1549 1511 est,
1578 1459 1631 1499 fic
1649 1456 1698 1497 ad
1721 1454 1912 1497 Perillam
1937 1456 2171 1496 sermonem
2190 1455 2372 1512 divertit,

538 1511 667 1570 thue
677 1524 789 1568 pater
808 1523 919 1553 natae
932 1544 942 1560 ‚
966 1512 1121 1567 duxque
1140 1513 1331 1568 comesque
1339 1512 1421 1564 fui.

2511 1275 2529 1317 η’·
2522 1204 2528 1212 θ

2526 1294 2547 1410 ‘nan-f„
2541 1256 2544 1261 .

363 1566 464 1619 Quo
497 1569 630 1616 versu,
665 1569 690 1608 fi
722 1567 870 1608 Perilla
896 1565 1079 1608 Nasonis
1109 1566 1193 1606 filia
1222 1567 1353 1607 fuiffet
1371 1597 1383 1618 ,
1423 1578 1508 1607 non
1535 1573 1580 1605 ut
1608 1573 1761 1618 patrem
1785 1593 1797 1613 ,
1835 1562 1875 1603 id
1897 1562 1973 1615 est,
2001 1572 2197 1615 tanquam
2219 1573 2374 1617 patrem
2395 1566 2531 1610 sese·

365 1623 488 1672 po'e'ta
507 1621 748 1674 appellasset.
804 1619 856 1662 Et
875 1621 917 1661 in
941 1620 1085 1672 quinto
1101 1620 1286 1672 ejusdem
1307 1619 1461 1673 operis,
1491 1619 1558 1660 ubi
1580 1618 1621 1659 in
1643 1617 1867 1671 conjugem
1887 1617 1940 1659 fic
1958 1627 2164 1671 precatur,

539 1675 611 1715 Illa
634 1677 738 1716 domo
758 1685 923 1730 nataque
932 1674 1006 1726 sua
1018 1707 1029 1727 ,
1055 1675 1256 1727 patriaque
1264 1674 1443 1725 fruatur.

364 1724 473 1769 Non
499 1739 588 1770 nata
607 1730 674 1778 sua
693 1728 865 1780 dixisset,
897 1727 964 1768 sed
983 1730 1139 1770 nostra:
1171 1737 1238 1768 aut
1257 1728 1364 1769 aliud
1386 1725 1560 1779 quodvis
1579 1725 1785 1778 epitheton
1811 1723 2067 1776 adjunxissct,
2097 1737 2181 1776 quo
2204 1738 2478 1770 communem
2525 1719 2547 1774 ἦ

366 1782 432 1822 libi
454 1795 543 1822 eam
564 1783 639 1824 esse
656 1781 785 1823 filia'm
802 1794 900 1823 cum
921 1794 1048 1824 uxore
1070 1781 1307 1823 ostenderet.
1365 1782 1412 1823 111
1432 1790 1577 1833 quarto
1594 1788 1732 1820 autem
1753 1778 1804 1820 de
1831 1778 1991 1830 Ponto,
2019 1779 2185 1832 epistola
2205 1780 2252 1821 ati
2277 1780 2477 1834 Suillum,
2518 1783 2547 1827 ,Ῐζῑ

365 1836 404 1875 hi
425 1837 559 1876 versus
582 1840 794 1890 leguntur,

542 1889 655 1930 Nam
673 1890 744 1930 tibi
763 1904 859 1947 quae
879 1889 1041 1942 conjux,
1065 1887 1196 1928 eadem
1215 1888 1411 1941 mihifilia
1427 1898 1521 1942 pene
1540 1887 1613 1940 est:

596 1943 654 1982 Et
674 1958 770 1997 quae
793 1954 831 1983 te
843 1956 1050 1996 generum,
1078 1956 1138 1982 me
1154 1954 1264 1983 vocat
1281 1943 1348 1984 illa
1368 1944 1513 1982 virum.

365 1995 485 2048 Quos
522 1997 546 2037 fi
586 1997 794 2050 diligenter
821 1997 1032 2044 discutia8‚
1063 1995 1161 2037 nihil
1193 1998 1301 2038 aliud
1324 1995 1508 2049 profed‘ffl
1528 1995 1707 2036 invenies
1731 1995 1796 2036 fibi
1817 1995 1923 2036 velle
1943 1994 2167 2047 Ovidium,
2197 1996 2266 2037 nisi
2287 1994 2477 2037 Perillam

308 2062 310 2065 ⁴
364 2062 417 2089 ex
446 2050 557 2090 tertia
585 2063 711 2091 uxore
741 2051 811 2091 sua
841 2053 969 2091 altero
999 2050 1086 2089 viro
1106 2050 1305 2103 genitam,
1331 2050 1466 2093 Suillo
1487 2050 1719 2101 denupfiss'e.
1775 2047 1891 2090 Nam
1910 2050 1991 2089 hoc
2011 2049 2165 2098 dicere,
2194 2061 2297 2101 quae
2318 2060 2476 2100 conjux

366 2102 458 2151 tibi,
490 2104 541 2143 est
566 2115 664 2152 pene
678 2133 688 2148 ,
715 2105 752 2144 id
772 2105 825 2144 est
847 2104 953 2155 quan
976 2103 1074 2143 mihi
1097 2105 1150 2144 est
1172 2105 1277 2146 filia:
1309 2104 1347 2145 ὅτ
1367 2117 1470 2156 quae
1490 2113 1611 2144 vocat
1630 2115 1699 2143 me
1720 2103 1934 2152 maritum,
1965 2103 2104 2143 cadem
2128 2114 2167 2143 te
2184 2114 2380 2156 generum
2402 2115 2478 2142 vo·
2535 2103 2542 2146 ’ς

367 2165 456 2195 cat:
483 2155 577 2205 quid
600 2156 707 2195 aliud
731 2157 945 2208 fignificat,
975 2155 1044 2194 nisi
1065 2169 1243 2197 uxorem
1264 2158 1405 2208 Suilli,
1430 2156 1615 2197 Nasonis
1640 2157 1717 2196 esse
1738 2155 1989 2206 privignam,
2019 2155 2059 2196 id
2078 2156 2150 2207 est,
2184 2168 2312 2197 uxore
2332 2155 2403 2197 sua
2427 2167 2474 2197 ex
2533 2154 2541 2193 t·

365 2211 495 2250 altero
517 2209 664 2248 marito
686 2209 959 2260 conceptam?
988 2207 1045 2246 At
1064 2220 1204 2248 nonne
1225 2210 1266 2249 in
1287 2210 1369 2249 fine
1389 2211 1475 2259 ejus
1497 2209 1709 2260 epistolae,
1740 2218 1838 2247 cum
1857 2206 1986 2259 inquit
2000 2237 2013 2259 ,

533 2258 685 2316 Tangat
706 2272 751 2302 ut
769 2261 834 2301 hoc
850 2272 981 2301 votum
1003 2260 1287 2314 coelestia,care
1306 2261 1448 2312 Suille,

590 2316 771 2355 Numina
783 2326 851 2369 pro
860 2317 986 2367 fhcero
1000 2324 1095 2366 pene
1109 2325 1269 2369 precare
1287 2325 1365 2359 tuo.

367 2369 484 2410 Idem
512 2370 633 2411 etiam
660 2369 893 2410 adverbium
920 2368 1043 2419 Fene,
1083 2368 1191 2409 idem
1220 2369 1334 2410 fateri
1364 2380 1441 2410 nos
1478 2367 1615 2422 cogit?
1646 2367 1806 2409 Verum
1834 2367 1976 2420 aliquis
2005 2368 2142 2410 forsan
2169 2369 2300 2422 dicet,
2326 2369 2476 2414 Fateor
2534 2367 2545 2386 ³

368 2421 503 2464 Suillo
536 2435 661 2465 unam
689 2425 833 2474 po'e'tae
865 2422 1090 2475 privignam
1120 2422 1358 2475 denupfiffe:
1387 2421 1453 2462 sed
1473 2435 1588 2471 eam,
1617 2421 1686 2463 nifi
1709 2422 1851 2473 probes
1881 2423 2071 2465 Perillam
2089 2423 2225 2475 fuisse,
2246 2436 2334 2465 non
2352 2424 2478 2467 alien⁴

370 2476 463 2516 tior.
505 2490 602 2518 ecce
635 2476 703 2518 tibi
732 2476 874 2517 eadem
904 2477 1030 2524 rati0‚
1058 2487 1161 2526 quae
1193 2476 1308 2528 supra
1335 2475 1384 2517 de
1405 2475 1540 2516 Ovidii
1574 2473 1657 2516 filia
1676 2474 1846 2516 adducta
1865 2476 1941 2527 est,
1972 2478 2014 2516 in
2034 2477 2215 2517 medium
2238 2478 2478 2528 proferetur.
2531 2474 2533 2477 ’

372 2528 415 2570 Si
435 2531 635 2582 nusquam
659 2531 699 2570 in
723 2530 830 2570 libris
852 2529 1071 2578 Tristium‚
1102 2529 1139 2569 &
1158 2530 1207 2569 de
1230 2530 1363 2570 Ponto
1377 2560 1388 2580 ,
1417 2539 1528 2570 natas
1546 2529 1688 2581 plurali
1709 2541 1884 2570 numero
1902 2542 2074 2571 uxorem
2095 2531 2287 2581 habuisse,
2322 2531 2388 2571 sed
2410 2543 2482 2573 na-

372 2592 458 2623 tam
491 2585 676 2638 fingulari
695 2582 822 2624 Po'e'ta
851 2583 1029 2625 testatur:
1060 2582 1098 2623 &
1121 2583 1309 2624 Perillam
1335 2583 1458 2623 docet
1491 2592 1626 2623 natam
1662 2583 1748 2633 ejus
1770 2583 1897 2633 fuiffe,
1932 2596 1980 2623 ac
2003 2582 2181 2624 Suillum
2209 2584 2391 2633 ejusdem
2411 2597 2479 2639 ge-

374 2649 521 2678 nerum
542 2648 771 2688 nuncupat:
798 2650 938 2677 nonne
959 2645 1049 2687 apte
1068 2637 1329 2678 concluditur
1343 2668 1355 2687 ,
1381 2649 1470 2677 eam
1490 2636 1616 2677 filiam
1641 2636 1719 2677 esse
1739 2636 1957 2678 Perillam?
1987 2636 2156 2689 Utique.
2212 2637 2339 2691 Quod
2360 2638 2479 2693 igitur

374 2691 570 2742 superest,
601 2690 902 2743 prosequamur.
960 2689 1061 2732 Eam
1092 2690 1241 2743 filiam,
1272 2703 1376 2743 quae
1406 2700 1514 2743 patre
1545 2692 1730 2731 exulante
1757 2690 1834 2731 fuit
1853 2691 1894 2731 in
1914 2691 2115 2743 Aphrica,
2145 2703 2269 2743 quam
2292 2705 2312 2731 a
2335 2691 2480 2734 Perilla·

373 2744 571 2786 diversam
601 2744 676 2785 esse
703 2744 971 2786 ostendimus:
1002 2744 1117 2795 cujus
1141 2757 1298 2786 nomen
1326 2754 1434 2798 pater
1463 2744 1559 2796 ipse,
1593 2743 1910 2796 carminis'puto
1929 2744 2155 2786 neceffitate
2173 2744 2363 2798 coaetus,
2392 2758 2481 2787 non
2522 2752 2524 2754 ’

376 2799 532 2839 retulit:
564 2810 687 2850 quam
719 2798 891 2849 denique
909 2797 1023 2838 tertia
1042 2798 1126 2849 ejus
1148 2811 1275 2840 uxore
1294 2798 1501 2853 colligitur
1523 2810 1607 2839 non
1629 2797 1741 2839 fuiffe
1760 2808 2026 2851 conceptam,
2053 2809 2139 2840 utra
2157 2799 2352 2852 duarum,
2380 2809 2480 2852 quas

377 2860 468 2890 ante
496 2853 597 2892 hanc
619 2851 791 2892 Ovidius
818 2852 930 2893 duxit
956 2863 1152 2901 uxorem,
1174 2854 1352 2906 genitam
1377 2851 1603 2893 credimus?
1634 2852 1773 2893 Priore
1792 2853 1951 2905 potius,
1981 2865 2107 2904 quam
2126 2852 2353 2905 posteriore.
2382 2865 2481 2895 nam
2520 2850 2523 2854 ’

377 2913 423 2943 111
452 2906 530 2945 hoc
563 2905 816 2956 conjeerem,
846 2906 947 2945 ratio
977 2906 1073 2945 haec
1102 2906 1217 2946 facit:
1245 2906 1355 2957 quod
1384 2907 1485 2947 hanc
1524 2905 1680 2956 laudat,
1706 2906 1821 2946 illam
1852 2907 2059 2959 vituperat.
2090 2907 2258 2959 stultum
2277 2907 2410 2954 enim,
2439 2907 2480 2947 &

378 2959 527 2998 catenis
557 2959 697 2999 vinciri
726 2959 894 3011 dignum
926 2971 1023 2999 eum
1055 2959 1131 2999 effe
1153 2959 1342 3011 dixerim,
1375 2960 1441 3012 qui
1463 2961 1592 3001 filiam
1620 2961 1797 3011 aliquam
1824 2959 1990 3010 habens,
2018 2971 2145 3011 quam·
2161 2960 2371 3012 praecipue
2390 2959 2481 3000 dili-

379 3021 443 3064 gat
474 3014 544 3064 (ut
575 3014 738 3064 poetam
767 3011 901 3053 fecisse
928 3015 1115 3065 apparet)
1145 3026 1168 3052 a
1187 3015 1322 3054 matris
1344 3027 1429 3054 non
1452 3013 1638 3054 abstineat
1660 3014 1840 3054 crimine.
1872 3027 1970 3055 cum
1994 3013 2096 3054 illud
2114 3014 2154 3053 in
2177 3013 2282 3053 filiae
2304 3012 2478 3054 dedecus

380 3066 628 3118 reflectatur,
660 3066 697 3107 ἃ
718 3069 883 3122 vulgato
906 3066 1117 3118 proverbio
1137 3067 1214 3107 dici
1233 3067 1382 3119 soleat,
1412 3067 1494 3120 Qui
1516 3068 1665 3121 gallina
1685 3068 1882 3120 nascitur,
1913 3070 2023 3109 hunc
2040 3067 2256 3118 scalpurire
2274 3065 2482 3108 necessum·

379 3118 447 3159 est.
506 3119 608 3161 Non
638 3129 773 3161 tamen
813 3122 892 3161 hoc
925 3119 1117 3160 ultimum
1144 3121 1197 3161 ita
1226 3121 1376 3171 statuo,
1407 3132 1451 3162 111
1473 3120 1640 3162 Leston
1671 3122 1872 3177 integrum
1901 3121 1977 3162 esse
2000 3119 2131 3160 nolim
2152 3120 2332 3169 credere,
2364 3117 2480 3172 quod

382 3172 551 3216 libuerit.
606 3173 685 3217 Sed
713 3174 910 3228 quoniam
938 3174 1017 3216 hoc
1046 3174 1168 3218 etiam
1196 3176 1330 3229 quaeri
1362 3175 1383 3217 a
1416 3175 1629 3218 nonnullis
1656 3176 1808 3232 posset,
1834 3186 1937 3230 quae
1967 3186 2064 3216 nam
2085 3173 2258 3218 duarum
2277 3185 2479 3223 uxorum,

2383 3236 2479 3280 quas
