2547 3708
345 136 438 181 πᾶν,
856 119 1911 176 DentcA'rroNEsm
2361 101 2365 107 ’
2517 0 2547 140 N

346 218 494 268 cendo
531 216 889 282 persuadendum
924 218 1020 277 est,
1054 215 1288 281 supremus
1319 215 1485 267 docilior
1513 216 1781 265 Aristoteles
1812 215 2030 264 admit-tit.
2100 215 2157 262 In
2190 213 2457 274 Heroidum
2520 209 2547 307 3⁴

351 284 572 348 Epistolis
596 300 702 347 quas
723 295 892 329 vocant
905 303 922 338 3
960 298 1073 345 quae
1100 282 1329 334 Heroides
1350 282 1453 330 sunt
1477 282 1706 333 Prisciano
1723 304 1742 338 3
1777 285 1926 346 (cnjus
1953 293 2107 331 autem
2130 280 2256 343 genii
2285 296 2336 328 ac
2360 281 2454 330 sua·
2526 309 2547 344 ι,

352 352 507 398 vitatis
537 347 817 411 scriptuml)
852 348 1051 394 imitatio
1088 344 1338 398 affet'sstuum
1365 349 1413 395 in
1437 348 1600 410 quibus
1637 346 1815 409 semper
1844 358 2039 410 regnat,
2069 345 2117 407 in
2141 347 2373 403 Amorum
2402 346 2460 394 li·
2532 374 2547 407 ⁴.

354 416 476 474 bris,
510 415 648 478 vig'or
673 412 721 457 ἃ
748 413 949 458 luxuries
968 412 1097 459 beata
1113 446 1128 471 ,
1165 428 1280 475 quae
1304 412 1511 460 futurum
1536 411 1730 475 spondet
1753 424 1949 475 quantus
1971 410 2154 456 tandem
2185 411 2373 470 extitit,
2409 413 2461 460 ist
2537 414 2547 463 ὲ

351 482 469 528 Arte
507 496 558 526 ac
582 475 813 525 Remedio
839 479 1052 536 Amoris,
1086 476 1355 538 disponendi
1388 493 1440 524 ac
1474 476 1657 524 dicendi
1692 477 1840 535 rati0,
1873 473 2155 539 gravissimae
2185 473 2465 536 sententiae,
2528 476 2547 541 ’,ξ’

354 547 660 601 narrationes,
690 557 746 587 ac
772 557 1042 588 communes
1071 542 1191 601 loci,
1214 559 1328 605 quos
1351 559 1458 590 cum
1487 543 1686 589 maxima
1706 540 1983 587 dexteritate
2005 556 2056 587 ac
2079 539 2371 603 jucunditate
2391 538 2466 598 iti-f
2524 599 2525 603 Ἰ

354 609 486 669 serit,
520 611 568 655 in
591 605 1079 654 Transformationum
1110 606 1268 666 libris,
1300 621 1480 670 praeter
1499 608 1583 654 alia
1607 623 1704 654 non
1729 621 1898 670 pauca,
1932 604 2160 656 summum
2185 604 2336 664 orbis,
2371 604 2460 653 five
2528 601 2547 659 Ji

355 676 508 737 cycli,
545 687 683 735 quem
717 684 994 734 perpetuum
1029 673 1270 731 contexit,
1303 671 1589 732 artificium,
1619 669 1869 730 facundia,
1903 687 1955 716 ac
1995 669 2168 718 candor
2190 696 2215 728 ³,
2239 682 2464 732 quantum·
2530 663 2547 719 si

356 738 431 785 sua
456 754 507 784 ac
533 736 751 800 peculiari
775 736 931 782 indole
951 737 1413 796 excellunt,tantum
1436 734 1784 785 admirationem
1808 736 1856 783 &
1884 737 2122 800 ingenium
2146 733 2463 797 cujusque-ege
2530 739 2547 791 ³322

357 803 542 848 cedunt.
613 801 676 846 Et
713 800 910 861 ubique,
947 815 1062 863 quot
1098 802 1414 861 narrationes,
1448 815 1524 849 tot
1558 803 1771 849 Sirenum
1808 802 1988 847 cantica
2018 816 2070 846 ac
2103 815 2274 857 voceS,
2312 798 2467 848 habes.
2526 801 2547 861 ζ’

357 864 522 915 Nemo
547 866 824 923 Poetarum,
859 878 1133 928 argumenta
1162 866 1563 931 graviora,·quod
1586 883 1643 913 ex
1677 866 1731 917 iis
1753 882 1866 928 quae
1889 866 2161 913 interierunt
2195 877 2352 927 patet3
2389 880 2467 911 ne·
2526 881 2532 900 ¹·

358 948 436 977 mo
462 932 635 978 leviora
660 938 738 976 aut
765 930 1038 989 humiliora,
1072 932 1336 979 exornanda
1365 931 1447 978 fibi
1471 930 1678 994 sumpsit.
1747 931 2002 979 Neminem
2035 930 2310 976 dexteritate
2337 928 2486 981 fimilir-
2528 960 2532 976 ,-

359 995 584 1042 versatum
608 995 655 1040 in
678 993 880 1057 utrisque
896 1029 910 1054 ,
947 995 1086 1041 fidem
1107 995 1282 1047 faciunt
1305 1013 1412 1060 prae
1432 998 1620 1043 caeteris
1645 1011 1759 1058 quae
1778 1008 1953 1042 extant.
2001 994 2076 1041 Ad
2100 993 2477 1058 Philosophiam,
2528 1019 2530 1023 ⁷

360 1064 491 1125 cujus
515 1060 680 1107 domos
703 1076 861 1106 omnes
884 1076 934 1106 ac
960 1060 1150 1107 familias
1172 1061 1407 1120 lustrarat,
1442 1074 1520 1110 aut
1542 1062 1887 1107 Mathematum
1914 1060 2148 1118 scientias,
2182 1074 2291 1105 cum
2314 1058 2473 1115 tranfit
2530 1103 2534 1112 2

358 1127 433 1172 vel
456 1126 673 1184 divertit,
709 1141 803 1188 quo
828 1124 1092 1172 obscuriora
1114 1125 1216 1172 sunt
1239 1142 1352 1189 quae
1377 1126 1542 1185 docet,
1569 1141 1625 1172 eo
1650 1126 1798 1175 minus
1820 1125 2006 1184 haeret,
2038 1125 2184 1188 magis
2206 1122 2398 1174 candide
2419 1132 2476 1178 ac·

363 1190 636 1254 {impliciter
657 1190 853 1252 exponit
877 1190 1100 1253 quicquid
1129 1190 1292 1237 didicit
1327 1204 1406 1238 aut
1431 1191 1586 1237 docet.
1655 1191 1787 1237 Nam
1810 1192 1864 1236 *in
1887 1206 1937 1236 ea
1959 1204 2114 1253 parte,
2149 1205 2285 1252 quam
2311 1190 2477 1237 Mora*
2531 1205 2534 1207 “

361 1256 452 1308 lem
478 1255 670 1313 dicunt,
704 1256 772 1301 ita
793 1254 951 1301 creber
973 1255 1040 1301 est
1061 1267 1138 1302 aut
1161 1268 1313 1313 totus,
1347 1270 1398 1303 ut
1425 1256 1608 1307 oracula
1630 1255 1801 1318 ubique
1825 1254 1879 1302 ad
1901 1256 2044 1302 vitam
2066 1255 2304 1301 neceffaria
2323 1252 2479 1306 effun-
2531 1296 2533 1314 Σ

362 1320 466 1372 dat:
505 1336 656 1383 neque
683 1318 774 1366 fine
794 1319 922 1365 causa
944 1320 1148 1366 Ethicen
1169 1336 1226 1366 ex
1249 1322 1346 1385 ejus
1376 1320 1556 1385 scriptis
1583 1319 1767 1383 quidam
1802 1322 1888 1381 jam
1920 1319 2179 1366 formarint.
2213 1319 2387 1382 semper
2409 1318 2477 1376 sui
2530 1344 2534 1374 ;

363 1384 546 1443 fimilis,
580 1398 659 1431 aut
682 1385 845 1446 major.
881 1386 1018 1432 etiam
1044 1397 1191 1431 aetate
1215 1385 1319 1443 illa,
1353 1401 1441 1448 qua
1466 1385 1678 1431 nonnulli
1712 1383 1950 1442 definunt,
1985 1397 2064 1431 aut
2095 1384 2334 1446 languent.
2402 1383 2476 1432 Ut
2530 1383 2533 1387 ’

365 1448 758 1507 foecunditatem,
793 1465 929 1511 quam
954 1449 1189 1496 licentiam
1216 1451 1427 1496 nonnulli
1456 1464 1533 1496 aut
1559 1450 1785 1497 lasciviam
1811 1449 2055 1508 dixerunt,
2090 1447 2332 1495 infelicitas
2353 1449 2476 1495 Poe'·
2532 1505 2534 1512 .

363 1527 436 1565 tae
458 1526 537 1560 aut
558 1513 760 1561 senefihis
792 1513 1051 1577 castigasse,
1086 1513 1385 1575 suavitatem,
1417 1515 1553 1561 etiam
1576 1515 1775 1574 auxiffe,
1808 1515 2031 1561 videatur.
2099 1512 2248 1572 Qod
2278 1512 2483 1561 inlibris

367 1581 416 1626 T
421 1580 594 1631 ristium
611 1613 637 1641 ,η
663 1579 711 1624 ὃς
733 1594 849 1641 quos
872 1578 928 1624 de
952 1580 1108 1625 Ponto
1131 1578 1309 1642 scripfit
1324 1614 1339 1639 ,
1374 1581 1521 1643 quivis
1544 1579 1684 1627 videt.
1730 1581 1787 1628 In
1808 1579 1973 1643 quibus
1997 1577 2177 1624 cultum
2204 1577 2280 1641 qui
2304 1576 2477 1624 defide-
2532 1579 2534 1594 '

367 1657 468 1690 rant
484 1679 499 1704 ,
529 1642 757 1706 judicium
782 1644 831 1689 in
854 1643 950 1689 hoc
961 1644 1405 1707 judicio'defiderari
1427 1646 1564 1692 etiam
1591 1662 1615 1692 a
1640 1645 1774 1693 nobis
1796 1645 2046 1707 patientur.
2080 1658 2188 1688 cum
2215 1658 2362 1704 neque
2384 1643 2499 1701 hoc*

365 1709 613 1772 spes-taret,
647 1709 720 1755 cui
743 1708 844 1754 satis
869 1708 1004 1767 effer,
1039 1708 1155 1755 nihil
1178 1709 1404 1755 ostentare
1436 1711 1482 1757 in
1508 1710 1661 1758 infin:
1698 1725 1846 1774 neque
1871 1708 2023 1756 cultus
2046 1706 2224 1770 semper
2255 1706 2369 1753 abfit
2402 1707 2492 1771 qui,
2532 1710 2535 1727 ¹

367 1790 462 1821 non
487 1772 755 1823 ostentatur.
790 1773 888 1830 Qii
913 1789 1006 1821 non
1030 1773 1153 1820 deest
1174 1774 1317 1821 inhis
1350 1775 1474 1822 libris
1491 1808 1505 1833 ,
1540 1774 1611 1821 sed
1637 1774 1918 1837 simplicitati
1943 1789 1995 1819 ac
2024 1772 2237 1830 candori,
2272 1772 2364 1818 hoc
2387 1771 2487 1832 est„

369 1839 583 1886 instituto
611 1837 802 1883 maxi-mi
823 1838 1024 1896 Poetae,
1058 1837 1196 1884 cedi-t.
1233 1838 1353 1885 Illud
1380 1851 1532 1886 autem
1557 1854 1779 1903 quantum
1803 1838 1884 1897 fit,
1923 1835 2171 1901 pauciffimi
2196 1837 2478 1899 intelligunt.
2533 1867 2536 1902 3

371 1903 650 1967 Qianquam
667 1936 683 1962 ,
718 1903 765 1948 in
791 1902 1120 1965 posterioribus
1147 1903 1432 1964 praesertim,
1470 1921 1617 1968 neque
1641 1906 1779 1967 vigor
1801 1904 1919 1950 idem
1944 1902 2118 1965 semper
2141 1900 2280 1960 adsit,
2295 1901 2343 1949 &
2365 1917 2480 1948 non·

366 1984 602 2031 nunquam
634 1983 819 2013 manum
856 1967 1011 2030 potius
1043 1968 1219 2031 injiciat
1256 1968 1443 2031 fortuna
1483 1971 1582 2016 viro
1617 1986 1755 2032 quam
1786 1967 2002 2015 senestus.
2069 1966 2270 2013 Accedit
2305 1965 2495 2019 summan
2534 2010 2536 2020 ,

369 2049 555 2080 morum
587 2030 836 2078 amabilitas
873 2047 927 2078 ac
961 2031 1161 2079 candor:
1196 2031 1370 2080 summa
1406 2035 1664 2085 amicorum
1700 2033 1983 2083 observantia
2007 2047 2059 2078 ac
2095 2031 2271 2077 cultus:
2306 2029 2487 2086 summae
2534 2029 2536 2088 ζ

367 2113 476 2161 erga
499 2099 750 2160 conjugem
766 2096 1027 2159 benignitas
1039 2113 1091 2143 ac
1112 2113 1240 2144 amor
1257 2089 1480 2149 :maxima
1503 2112 1745 2162 parentum
1773 2096 2024 2155 reverentia
2045 2111 2098 2141 ac
2120 2094 2318 2140 studium
2335 2111 2345 2140 :
2360 2094 2486 2142 sum-w
2534 2091 2538 2102 ’

371 2178 446 2213 ma
469 2161 667 2223 denique
687 2161 827 2206 animi
854 2162 1108 2225 integritas.
1144 2178 1259 2225 quae
1283 2162 1474 2209 fimilem
1499 2164 1706 2210 colorem
1729 2162 1906 2225 scriptis
1928 2175 2113 2223 quoque
2136 2157 2483 2217 affundunt,&

372 2227 621 2289 imaginem
645 2225 692 2274 in
715 2225 768 2270 iis
798 2223 862 2271 sui
898 2225 1242 2287 repraesentant.
1313 2228 1450 2285 Qiae
1475 2244 1569 2291 quo
1601 2228 1792 2291 propius
1816 2226 1842 2272 a
1864 2225 1957 2272 fine
1981 2236 2104 2272 vates
2135 2222 2284 2283 abest,
2319 2223 2490 2280 clarius
2535 2229 2538 2283 ξ

371 2291 554 2341 elucent
569 2323 584 2349 ,
619 2288 816 2354 ideoque
840 2290 1157 2338 vehementius
1181 2290 1420 2338 delcetant.

566 2381 627 2429 Ut
650 2378 724 2441 effiv
745 2381 902 2426 Phoebz
927 2383 1083 2427 dulcius
1106 2385 1240 2428 lumen
1257 2381 1357 2433 ffilet
1426 2404 1430 2408 ·

563 2446 674 2505 Jam
683 2445 782 2504 jam
806 2446 1010 2491 cadentis:
1047 2446 1160 2505 astra
1184 2462 1275 2491 cum
1297 2455 1482 2505 repetunt
1502 2447 1650 2503 vices„

565 2510 862 2571 Premiturque
884 2511 1033 2572 dubius
1052 2515 1165 2556 ηοὲῗε
1184 2512 1324 2557 vicina
1347 2511 1447 2555 dies.

378 2603 588 2652 Tantum
615 2603 753 2648 nimia
776 2601 802 2648 a
823 2603 1027 2649 moribus
1050 2602 1235 2649 licentia
1257 2618 1308 2648 ac
1344 2601 1471 2648 libris
1504 2601 1728 2649 abfuiffet.
1764 2618 1852 2664 qua
1876 2615 1928 2650 ut
1960 2603 2080 2650 vitae
2113 2602 2390 2666 puritatem,
2424 2603 2494 2652 ita-⁴
2536 2598 2539 2654 ξ

375 2668 544 2729 scripta
567 2667 681 2714 locis
707 2666 885 2729 aliquot
913 2684 1008 2714 non
1032 2682 1191 2729 parum
1216 2667 1487 2730 inquinavit.
1521 2663 1646 2728 quod
1668 2667 1740 2719 vel
1766 2667 1927 2713 saeculi
1951 2669 2022 2714 vel
2044 2670 2169 2714 aulae
2191 2668 2492 2732 corruptelis„

375 2732 598 2796 pulchrae
621 2732 823 2791 animae,
860 2747 972 2792 quae
997 2733 1111 2778 tanti
1137 2732 1222 2777 viri
1247 2732 1389 2794 genio
1419 2730 1685 2794 assurgunt,
1719 2731 2021 2780 lubentiffime
2052 2726 2316 2779 asscribunt.
2384 2730 2493 2796 Ipse
2537 2750 2547 2790 i:

376 2811 529 2845 autem
554 2796 755 2842 summus
777 2797 941 2844 artifex
958 2830 973 2855 ,
995 2796 1206 2843 ‘secundo
1228 2795 1481 2853 Tristium,
1513 2796 1737 2859 exemplis
1766 2798 1864 2842 aevi
1887 2797 1951 2843 sui
1987 2799 2141 2860 potins
2176 2813 2310 2861 quam
2343 2792 2488 2844 ratio*
2538 2797 2547 2847 l

376 2863 541 2919 nibus,
573 2860 772 2907 excusat.
842 2862 967 2907 Nam
1003 2873 1295 2924 praetextum
1331 2860 1609 2925 penetrabat.
1646 2878 1737 2924 quo
1772 2861 1966 2908 libenter
1987 2862 2206 2926 Princeps
2239 2861 2497 2917 utebatur'e
2538 2851 2546 2912 l

377 2943 434 2975 ne
470 2925 766 2972 domesticam
803 2926 1106 2972 calamitatem
1134 2926 1183 2973 &
1205 2924 1513 2989 opprobrium
1544 2925 1779 2988 vulgaret:
1816 2942 1923 2972 cum
1959 2926 2211 2974 nobilitatis
2241 2923 2486 2988 scopulum
2537 2925 2547 2985 Ι,

377 3007 429 3039 ac
459 2992 617 3052 Syrtin
639 2990 766 3035 domi
793 2988 893 3035 snae
912 2990 1140 3037 educaret.
1176 2992 1298 3037 circa
1321 3006 1457 3054 quam
1483 3001 1556 3036 tot
1581 2991 1665 3038 viri
1694 2988 1984 3049 nobilissimi,
2019 3004 2093 3038 tot
2118 2990 2340 3053 Equites,
2373 3004 2482 3037 nau·

377 3055 575 3118 fragium
603 3053 829 3109 fecerunt,
864 3071 979 3118 quos
1007 3068 1084 3101 aut
1106 3055 1387 3119 relegatione
1411 3056 1545 3101 Pater
1565 3068 1644 3101 aut
1669 3056 1811 3102 exilio
1837 3055 2091 3102 muletavit.
2150 3055 2280 3102 Inter
2301 3070 2414 3119 quos
2433 3053 2490 3103 δι’
2539 3078 2541 3109 3

375 3121 549 3177 istum>
584 3135 689 3165 cum
716 3118 884 3164 invidia
909 3119 1214 3182 posteritatis,
1251 3136 1302 3166 ac
1339 3131 1413 3166 tot
1444 3118 1729 3181 saeculorum
1767 3118 1908 3167 luCtu.
1977 3120 2198 3178 Interim,
2232 3135 2338 3167 cum
2360 3119 2493 3179 Julian
2539 3118 2547 3177 3

376 3185 493 3249 quid
509 3184 574 3233 illi
599 3183 738 3231 fuerit
762 3185 1066 3244 commercii,
1101 3184 1135 3234 fi
1157 3185 1271 3235 scire
1295 3184 1390 3243 vis,
1417 3183 1594 3231 facilius
1617 3184 1826 3249 negando
1850 3182 2120 3248 respondere
2143 3184 2338 3248 possum.
2377 3184 2431 3230 N
2435 3198 2487 3228 e·.·-

2395 3260 2494 3309 que·
2540 3259 2547 3314 Γ
