2547 3708
341 152 438 220 236
674 125 2135 209 TESTIMONI'AETJUDICIA

437 240 606 289 xSacra
626 239 740 298 dies,
772 241 936 302 inquit:
971 250 1073 299 quae
1088 237 1275 296 primum
1299 236 1400 281 lucis
1421 236 1465 280 in
1486 248 1615 281 auras

534 305 748 368 Nastinem
761 306 948 364 populis,
984 302 1037 354 {9⁹
1062 302 1142 346 tibi
1162 302 1329 359 Roma,
1363 301 1502 346 tulit.-

470 371 600 419 Hanc
624 387 715 433 ego,
736 369 813 431 fta
835 371 1009 428 Lyciam
1024 400 1038 425 ,
1073 376 1339 427 maternaque
1360 367 1506 411 littora
1529 364 1664 423 calco,

538 438 622 484 Seu
645 437 806 483 Boreae
818 434 934 497 sedes
956 432 1199 495 tesquaque,
1232 433 1365 478 laetus
1386 446 1475 493 ago.

474 502 534 550 N
530 518 570 548 ec
575 502 719 560 pudet,
730 499 786 553 ἐξ
800 499 998 561 referam,
1014 512 1251 559 quanquam
1257 497 1387 565 pudet
1401 496 1555 557 (omnia
1569 505 1717 542 vatem

541 568 654 614 Scire
674 567 810 620 decet3
843 566 994 610 coelum
1016 563 1187 609 vatibus
1208 578 1321 610 omne
1337 566 1459 622 patet
1472 562 1503 616 :)

471 633 569 679 Nos
587 647 736 692 quoque
756 632 870 691 lacsst
892 631 1057 686 Amor,
1092 630 1345 688 volucrisque
1359 628 1546 687 potentia
1568 624 1715 684 Divi,

536 698 600 742 Et
609 694 722 757 satis
742 697 786 741 in
807 696 907 740 coelo
923 693 1081 755 fabula
1103 703 1201 740 nota
1209 692 1374 755 seimus

470 762 566 808 Nec
588 763 735 821 loquar
755 769 831 805 aut
853 760 1026 805 Chiones
1038 758 1310 819 pulchraeque
1323 758 1536 804 Coronidis
1555 759 1712 819 ignem,

535 828 632 872 Aut
655 835 835 870 veterem
859 825 1093 885 Daphnes,
1127 834 1229 882 aut,
1254 823 1492 882 Hyacinthe
1507 856 1522 882 ,
1546 832 1683 868 tuum,

472 891 537 937 Et
562 906 832 951 quemcunque
842 890 922 952 suo
945 890 1108 936 deducit
1135 891 1317 936 carmine
1340 888 1499 947 noster,

538 958 646 1002 Cum
659 956 796 1018 facies
817 955 959 1018 versas
982 956 1110 1002 nobile
1131 964 1277 1001 cantat
1297 968 1421 1014 opus:

471 1022 658 1083 Pelignis
681 1023 848 1067 memini
870 1021 1019 1082 vixiffi’
1033 1019 1276 1081 salubribus
1299 1021 1409 1065 olim.

539 1087 694 1147 Caufflt
709 1087 804 1148 fuit
816 1085 952 1148 facies
967 1084 1332 1150 grataqueeforma
1355 1085 1492 1131 Deae.

469 1153 675 1212 Nympha
697 1152 822 1214 fuit,
858 1153 983 1197 vultu
1017 1164 1030 1210 ς
1044 1154 1080 1207 fi
1101 1153 1316 1212 quiequam
1340 1151 1470 1197 credis
1490 1148 1714 1208 amanti,)

536 1218 687 1280 Digna
715 1219 806 1263 Deo
831 1219 943 1263 natis
967 1215 1232 1278 coelicolisque
1251 1218 1351 1262 coli:

474 1285 634 1341 Clara,
664 1298 789 1345 genus
815 1283 997 1342 Solymi,
1032 1282 1189 1341 Solymo
1211 1283 1478 1344 cognominis:
1513 1282 1542 1327 ὰ
1562 1295 1641 1343 quo

538 1349 771 1395 Sulmonem
786 1351 977 1407 patriam
987 1346 1071 1410 scis
1093 1347 1275 1408 habuiſje
1285 1347 1428 1409 situm.

473 1415 688 1460 Ulteriora
701 1413 865 1477 sequor.
893 1413 1042 1474 studiis
1063 1429 1141 1459 non
1164 1415 1239 1459 illa
1261 1413 1493 1460 Minervae

537 1479 731 1537 Dedita,
766 1495 835 1525 nec
845 1477 981 1540 sylvis
1002 1477 1321 1541 arboribusque,
1345 1477 1455 1539 fuit.

473 1546 579 1593 Non
604 1546 668 1590 illi
680 1545 885 1604 juvenes,
920 1560 998 1590 non
1020 1545 1084 1590 illi
1097 1545 1283 1605 stamina
1309 1559 1458 1590 curae:

539 1611 644 1658 Non
662 1610 780 1655 radio
798 1610 909 1655 docte
924 1643 941 1669 ,
973 1624 1050 1656 non
1072 1610 1166 1656 bene
1183 1612 1321 1672 pingit
1345 1625 1436 1655 acu.

475 1676 658 1721 Carmen
681 1684 801 1721 amat
823 1685 1016 1733 tantum,
1050 1674 1278 1737 nostrasque
1299 1675 1561 1734 amplectitur
1576 1682 1715 1720 artes:

538 1743 719 1786 Carmen
741 1750 857 1786 amat
880 1750 1075 1797 tantum,
1109 1741 1322 1804 nostraque
1333 1740 1462 1802 sacra
1484 1741 1594 1786 colit.

474 1805 666 1868 Negligit
689 1805 743 1857 ὅς’
755 1805 959 1866 formam.
972 1804 1107 1866 facies
1115 1809 1208 1867 fine
1227 1806 1399 1852 cultibus
1425 1806 1535 1851 ullis.

538 1872 604 1916 Et
631 1874 762 1933 magis
782 1871 856 1916 hoc
879 1870 988 1933 ipso,
1024 1873 1200 1917 cultibus
1222 1873 1348 1930 orba,
1376 1873 1526 1930 placet.

474 1936 569 1983 .Hoc
590 1951 743 1997 quoque
755 1935 853 1996 jam
872 1938 979 1997 (quis
990 1939 1098 1982 enim
1113 1939 1280 1997 propria
1295 1953 1372 1983 non
1384 1938 1574 1998 tangitur
1583 1931 1715 1991 arte?)

539 2001 751 2049 Materies
771 2000 894 2062 nostri
914 2016 1063 2064 magna
1078 2000 1243 2062 furoris
1261 2012 1368 2047 erat.

472 2067 602 2127 Saepe
626 2070 740 2114 canit
762 2067 964 2127 vultuque
985 2066 1117 2128 ipsum
1141 2067 1394 2114 commendat
1415 2066 1675 2125 Homerum,

539 2132 711 2195 =Quique
721 2130 826 2194 suas
851 2131 1009 2192 Ascrae
1028 2135 1217 2194 gramine
1234 2135 1363 2192 pavit
1386 2129 1503 2177 oves!

479 2196 608 2257 Saepe
628 2199 738 2255 lyrae
757 2196 912 2242 dulcem
935 2198 1076 2259 digitis
1097 2198 1373 2244 accommodat
1395 2206 1557 2255 artem,

541 2262 766 2322 Alcaeique
788 2264 972 2320 animos,
1009 2263 1304 2324 Stesichorique
1328 2262 1476 2307 modos.

471 2326 680 2381 .Nondum
693 2326 793 2372 haec
805 2326 1013 2388 Ausoniae
1025 2329 1283 2375 celebrabant
1297 2328 1467 2373 numina
1479 2322 1719 2384 NJmphae:

544 2391 597 2440 V
591 2393 632 2437 ix
657 2389 812 2453 Adusas
830 2394 954 2438 Latii
973 2403 1062 2438 tum
1084 2395 1236 2439 coluere
1256 2395 1358 2439 viri.

481 2458 599 2504 Cura
619 2454 708 2503 viri
731 2458 884 2514 lituus,
917 2459 1174 2518 clypeusque,
1207 2459 1262 2510 &⁹
1285 2457 1429 2516 caffis,
1465 2455 1520 2507 &⁹
1541 2452 1679 2514 hasta.

540 2523 658 2569 Pars
673 2524 913 2583 propriam,
941 2526 1094 2582 pofitus
1118 2538 1240 2581 rure,
1275 2523 1427 2568 colebat
1449 2520 1635 2565 humum.

479 2587 634 2636 [Matre
648 2586 731 2649 sub
755 2590 909 2633 immiti
930 2588 1129 2633 ducebant
1142 2586 1268 2649 pensa
1286 2588 1472 2647 puellae:

544 2656 639 2700 Aut
664 2653 756 2711 plus
778 2663 854 2697 aut
866 2650 1039 2713 fhlitum
1059 2668 1237 2714 quaeque
1257 2652 1455 2698 trahebat
1475 2663 1586 2710 opus.

480 2718 644 2767 Incalui
655 2716 822 2778 fateor:
857 2733 925 2762 nec
934 2715 1028 2778 spes
1048 2715 1209 2777 affulstt
1230 2719 1407 2763 amanti.

544 2783 667 2828 Haec
684 2797 836 2843 quoque
855 2797 931 2843 quo
952 2784 1085 2827 minor
1103 2781 1184 2842 est,
1206 2781 1277 2828 hoc
1298 2784 1427 2845 magis
1449 2787 1566 2842 urget
1588 2794 1720 2826 amor.

479 2848 662 2896 Deferui
684 2849 861 2903 coelum,
897 2847 1149 2908 Pelignaque
1166 2846 1329 2905 saucius
1351 2860 1463 2893 arva

545 2912 784 2975 Ingredi0r3
811 2910 958 2970 forma
987 2911 1259 2969 difflmulante
1287 2914 1438 2959 Deum.

479 2970 544 3024 Et
558 2979 673 3024 modo
687 2975 1070 3038 cantantemsequor
1080 3011 1096 3037 ,
1119 2977 1173 3029 {9³
1185 2979 1298 3024 modo
1306 2980 1464 3038 pleolra
1477 2985 1719 3024 moventem.

544 3044 675 3090 Nunc
690 3044 891 3101 plectrum
914 3058 1081 3100 moveo,
1113 3059 1217 3088 nunc
1230 3046 1346 3102 prior
1365 3043 1446 3105 ipse
1466 3057 1580 3089 cano.

481 3107 546 3154 Et
558 3108 727 3168 placui,
749 3106 884 3168 fhnfi:
921 3110 997 3168 nist
1008 3111 1051 3169 fi
1068 3109 1263 3168 placuiffi’
1278 3111 1450 3169 putavi.

540 3174 632 3224 Scis
652 3187 780 3236 quam
802 3173 851 3220 de
863 3172 994 3237 facili
1015 3188 1165 3222 cornua
1177 3172 1328 3238 sumat
1353 3188 1516 3223 amans.
