2547 3708
700 115 761 170 P.
836 107 1252 169 OVrDH
1323 104 1866 165 NASONIS

405 227 510 283 105
546 214 755 286 Pompa
781 223 961 284 par-ata
989 209 1202 273 tibiest,
1228 209 1368 265 votis
1391 224 1542 264 mora
1567 204 1796 263 tristibus
1821 204 1946 262 abfit
1962 243 1995 272 ,.

628 286 714 340 Da
732 286 978 357 jugulum
1004 284 1226 346 cultris,
1249 282 1416 337 hostia
1443 280 1584 342 dira,
1622 279 1774 334 meis.

554 359 730 415 Terra
757 358 852 411 tibi
876 357 1056 427 fruges
1073 396 1090 421 ,
1127 355 1293 411 amnis
1319 354 1416 409 tibi
1441 353 1679 423 deneget
1703 351 1912 416 undas,..

628 432 880 502 Deneget
908 428 1135 485 adflatus
1164 441 1353 483 ventus
1380 426 1434 480 δε
1460 442 1584 480 aura
1606 424 1740 479 suos.

559 506 677 561 Nec
705 504 802 558 tibi
828 502 917 557 Sol
943 503 1111 555 clarus
1128 541 1142 565 ‚
1181 518 1283 555 nec
1308 499 1368 554 fit
1394 498 1491 552 tibi
1518 497 1691 552 lucida
1718 495 1938 551 Phoebe
1951 520 1985 559 ,2

417 597 514 667 tto

621 576 923 631 Destituant
950 572 1327 628 oculos-sidera
1352 571 1488 625 clara
1513 582 1649 624 tuos.

558 650 677 706 Nec
701 649 751 703 se
775 648 1051 702 Vulcanus
1067 686 1082 710 ,
1122 662 1224 700 nec
1249 645 1301 699 se
1326 643 1421 699 tibi
1446 642 1694 714 praebeat
1718 645 1854 706 aer,

635 722 753 776 Nec
778 720 876 774 tibi
901 720 992 773 det
1026 720 1206 780 telluS,
1244 735 1345 773 nec
1371 715 1466 770 tibi
1493 729 1688 786 pontus
1711 715 1829 769 iter.

562 794 757 860 Exsul,
793 793 945 864 inops
971 809 1152 860 erreS,
1182 792 1457 862 alienaque
1479 788 1658 842 limina
1685 787 1911 842 lustres:>

635 866 1016 943 Exiguumque
1041 878 1198 942 petas.
1214 880 1309 919 ore
1334 874 1599 917 tremente
1623 859 1822 916 cibum.

273 1135 383 1176 'orbis-
414 1142 594 1176 terrarum·
647 1140 765 1184 partes
812 1131 1006 1181 dispersum
1053 1131 1093 1171 &
1140 1131 1320 1181 propagass

275 1196 367 1226 tum.
397 1187 597 1226 SALVAGN.
634 1189 777 1224 Pectora
800 1185 914 1231 vestra
935 1195 1029 1227 uuus
1055 1184 1180 1223 Patav.
1201 1184 1321 1222 Hein-

276 1237 346 1305 sius
367 1238 552 1283 malebat,
582 1247 716 1287 corpora
733 1237 868 1285 moesta.-

329 1317 413 1346 102.
442 1302 615 1353 Nigrae]
647 1301 780 1350 Rublae.
809 1300 926 1339 Cion.

331 1383 414 1419 103.
441 1378 578 1409 Sumere
597 1367 741 1417 vittas]
772 1374 901 1404 Poenas
919 1367 992 1406 MS.
1013 1367 1234 1406 Bersmanni.
1251 1378 1323 1405 tae-

275 1424 341 1461 'das
368 1434 461 1461 unus
488 1422 686 1459 Vaticanus
707 1421 745 1457 ἃ
767 1419 925 1467 Regius:
953 1420 990 1456 δί
1013 1420 1061 1456 ita
1084 1419 1254 1457 Zarottus
1273 1419 1325 1465 le-

281 1472 370 1523 gisse
389 1473 547 1511 videtur.
571 1471 674 1518 vestes
693 1469 795 1508 ofto.
822 1469 943 1506 taedae
955 1481 1031 1507 non
1054 1469 1150 1507 male
1168 1482 1251 1506 arae
1261 1470 1325 1516 fu-

278 1525 369 1562 neris
384 1551 394 1568 ,
423 1522 458 1561 id
479 1523 527 1561 est
544 1535 636 1571 rogo
661 1549 671 1566 ‚
707 1519 966 1559 convenirent.
987 1521 1111 1568 inepte
1128 1519 1321 1558 Domitius

277 1587 383 1612 aram
406 1585 553 1611 carmen
572 1573 851 1621 interpretatur,
880 1571 918 1608 &
938 1570 1109 1608 Zarottus
1132 1571 1176 1607 ab
1195 1571 1320 1615 ἀρῶμκ

275 1625 441 1669 derivat,
469 1632 508 1662 ut
518 1623 559 1662 fit
571 1623 802 1671 imprecatio.
828 1621 887 1658 sed
900 1620 962 1658 hic
975 1634 1039 1658 ara
1051 1620 1121 1664 est',
1150 1621 1194 1658 ad
1207 1632 1320 1670 quam

273 1675 499 1724 jugularetur
513 1702 525 1719 ‚
547 1676 604 1712 cui
618 1675 725 1711 vittas
736 1672 833 1711 reete
846 1673 1048 1710 convenire
1070 1679 1175 1710 notat
1187 1671 1322 1712 Bersm.

278 1737 326 1771 ex
348 1726 451 1775 Virg.
469 1737 518 1764 11.
536 1724 629 1763 AEn.
651 1733 737 1773 155.

605 1811 666 1835 vos
683 1810 766 1834 arae
791 1798 947 1847 ensesque
966 1803 1144 1841 Deorum,

329 1851 426 1899 Quos
439 1849 542 1898 fugi,
569 1849 751 1897 vittaeque
773 1847 890 1886 Deum
908 1875 918 1893 ,
944 1862 1030 1897 quas
1051 1849 1157 1896 hostia
1173 1847 1260 1897 geffli.

280 1933 357 1960 aras
380 1923 491 1960 etiam
512 1919 749 1969 sepulchrales
763 1946 774 1962 ‚
800 1919 837 1956 ὃς
860 1916 1021 1965 rogales,
1048 1928 1143 1965 quae
1162 1919 1198 1955 in
1219 1919 1326 1956 fune-

280 1972 375 2010 ribus
387 1972 640 2021 erigebantur,
652 1969 673 2007 a
690 1970 816 2007 Poetis
828 1968 1155 2007 celebrarinotum.
1183 1969 1269 2008 vide
1280 1967 1326 2007 ad

280 2023 368 2069 yal.
385 2022 481 2061 Flac.
499 2034 536 2060 V.
559 2031 618 2060 10.
643 2020 780 2057 Eum.-

335 2098 419 2133 105.
446 2084 621 2133 Parata.]
653 2085 804 2122 Perabla
817 2084 943 2122 Petav.
964 2080 1003 2120 δέ
1023 2081 1134 2121 alius:
1158 2080 1328 2122 sOllemni

281 2137 569 2187 permutatione.
588 2133 662 2174 vid.
682 2146 719 2172 v.
739 2132 928 2183 Epist.·41.

341 2209 423 2247 106.
451 2213 509 2244 Da
524 2205 689 2256 jugulum
718 2202 876 2252 cultris]
934 2201 969 2239 Is
999 2200 1141 2246 culter,
1166 2201 1269 2249 cujus
1286 2200 1324 2238 in

281 2259 461 2298 sacrificiis
473 2257 575 2301 usus,
594 2256 738 2306 proprie
751 2254 912 2303 secespita
932 2252 1118 2290 dicebatur
1132 2279 1143 2296 ‚
1170 2253 1325 2289 authore

283 2310 402 2348 Festo.
431 2309 629 2347 Caeterum
649 2314 758 2344 acuta.
775 2303 903 2342 omnia
926 2304 1148 2340 ferramenta
1166 2302 1326 2350 generali

284 2359 469 2399 vocabulo
500 2358 607 2396 cultri
631 2356 857 2396 vocabantur
879 2382 890 2399 ,
928 2354 966 2391 &
1003 2353 1137 2390 horum
1170 2353 1323 2402 quidem

285 2411 362 2449 duo
382 2421 538 2460 genera,
564 2420 653 2447 nam
675 2408 739 2457 qui
768 2406 890 2444 secant
911 2408 1064 2451 secum,
1094 2403 1159 2452 qui
1179 2404 1326 2451 planant

286 2461 431 2498 dolabra
464 2460 544 2499 sunt
564 2487 575 2505 ,
612 2467 653 2497 ut
684 2470 729 2496 ex
759 2457 813 2494 his
835 2455 999 2505 ejusdem
1017 2453 1113 2491 Festi
1132 2453 1324 2502 colligitur:

285 2517 430 2549 Scenam
448 2523 552 2560 genus
570 2508 675 2547 cultri
692 2507 789 2557 fuisse
800 2505 1021 2553 manifestum
1041 2504 1085 2551 est
1098 2531 1109 2548 ,
1131 2504 1193 2553 sed
1208 2515 1330 2541 utrum

278 2562 410 2611 securis
430 2575 477 2599 an
499 2560 643 2597 dolabra
652 2559 702 2608 stt
722 2557 924 2607 ambigitur.
953 2556 1151 2594 ΒΑΛ-ΜΘΝ.
1185 2555 1255 2593 Pro
1277 2556 1331 2593 di-

286 2625 329 2649 ra
342 2640 352 2658 ,
365 2613 455 2650 dura
474 2612 616 2650 Moreti
633 2610 798 2648 habebat.

285 2687 291 2718 ε
342 2689 426 2724 107.
453 2683 558 2715 Terra
579 2675 643 2715 tibi
655 2672 810 2726 fruges.]
839 2673 941 2712 Hinc
959 2672 1100 2712 orditur
1114 2671 1206 2711 diras
1225 2672 1326 2716 suas,

288 2740 384 2776 quae
411 2737 512 2766 totae
540 2730 577 2765 in
608 2727 722 2766 exiliis
744 2753 756 2771 ‚
791 2725 1003 2773 suppliciis,
1038 2722 1216 2762 mortibus
1240 2750 1250 2766 ,
1287 2731 1327 2762 ut

287 2780 446 2817 diximus
473 2780 511 2816 in
544 2776 833 2826 Prolegomenis.
871 2777 929 2812 Ac
957 2776 1117 2822 primum
1151 2774 1326 2823 quidem,

290 2828 385 2867 lbidi
418 2829 520 2866 rebus
553 2829 725 2866 omnibus
757 2825 968 2868 interdicit,
996 2833 1037 2862 ut
1063 2825 1324 2862 Romanorum

289 2890 435 2918 morem
455 2879 619 2926 superare
639 2878 827 2920 videatur,
855 2875 984 2925 quibus
1013 2876 1182 2923 frequens
1201 2883 1323 2923 poena

289 2931 384 2974 fuit,
413 2937 452 2967 ut
481 2930 548 2966 illis
579 2929 655 2976 igni
681 2930 719 2966 &
748 2938 843 2975 aqua
872 2934 1015 2963 tantum
1042 2925 1327 2970 interdicerent,

287 2980 419 3030 quibus
438 2979 707 3017 commercium
737 2977 1024 3024 societatemque
1052 2975 1248 3011 hominum
1269 2977 1324 3013 vi-

289 3039 366 3068 tare
386 3030 582 3073 volebant,
608 3041 655 3066 ne
673 3028 753 3079 quis
773 3038 837 3065 eos
849 3026 957 3072 urbe,
984 3024 1106 3063 mensa
1120 3051 1131 3069 ,
1157 3025 1323 3063 tectore-

283 3082 436 3131 ciperet.
463 3080 662 3118 SALVAGN.

341 3157 422 3189 107.
450 3143 607 3192 Undas.]
635 3142 773 3179 Undam
784 3141 871 3179 alter
890 3140 1176 3189 Regiuszmox,
1205 3147 1243 3175 ut
1260 3151 1319 3175 ne—

285 3206 337 3245 get
354 3193 507 3244 adflatus
519 3205 646 3231 ventus
656 3205 698 3233 ey·
708 3205 797 3229 aura
817 3201 901 3228 tuos.
918 3192 1016 3228 idern
1031 3219 1040 3233 ,
1053 3189 1214 3226 aura'tibt
1228 3201 1318 3228 unus

287 3246 413 3293 Heius.
441 3247 480 3285 in
510 3245 680 3284 Francos.
711 3252 811 3290 erat,
832 3250 932 3292 potus
962 3241 1026 3279 tibi
1046 3243 1179 3290 deneget
1197 3239 1315 3287 unda,

2297 986 2434 1044 Nee·

1375 1142 1453 1180 quo
1473 1127 1614 1168 accedit
1638 1140 1730 1168 unus
1745 1125 1914 1174 Heinffi,
1942 1127 2006 1177 qui
2022 1125 2202 1173 habebat,
2227 1135 2350 1176 pontus
2369 1127 2418 1173 ti³3¹

1376 1181 1410 1220 bi
1427 1182 1564 1230 deneget
1585 1179 1710 1218 undas.
1736 1180 1796 1219 sed
1812 1188 1937 1230 pontus
1956 1179 2116 1229 sequitur
2133 1178 2187 1222 ybs.
2201 1191 2282 1217 112.

1432 1269 1514 1296 110.
1542 1255 1662 1292 Sidera
1682 1254 1818 1305 claras]
1848 1256 1986 1292 Cuntffa
2009 1255 2158 1304 praestat
2179 1257 2309 1303 reponi
2330 1268 2417 1296 cum

1378 1308 1490 1347 tribus
1516 1307 1666 1355 scriptis.
1709 1317 1794 1343 nam
1827 1305 1941 1343 clarus
1964 1307 2017 1353 fh!
2044 1305 2276 1354 praecesserat
2308 1308 2418 1355 paulo

1380 1368 1477 1397 ante.
1514 1358 1656 1395 Hiems.
1709 1356 1885 1395 Vincent.
1917 1356 2183 1394 Bellovacenfis
2204 1358 2241 1394 in
2260 1356 2418 1405 Speculo

1380 1408 1568 1447 Historiali
1590 1408 1627 1445 &
1650 1408 1740 1446 item
1771 1407 1808 1444 in
1838 1406 2044 1445 Doc'i'rinali
2077 1408 2186 1453 citat,
2214 1419 2272 1445 nec
2290 1406 2420 1457 abisei

1381 1459 1528 1498 calidus.
1553 1458 1691 1497 lumina
1713 1457 1811 1495 clara
1832 1468 1925 1497 unus
1947 1457 2104 1497 Heinfii.

1430 1549 1511 1576 111.
1539 1535 1656 1585 A‘e'r.]
1685 1535 1811 1574 AEther
1837 1536 1974 1586 Regius
1995 1535 2034 1573 ὅ(
2055 1542 2126 1574 tres
2147 1536 2219 1574 alii.

1431 1625 1514 1663 113.
1543 1613 1658 1658 Exul,
1690 1613 1782 1663 inops
1804 1611 1932 1663 erres.]
1989 1613 2080 1650 Non
2109 1612 2226 1652 statim
2258 1621 2423 1653 mortem

1378 1663 1493 1710 Ibidi,
1519 1664 1579 1703 sed
1609 1666 1722 1702 vitam
1755 1664 1926 1703 miseram
1948 1663 2182 1713 imprecatur.
2244 1663 2302 1704 Sic
2320 1664 2424 1710 Dide
2442 1680 2446 1691 <

1379 1714 1525 1754 AEneae
1544 1715 1607 1754 lib.
1624 1728 1680 1754 xv.
1699 1714 1852 1754 AEneid.

1431 1791 1575 1830 Finibus
1595 1792 1740 1830 extorris
1762 1792 1939 1843 complexu
1957 1790 2103 1841 avulsus
2125 1790 2214 1830 Iulie

1430 1842 1625 1881 Auxilium
1642 1843 1819 1892 imploret,
1848 1855 1930 1884 ωτι

1381 1915 1441 1954 Sic
1461 1912 1600 1952 Medea
1618 1912 1738 1960 Jasoni
1751 1927 1762 1952 2
1777 1925 1781 1927 ’

1436 1987 1569 2033 Vivat,
1592 1996 1651 2036 per
1671 1986 1769 2026 urbes
1787 1997 1900 2033 erret,
1929 1987 2087 2036 ignotus,
2116 1984 2255 2037 egensj,

1435 2038 1556 2082 Exul,
1580 2046 1736 2084 pavens,
1763 2038 1918 2086 invisus,
1945 2037 2068 2074 incerti
2084 2037 2213 2083 laris,

1437 2094 1500 2126 Me
1518 2088 1691 2137 conjugem
1711 2097 1799 2138 optet
1813 2115 1824 2134 ,
1850 2088 1957 2127 limen
1974 2087 2129 2125 alienum
2151 2089 2307 2138 expetat?

1382 2177 1443 2214 Sic
1461 2172 1648 2216 Eumenes
1675 2175 1848 2215 militibus
1878 2174 1947 2213 suis
1979 2173 2076 2222 apud
2109 2173 2287 2220 Justinum
2311 2202 2322 2219 ,
2359 2175 2434 2216 lib:

1380 2238 1459 2264 xiv.
1488 2236 1558 2266 Has
1570 2228 1665 2266 vobis
1685 2227 1781 2266 diras
1794 2254 1804 2271 ‚
1830 2236 1934 2276 atque
1952 2225 2095 2271 inferias
2114 2224 2208 2268 dico,
2232 2235 2272 2262 ut
2291 2225 2423 2276 inope-¹5³,

1381 2287 1599 2330 extorresque
1619 2291 1718 2316 omne
1739 2276 1937 2314 aevum-in·
1959 2275 2019 2311 hoc
2044 2273 2197 2323 castrensi
2217 2275 2319 2314 exilio
2340 2289 2427 2325 aga-

1383 2328 1438 2365 tis.
1464 2330 1663 2368 SALvAoN.
1714 2327 1802 2366 Vid.
1825 2327 1870 2365 ad
1902 2325 2011 2374 Epist.
2028 2337 2083 2364 vx.
2108 2326 2189 2364 162.
2218 2327 2313 2365 ὅτι.
2333 2329 2425 2367 Am.

1383 2390 1478 2421 vm.
1507 2390 1591 2430 113.
1637 2382 1675 2418 ὅ(
1709 2380 1780 2417 hae
1809 2379 1986 2423 τραγικοιῖ
2018 2376 2102 2421 ἆραι
2130 2375 2300 2416 dicuntur
2326 2378 2423 2426 apud

1382 2429 1548 2480 Diogen.
1571 2433 1696 2469 Lae'rt.
1718 2442 1772 2467 vx.
1798 2426 1863 2477 38.
1893 2426 2057 2477 ”Απολις,
2080 2425 2231 2477 ἅσικΘυ,
2268 2427 2422 2482 πκτςίδος

1386 2487 1586 2539 ἒςεςημένῷι
1601 2516 1612 2537 ,
1639 2484 1776 2537 πτωχδς
1799 2480 1963 2526 πλανήτης
1981 2512 1994 2535 ,
2024 2483 2089 2528 βίον
2115 2481 2199 2533 ’ἔχων
2217 2481 2419 2536 τὲφημέραν,

1383 2542 1516 2580 ssvssm.
2196 2558 2198 2561 ¹
2408 2544 2411 2553 ¹

1439 2616 1523 2655 113.
1551 2601 1718 2652 Lauren]
1747 2601 1971 2650 Frequenter
1986 2596 2104 2635 adeas.
2124 2597 2294 2637 Cxomu.

1439 2691 1519 2725 114.
1546 2679 1789 2727 Exiguumque
1805 2684 1901 2724 petas
1912 2686 1964 2709 ore
1975 2681 2140 2710 tremente
2157 2671 2301 2722 cibum]
2316 2668 2423 2715 Prae:

1383 2731 1536 2770 clariore
1556 2730 1721 2776 epitheto
1740 2725 2017 2763 mendicitatem
2041 2723 2244 2771 exprimere
2253 2736 2331 2762 non
2350 2738 2420 2775 pos·

1382 2790 1485 2820 terat.
1512 2780 1682 2817 Croni«.
1737 2777 1815 2813 Ore
1844 2774 2020 2812 nimirum
2043 2783 2234 2819 tremente,
2260 2787 2344 2813 cum
2363 2777 2419 2814 fa-

1383 2844 1470 2876 me,
1496 2839 1575 2868 tum
1610 2831 1769 2878 frigore,
1796 2825 1900 2874 quod
1931 2825 2186 2879 innominatus
2216 2825 2343 2862 auctor
2378 2827 2416 2865 in

1383 2882 1576 2921 Cataleet‘is
1596 2880 1689 2918 dixit
1703 2905 1714 2923 ,
1735 2878 1902 2926 fameque
1915 2874 2057 2922 genuini
2072 2883 2219 2923 crepant.
2244 2875 2414 2922 Plautus,

1381 2934 1514 2971 demite
1545 2931 1676 2968 Milite.
1723 2928 1856 2965 Graeci
1884 2927 2016 2972 μυλιᾷν
2045 2925 2192 2976 dicunt,
2219 2932 2259 2962 ut
2279 2925 2415 2964 Hcfio-

1380 2985 1445 3022 dus
1459 3011 1470 3028 .
1495 2981 1634 3028 λυχρόν
1650 2980 1871 3023 μυλιόωντες.
1899 2976 1993 3013 Item
2013 2974 2240 3020 βαμβαέλειν,
2262 2975 2299 3012 ὅζ
2316 2976 2414 3024 βκμῖ

1379 3034 1548 3080 βκλὶζειν
1567 3059 1577 3076 ,
1613 3029 1715 3080 quod
1737 3028 1942 3076 Hesychius
1972 3025 2021 3063 stc
2050 3025 2204 3072 exponit
2226 3052 2237 3068 ,
2265 3030 2409 3077 nepaes,

1380 3088 1463 3127 ’τοῦς
1483 3082 1628 3124 ὀδόντας
1643 3080 1827 3125 σνγκρὸυει
1840 3106 1850 3122 ,
1878 3077 1956 3123 ῥιγᾷ
1970 3073 2117 3122 σφὸδρα.
2143 3074 2191 3112 Et
2212 3075 2321 3116 fufius
2333 3078 2411 3116 Eu.

1377 3137 1497 3173 statius
1516 3135 1554 3171 in
1583 3133 1795 3170 l-lomerum
1819 3125 2006 3183 pag2812.
2059 3124 2256 3180 Caeterum
2276 3128 2408 3168 eadem

1375 3186 1423 3223 est
1454 3183 1670 3233 imprecatio
1698 3179 1873 3220 Martialis
1901 3188 1938 3216 m
1976 3175 2199 3225 maledicum
2221 3204 2235 3223 ,
2277 3177 2339 3219 lib.
2369 3191 2409 3233 x,

1374 3237 1480 3287 Epig.
1500 3250 1533 3286 ς.
2315 3288 2407 3321 ΡΜΣ
