2547 3708
809 157 833 214 t
981 156 1027 214 Β
1089 167 1091 170 ‘

1174 155 1201 216 Ῑ
1342 156 1399 216 5.-
2090 181 2186 233 149

196 274 295 344 585
334 266 564 325 Addidit
590 277 648 320 ut
677 263 872 319 fidicen
896 262 1095 319 miseris
1124 262 1211 342 sua
1239 261 1424 317 funera
1453 262 1618 327 nati3‚

412 341 500 395 Sic
534 339 630 392 tibi
655 337 754 392 s1nt
781 339 922 392 vitae
960 335 1134 391 taedia
1152 335 1285 405 justa
1313 348 1450 390 tuae.

340 413 486 469 Utve
512 413 660 467 soror
686 411 925 483 Pelopis,
962 410 1088 463 saxo
1117 406 1324 461 dureris
1354 408 1591 471 obort0,

411 484 483 541 Et
513 485 676 540 laesus
701 485 880 555 lingua
914 471 1099 536 Battu's
1125 480 1187 534 ab
1217 478 1324 551 ipse
1349 479 1454 535 sua.

54 703 154 741 ciens
173 728 184 745 ,
217 695 448 747 Polydorum
482 707 528 733 ex
550 692 706 732 Hecuba
726 691 843 731 filium
866 699 955 730 natu
974 692 1085 729 mini-

53 760 159 792 mum
181 750 225 788 ad
246 747 562 797 Polymnestorem
578 755 755 793 generum
772 771 782 787 ‚
804 743 988 780 Thraciae
1013 742 1084 779 Re-

51 814 152 852 gem,
180 802 272 839 clam
292 797 523 837 educandum
555 794 650 832 misit
672 822 682 838 ‚
720 805 805 832 cum
837 804 974 841 magno
1005 792 1082 829 auri

51 853 244 902 pondere,
283 849 380 888 unde
406 848 661 893 Troianorum
695 856 783 892 opes
811 841 1010 892 aliquando
1028 844 1084 879 in-

52 902 305 941 staurarentur.
345 899 408 936 Ille
430 896 600 946 potiundi
622 896 698 932 auri
716 894 869 943 cupidus
889 894 1082 931 alumnum

53 952 307 994 obtruncavit,
335 958 374 987 ut
398 948 521 986 videre
541 947 589 984 est
610 945 706 995 apud
720 945 934 992 Euripidem
955 945 992 981 in
1004 944 1083 981 He-

55 1004 169 1048 cuba,
198 1001 394 1050 Virgilium
423 999 486 1037 lib.
509 1010 590 1035 111.
629 995 781 1034 AEneid.
803 995 984 1033 Ovidium
1016 1007 1085 1032 no—

55 1056 168 1094 strum
192 1053 252 1091 lib.
270 1063 358 1088 xm.
388 1051 546 1087 Metam.
573 1048 720 1096 quijam
746 1055 829 1084 ante
850 1047 1085 1084 mentionem

56 1107 194 1144 fecerat
218 1103 319 1142 versu
341 1102 425 1146 269.
455 1100 513 1137 nbi
536 1099 582 1136 de
611 1097 893 1146 Polymnestoris
912 1108 1088 1134 occaeca-

58 1158 177 1195 tione.
238 1154 433 1191 SALVAGN.
482 1157 564 1198 Opes
595 1149 722 1185 nimias
755 1149 894 1185 Sarrav.
921 1148 958 1184 ὅ(
994 1159 1086 1185 unus

55 1205 202 1244 Heinfii
228 1205 265 1242 δε
281 1203 429 1252 quidam
444 1200 543 1238 editi.
566 1200 732 1237 minimas
763 1199 900 1247 Regius
922 1209 1025 1236 unus.
1047 1208 1087 1235 ut

54 1256 202 1306 perfidus
221 1254 330 1301 hospes
351 1252 497 1289 ssonon.

110 1305 192 1354 583.
221 1310 328 1351 thue
341 1299 653 1350 feruntfratres.]
685 1300 744 1338 De
769 1299 891 1338 Niobe
906 1327 917 1344 ‚
943 1300 980 1337 δε
1002 1299 1084 1338 filiis

56 1354 98 1396 B<
126 1354 263 1393 filiabus
286 1354 352 1391 suis
370 1364 460 1390 nota
493 1352 540 1389 est
561 1351 692 1389 tabula.
749 1351 994 1389 INTERPREs.
1023 1351 1087 1388 Se-

57 1406 252 1457 quentibus
269 1405 433 1454 quinque
463 1402 619 1440 versibus
640 1413 711 1439 una
744 1402 949 1452 eademque
969 1400 1089 1440 fabula

60 1459 280 1495 continetur.
336 1454 459 1491 Niobe
483 1453 709 1501 Amphionis
740 1453 956 1491 Thebarum
979 1453 1090 1501 Regis

63 1520 157 1546 uxor
176 1505 366 1545 numerosa
384 1503 506 1542 sobole
520 1531 530 1548 ,
559 1512 643 1551 puta
656 1504 792 1551 septem
806 1504 982 1547 maribus,
997 1515 1094 1552 quo-

59 1570 143 1597 rum
165 1568 254 1594 unus
275 1557 344 1594 fuit
373 1553 638 1592 Damafichton
657 1582 667 1598 ‚
697 1556 734 1591 &
759 1555 884 1599 puellis
904 1555 1061 1591 totidem
1080 1582 1090 1598 ,

64 1620 112 1646 eo
146 1608 258 1656 usque
287 1606 507 1655 gloriabatur
529 1633 539 1648 ,
579 1613 618 1642 ut
646 1616 722 1642 non
751 1605 868 1642 solum
903 1605 984 1643 ausa
1003 1603 1090 1643 effet

62 1659 304 1697 Latonamin
338 1657 620 1695 contentionem
657 1655 839 1693 felicitatis
861 1667 1088 1703 provocare,

60 1710 121 1747 sed
143 1710 252 1747 etiam
286 1707 519 1746 contumeliis
546 1706 642 1743 adeo
673 1705 863 1752 laceffere,
892 1715 930 1744 ut
949 1706 1089 1754 Apollo

57 1759 176 1804 filios,
204 1760 324 1797 Diana
345 1758 431 1796 filias
452 1758 585 1805 sagittis
608 1758 846 1795 confecerint.
901 1759 1025 1805 Quam
1039 1757 1091 1795 fa·

63 1810 186 1849 hulam
217 1809 364 1858 copiose
393 1807 584 1858 pertractat
612 1807 773 1846 Ovidius
801 1808 860 1845 lib.
890 1820 944 1846 vi.
972 1809 1095 1845 Meta-

59 1862 206 1908 morph.
257 1861 422 1909 Eamque
448 1867 750 1897 commemorant
775 1859 964 1898 Homerus
989 1859 1090 1898 Iliad.

64 1912 99 1948 ὤ.
127 1911 315 1948 Diodorus
335 1910 473 1948 Siculus
499 1910 558 1948 lib.
582 1921 634 1947 tv.
663 1910 939 1955 Bibliothecae,
969 1911 1088 1958 Apol-

62 1961 214 1999 lodorus
240 1961 290 1998 lib
322 1973 386 1998 111.
414 1960 579 1998 AElianus
605 1960 750 1998 mmm.
776 1972 855 2008 cap.
878 1962 936 2008 36.
964 1962 1008 1999 de
1029 1974 1093 1998 va-

64 2013 117 2049 ria
137 2010 279 2049 historia
294 2038 304 2054 ‚
332 2010 520 2047 Pausanias
542 2012 577 2046 in
596 2010 800 2054 Boeoticis,
830 2012 1086 2049 &Corinthia-

69 2061 120 2099 cis
134 2087 144 2104 ,
171 2060 380 2099 Plutarchus
405 2059 463 2097 lib.
479 2060 523 2097 de
536 2060 808 2107 Superstitione,
822 2060 995 2099 Libanius
1006 2062 1093 2099 dua-

65 2111 357 2159 busEthopoeiis
379 2138 390 2155 ‚
428 2111 600 2159 Hyginus
622 2111 694 2148 fab.
713 2120 748 2158 9.
776 2111 924 2160 Aliique
947 2113 1068 2160 pafiim
1086 2140 1096 2156 ‚

64 2173 158 2210 quos
179 2162 273 2199 inter
301 2161 347 2198 de
378 2171 536 2197 numero
568 2160 764 2197 liberorum
797 2173 873 2198 non
906 2164 1094 2201 convenit.

66 2213 263 2250 SALVAGN.
295 2216 404 2259 thue
421 2211 546 2257 ferunt
566 2221 665 2246 natos
678 2211 808 2258 septem
826 2222 997 2262 natasque
1013 2223 1091 2259 per-

63 2273 190 2313 emptas
221 2273 311 2300 unus
340 2261 466 2298 Heins.
481 2263 612 2306 Jerunt
628 2271 726 2296 natos
746 2262 856 2298 etiam
882 2272 950 2299 tres
971 2266 1006 2300 ὃς
1023 2265 1092 2309 pri-

67 2324 127 2352 ma
153 2313 278 2351 editio.
303 2322 372 2348 toto
391 2324 469 2348 cum
492 2312 671 2361 quinque.
696 2312 845 2349 intereat
867 2323 980 2350 totum
1001 2314 1092 2353 editi

61 2363 111 2402 ‘ali
139 2372 216 2402 uot.

62 2422 67 2446 -·
115 2377 199 2464 }85·
227 2413 381 2451 Addidit
402 2411 617 2462 utfidicen.]
650 2412 690 2450 Id
714 2413 762 2450 est
781 2414 1000 2462 Amphion,
1029 2427 1091 2464 pa·

68 2471 122 2503 ter
142 2476 266 2502 eorum
291 2493 301 2509 ‚
339 2464 402 2513 qui
433 2463 587 2511 seipsum
617 2475 702 2512 prae
730 2463 859 2502 dolore
894 2467 1090 2504 interfecit.

62 2513 308 2554 hramnus.
347 2515 541 2562 Amphion
559 2514 665 2552 fimul
686 2525 728 2551 ac
746 2516 897 2558 didicit,
924 2528 1002 2564 quo
1026 2529 1088 2565 pa-

47 2565 126 2608 ζᾶο
152 2566 252 2604 liberi
286 2564 530 2604 miserandum
550 2566 587 2602 in
612 2565 769 2602 modum
785 2566 1020 2612 interiissent,
1037 2569 1090 2603 vi-

58 2621 121 2655 tae
141 2616 318 2664 pertaesus
336 2615 498 2665 gladium
521 2614 583 2653 fibi
611 2616 649 2654 in
674 2615 807 2654 viscera
828 2617 973 2666 adegit,
999 2619 1087 2657 teste

61 2667 204 2706 ovidio
225 2667 300 2716 ipso
318 2667 380 2708 hb.
399 2679 454 2704 vt.
479 2666 732 2716 Metamorph.

67 2770 70 2773 ·
112 2755 209 2805 Nana
224 2759 322 2798 pater
338 2752 519 2800 Amphion
531 2781 541 2796 ,
558 2757 658 2800 ferro
675 2762 735 2803 per
752 2755 864 2802 pefflus
880 2753 1002 2791 adafft'o
1018 2781 1029 2799 ‚

113 2803 266 2838 Fluxerat
285 2804 430 2840 moriens
446 2805 577 2852 pariter
594 2817 674 2842 cum
691 2806 765 2842 luce
782 2803 921 2841 dolores.

31 2885 35 2889 “
58 2870 213 2919 ‘Fidicen
242 2879 372 2917 dicitur
401 2880 491 2918 nota
510 2881 652 2928 fabula,
679 2883 726 2922 de
745 2883 818 2934 qua
836 2894 976 2934 praeter
997 2884 1087 2921 alios

58 2931 238 2990 Horatius
260 2932 298 2968 in
321 2932 411 2968 Arte
424 2931 591 2970 Po'e‘tica:

59 3036 65 3040 -
111 3012 234 3050 Didus
254 3022 298 3052 εν
320 3010 519 3057 Amphion,
548 3011 727 3050 Thebanae
747 3017 900 3055 conditor
920 3016 1033 3063 urbis,

61 3081 70 3097 ι,
111 3068 204 3100 Saxa
224 3076 358 3100 movere
380 3063 456 3102 (bno
475 3061 652 3108 testudinis
664 3090 676 3108 ,
703 3076 746 3104 (φ
759 3075 852 3115 prece
871 3068 1003 3106 blanda

80 3124 85 3127 ’
114 3117 243 3151 Ducere
261 3127 325 3164 quo
345 3112 462 3151 vellet.

65 3186 262 3231 ‚Saruen-

62 3280 71 3326 j
117 3261 351 3312 5⁴86.2Ta4dia
363 3264 493 3317 justa.]
523 3266 663 3313 June't'a
680 3267 742 3307 vel
761 3266 858 3306 victa
879 3266 1019 3321 Petavg
1078 3291 1081 3294 -

2065 552 2177 607 Ae‘·

1195 687 1280 735 567.
1307 693 1417 736 thue
1432 686 1526 734 soror
1550 684 1714 736 pelopis]
1744 684 1784 724 ld
1806 684 1878 728 est,
1907 683 2054 730 Niobe,
2083 691 2182 735 quae

1140 739 1177 777 in
1201 739 1327 776 saxum
1350 746 1488 775 mutata
1511 737 1578 780 est,
1610 736 1822 775 utOvidius
1845 736 1974 775 scribit.
2028 737 2178 775 INTER.-

1143 801 1254 826 pnns.
1283 789 1406 826 Niobe
1430 788 1504 825 viso
1527 796 1583 824 tot
1599 788 1977 831 liberoruminteritu,
2007 799 2093 836 prae
2109 787 2180 826 do-

1138 840 1217 877 lore
1238 841 1275 876 in
1306 839 1431 876 saxum
1464 838 1647 886 obriguit,
1688 838 1790 887 quod
1812 839 1846 875 in
1873 837 2039 886 Sipylum
2061 838 2178 886 Phry-

1139 892 1220 938 giae
1242 898 1412 928 montem
1433 900 1496 935 per
1523 888 1704 925 turbinem
1729 889 1938 926 translatum
1963 917 1972 932 ,
2000 889 2179 935 lacrymas

1139 941 1329 990 hodieque
1352 938 1564 988 profundit,
1596 947 1633 976 ut
1654 941 1786 977 author
1807 939 2027 978 estOvidius
2037 940 2175 979 eodem

1143 992 1235 1030 libro
1254 990 1507 1039 Metamorph.
1532 991 1567 1027 in
1579 989 1656 1027 his:

1376 1067 1474 1103 intra
1493 1079 1624 1116 quoque
1645 1066 1776 1114 viscera
1793 1066 1922 1111 saxum
1941 1067 1984 1112 est
1997 1096 2007 1111 ,

1195 1118 1270 1156 Flet
1290 1128 1410 1155 tamen
1424 1146 1434 1162 ,
1463 1129 1505 1156 ω’
1525 1118 1640 1153 validi
1659 1117 1864 1154 circundata
1885 1119 2129 1156 turbineventi
2139 1126 2162 1165 ,ἵ

1195 1177 1238 1207 In
1252 1173 1409 1218 patriam
1427 1178 1526 1215 rapta
1549 1168 1612 1212 est,
1642 1168 1701 1203 uhi
1717 1167 1790 1214 fixa
1812 1169 1990 1206 cacumine
2012 1170 2141 1206 montis

1194 1221 1379 1271 Liquhur,
1409 1233 1449 1260 ω
1470 1219 1635 1266 lacrymzs
1656 1218 1762 1254 etiam
1785 1231 1879 1255 nunc
1897 1232 2076 1258 marmora
2097 1221 2177 1259 ma-v

1281 1281 1384 1308 nant.
2000 1283 2001 1287 ¹

1143 1349 1246 1396 Quin
1275 1349 1386 1387 etiam
1419 1348 1611 1387 Pausanias
1636 1349 1673 1386 in
1707 1348 1862 1393 Atticis,
1888 1348 2006 1388 scribit
2033 1354 2182 1398 praeru-

1144 1408 1243 1447 ptam
1266 1399 1337 1438 effe
1359 1401 1585 1450 crepidinem
1613 1401 1649 1437 in
1673 1401 1824 1449 Sipylo,
1854 1411 1948 1448 quae
1965 1400 2013 1445 ,fi
2032 1402 2179 1449 propius

1146 1451 1273 1488 existas
1295 1480 1305 1496 ,
1352 1463 1475 1501 neque
1506 1451 1664 1500 lugentis
1685 1462 1807 1499 neque
1834 1452 1996 1489 mulieris
2018 1451 2181 1499 speciem

1146 1503 1340 1550 praeferat,
1372 1502 1424 1540 fin
1446 1503 1597 1550 procul,
1627 1502 1664 1539 ὃς
1679 1502 1810 1539 mulier
1826 1529 1837 1546 ,
1863 1503 1902 1539 δε
1920 1503 2046 1551 lugens
2057 1501 2181 1540 videa-

1146 1561 1216 1590 tur.
1268 1552 1426 1590 Fabulae
1449 1553 1698 1590 meminerunt
1714 1551 1987 1598 Callimachus,
2016 1553 2177 1602 Hymno

1145 1603 1181 1639 in
1205 1603 1421 1651 Apollinem
1437 1631 1446 1646 ‚
1475 1606 1526 1651 Q.
1546 1603 1767 1651 Smyrnaeus
1794 1603 1852 1640 lib.
1875 1616 1902 1641 1.
1931 1603 2182 1651 Paralipome-

1145 1664 1244 1696 non,
1275 1653 1413 1692 Cicero
1440 1654 1500 1691 lib.
1515 1665 1579 1692 111.
1607 1653 1896 1691 Tusculanarum
1912 1654 2183 1701 quaestionum.

1147 1704 1299 1753 Aliique
1334 1705 1532 1743 innumeri.
1581 1704 1727 1751 Pelopis
1768 1716 1859 1742 vero
1895 1705 2058 1742 sororem
2089 1705 2181 1742 dixit

1149 1755 1329 1799 Ovidius,
1368 1756 1549 1805 quoniam
1573 1763 1612 1793 ut
1634 1754 1706 1803 ipsa
1728 1754 1773 1793 de
1794 1755 1828 1793 se
1852 1755 2015 1805 loquitur
2040 1754 2101 1793 lib.
2128 1766 2180 1793 vx.

1148 1807 1408 1856 Metamorph.

1547 1866 1635 1904 mihi
1654 1867 1826 1905 Tantalus
1850 1870 1992 1913 auster,

1195 1916 1264 1954 Cui
1284 1916 1384 1955 licuit
1396 1919 1459 1970 soli
1473 1920 1679 1968 superorum
1700 1930 1838 1968 tangere
1859 1927 2019 1968 mensas-‚2

1148 1997 1329 2035 Tantalus
1347 2006 1472 2035 autem
1493 1999 1637 2045 Pelopis
1660 2007 1771 2046 pater.
1826 2000 1965 2036 Mirum
1985 1998 2072 2037 iliud
2085 1997 2181 2046 apud

1148 2048 1362 2085 Vocontios
1395 2049 1535 2086 nostros
1569 2050 1718 2086 Nioben
1739 2049 1885 2086 divinos
1905 2050 2066 2088 honores
2087 2061 2179 2086 con-

1149 2098 1306 2136 secutam
1330 2097 1399 2135 effe
1414 2126 1424 2141 ,
1454 2099 1554 2144 cuius
1574 2099 1726 2137 statuam
1751 2100 1922 2148 plorantis
1942 2101 2046 2138 instar
2070 2101 2106 2136 in
2120 2099 2184 2136 Sa-

1150 2149 1244 2186 cello
1268 2149 1452 2196 cujusdam
1476 2150 1549 2186 vici
1573 2162 1648 2186 non
1672 2149 1784 2197 longe
1806 2149 1826 2186 a
1849 2150 2014 2188 Vafione
2039 2149 2180 2199 oppido

1147 2200 1183 2236 in
1211 2201 1391 2237 comitatu
1421 2199 1632 2237 Venascino
1665 2199 1880 2238 Pontificiae
1909 2200 2059 2240 ditionis
2090 2199 2183 2248 posi—

1147 2257 1222 2287 tam
1240 2278 1249 2292 ,
1278 2250 1411 2287 Vicani
1433 2250 1495 2288 sub
1516 2251 1673 2288 nomine
1695 2250 1848 2288 Sanctae
1871 2251 2015 2289 Nieblae
2035 2263 2185 2290 memo-

1148 2301 1199 2338 ria
1217 2301 1326 2338 etiarn
1351 2300 1469 2338 nostra
1496 2300 1640 2346 colere,
1667 2301 1954 2349 &superstitiose
1972 2303 2015 2340 ad
2035 2303 2188 2340 elicien-

1150 2351 1233 2388 dam
1260 2352 1423 2400 pluviam
1445 2352 1682 2390 circumferre
1700 2352 1887 2398 solebant,
1915 2354 2036 2391 donec
2057 2365 2094 2390 re
2117 2364 2184 2390 co-

1146 2404 1246 2449 gnita
1276 2402 1451 2450 Josephus
1487 2402 1668 2441 Suaressus
1702 2403 1902 2451 Episcopus
1922 2402 2181 2448 Vafionenfis‘,

1148 2455 1200 2490 vir
1218 2454 1442 2500 antiquitatis
1462 2453 1692 2500 peritiffimus
1708 2482 1717 2498 ,
1733 2463 1816 2491 ante
1831 2455 1970 2503 aliquot
1983 2466 2099 2491 annos
2117 2453 2183 2490 sta-

1144 2512 1245 2541 tuam
1282 2503 1587 2552 confringendam
1610 2532 1621 2549 ‚
1659 2505 1696 2542 &
1720 2504 2008 2552 superstitionem
2030 2504 2182 2542 abolen-

1143 2554 1226 2592 dam
1244 2556 1392 2593 curavit.
1449 2555 1649 2594 Samen.
1685 2556 1957 2594 Saxoindureris
1987 2556 2177 2595 Petavian.

1143 2607 1183 2644 &
1215 2606 1314 2644 alius.
1348 2605 1470 2643 adorto
1492 2606 1650 2653 plurimi.

1197 2656 1282 2704 588.
1309 2661 1354 2694 Et
1376 2657 1484 2705 laesus
1505 2656 1663 2707 lingua.]
1693 2658 1815 2697 Battus
1838 2659 1974 2697 furtum
1998 2657 2175 2695 Mercurii

1145 2708 1332 2756 prodidit,
1357 2706 1378 2744 a
1398 2720 1475 2756 quo
1497 2708 1565 2745 fuit
1594 2710 1712 2748 versus
1735 2711 1771 2748 in
1813 2710 1962 2747 filicem.
2026 2709 2177 2746 INTER·—

1146 2772 1255 2797 PREs.
1284 2759 1503 2796 Fabulantur
1518 2759 1759 2805 Mercurium,
1770 2761 1952 2808 Apollinis
1965 2768 2174 2798 armentum

1145 2810 1321 2856 pascentis
1341 2838 1351 2854 ,
1390 2810 1504 2847 boves
1530 2810 1683 2860 abegiffe
1707 2840 1716 2856 ,
1754 2811 1905 2849 nemine
1925 2811 2012 2849 teste
2034 2819 2176 2859 praeter

1140 2859 1313 2903 Battum,
1342 2862 1399 2898 cui
1426 2862 1627 2898 Mercurius
1657 2874 1804 2900 vaccam
1827 2862 1997 2906 dederat,
2026 2874 2074 2898 ne
2099 2863 2172 2899 fur·

1142 2919 1224 2948 tum
1257 2913 1440 2960 proderet.
1493 2912 1590 2949 Cum
1621 2922 1745 2951 autem
1776 2913 1980 2950 Mercurius
2007 2913 2172 2950 horninIs

1144 2961 1257 3000 fidem
1287 2962 1442 3011 experiri
1479 2963 1588 3000 vellet
1613 2992 1622 3008 ‚
1660 2963 1802 3002 mutata
1822 2963 1942 3001 forma
1961 2964 2173 3011 duplicique

1144 3013 1313 3062 praemio
1332 3012 1541 3062 proposito,
1570 3026 1637 3061 pro
1647 3015 1845 3054 indicando
1858 3014 2175 3052 furtoinconstan‘-

1144 3065 1235 3102 tiam
1260 3066 1297 3102 &
1317 3064 1506 3112 perfidiam
1532 3064 1624 3102 Batti
1651 3068 1847 3116 cognovit,
1877 3077 2039 3115 eumque
2059 3067 2094 3101 in
2119 3064 2173 3099 Si-‘

1145 3114 1255 3153 licem
1286 3116 1469 3153 convertit
1489 3142 1498 3158 ,
1540 3115 1599 3165 qui
1627 3129 1718 3154 nunc
1739 3131 1870 3166 quoque
1885 3117 2018 3153 dicitur
2039 3116 2169 3157 Index,

1146 3174 1187 3203 ut
1215 3173 1333 3203 narrat
1368 3164 1527 3202 Ovidius
1554 3166 1615 3203 lib.
1636 3180 1682 3205 it.
1716 3168 2069 3214 Metamorphoseon
2093 3192 2102 3206 ‚
2132 3166 2171 3203 &

1144 3217 1359 3254 Antoninus
1381 3215 1557 3254 Liberalis
1570 3216 1722 3266 Fab.23.
1748 3216 2175 3268 quiscribitMercurium

1145 3266 1299 3316 abegisse
1329 3266 1703 3306 buculas-duodecim
1730 3296 1740 3313 ‚
1774 3271 1888 3308 boves
1916 3268 2056 3317 injuges
2087 3274 2178 3304 cen*-

1621 3318 1659 3355 T
1686 3330 1702 3367 3
2077 3326 2177 3368 turn⁹

1466 3362 1487 3369 ..a
