2547 3708
815 115 838 171 1
982 111 1028 169 Β

251 238 357 278 200

1177 117 1200 169 Ι
1344 112 1398 168 S.

468 216 582 271 Aut
606 215 864 271 summam
888 213 1102 285 Libyco
1128 212 1198 270 de
1224 231 1369 270 mare
1395 224 1573 283 carpat
1599 228 1805 287 aquam.

2172 138 2236 185 4⁴)

391 290 535 348 Nam
558 305 733 360 neque
757 301 892 360 quot
917 286 1079 341 flores
1104 287 1277 342 Sicula
1299 286 1577 341 nascantur
1604 304 1660 342 in
1685 286 1899 358 Hybla,

469 363 695 434 Quotve
724 360 857 415 ferat
874 360 1079 424 ,dicam
1095 372 1264 423 ,terra
1288 356 1464 413 Ciliffa
1489 375 1693 414 crocos,

393 440 514 490 Nec
541 451 708 506 quum
735 432 887 486 tristis
911 432 1080 485 hiems
1108 431 1392 503 Aquilonis
1420 429 1687 486 inhorruit
1713 432 1832 496 alis,

460 508 639 582 Quam
665 505 828 560 multa
850 503 942 558 fiat
968 503 1223 576 grandine
1247 520 1407 558 canus
1435 502 1627 558 AthoS.

247 601 352 653 205
390 581 509 637 Nec
536 579 667 633 mala
690 594 828 631 voce
853 578 971 631 meir
996 575 1192 648 poffint
1218 590 1309 631 tua
1335 575 1522 630 cuneta
1548 577 1764 641 referri,

457 653 566 708 Ora
592 651 717 704 licet
735 648 931 704 tribuas
955 649 1297 719 multiplicata
1320 649 1466 703 mihi.

391 726 508 781 Tot
535 721 657 784 tibi,
695 739 788 778 vae
816 721 1032 784 misem,
1073 721 1291 775 venient
1322 721 1555 793 talesque
1582 720 1789 785 ruinae,

457 795 534 850 Ut
559 794 685 866 cogi
710 795 763 849 in
788 793 1134 867 lacrimasme
1159 809 1377 866 quoque
1400 793 1545 864 poffe
1570 806 1772 864 putem.

96 1011 202 1054 wesin
216 1009 275 1048 Ida
285 1006 454 1046 Vatican.
481 1003 520 1041 &
540 1014 654 1046 mox,
674 1000 816 1049 frondes
834 1000 872 1038 in
907 999 1021 1049 Hybla
1045 1000 1133 1039 alius

99 1066 145 1104 ’ὅτ
165 1059 330 1102 Francof.
348 1055 408 1095 sed
420 1056 548 1094 omnia
563 1054 700 1091 frustra.
723 1053 786 1089 Ida
810 1052 908 1089 enirn
929 1051 1134 1100 Phygiain-

99 1111 318 1163 telligenda,
345 1119 439 1157 quae
460 1104 640 1143 frondosa.
667 1103 741 1142 vid.
758 1114 848 1140 xm.
874 1102 1031 1140 Metam.
1053 1112 1135 1152 324.

105 1166 144 1203 &
164 1175 216 1201 iv.
237 1160 328 1200 Fast.
347 1169 432 1206 249.
456 1156 587 1194 Bunm.

152 1225 238 1251 200.
265 1215 310 1247 Et
325 1211 504 1259 summam
523 1205 642 1253 Libyco
662 1203 701 1241 de
721 1216 817 1241 mare
836 1212 954 1252 carpat
972 1202 1134 1253 aquam]

101 1264 323 1312 Usurpatum
351 1260 442 1297 olim
467 1270 562 1295 mare
579 1257 678 1294 sexto
707 1255 786 1293 casu
810 1254 1052 1292 Grammatici
1071 1265 1136 1292 ve-

99 1323 192 1353 teres
210 1312 366 1350 tradunt.
392 1309 511 1346 Unius
530 1319 617 1356 ergo
638 1306 754 1345 Plauti
774 1305 898 1343 locum
922 1305 1135 1353 proferunt,

92 1366 136 1403 in
157 1375 233 1413 quo
250 1363 378 1412 j0cum
415 1357 718 1406 elegantiffimum
739 1357 777 1394 ὅτ
799 1355 965 1394 Plautino
984 1355 1135 1403 ingenio

97 1414 345 1463 digniffimum
367 1408 500 1449 subesse
521 1409 679 1458 primus,
708 1415 748 1445 ut
761 1406 933 1451 arbitror,
965 1406 1136 1444 Muretus

97 1462 357 1503 animadvertit
383 1461 443 1499 lib.
464 1471 529 1497 ιιι.
556 1460 697 1498 Variar.
727 1457 898 1496 Leetion.
927 1468 1072 1506 cap.17.
1102 1457 1135 1495 Is

93 1518 147 1556 ita
166 1515 292 1558 habet,
321 1512 441 1552 Milite
454 1510 650 1549 Glorioso:

136 1578 249 1628 ,Qid
266 1576 348 1624 istuc
367 1575 469 1625 quasa
484 1573 498 1611 ?
525 1573 611 1624 quid
632 1571 723 1608 oculo
735 1573 874 1618 fastum
885 1570 929 1614 est
945 1580 1003 1607 tuo
1015 1580 1030 1610 ,ἓ

141 1635 214 1667 PL,
245 1627 355 1665 Habeo
373 1625 510 1677 quidem
532 1624 640 1661 hercle
659 1623 796 1660 oculum
819 1627 915 1660 PYR.
950 1632 990 1659 at
1008 1622 1135 1661 laevum

140 1682 408 1779 pgugloquar,

143 1782 259 1819 Maris
282 1782 384 1826 causa
404 1778 511 1816 hercle
530 1777 689 1823 hocrutor
703 1777 794 1815 oculo
814 1776 951 1823 minus,

117 1881 121 1885 .
145 1838 242 1870 Nam
253 1830 284 1880 fi
302 1830 527 1880 abllinut‘ffem
550 1843 571 1867 a
586 1843 681 1867 mare
703 1839 876 1878 tanquam
902 1830 962 1866 hoc
983 1837 1107 1866 uterer.

95 1908 193 1946 Cum
219 1909 317 1945 enim
333 1906 563 1945 Athenienfis
584 1906 643 1943 ille
663 1904 873 1942 adolescens
889 1931 898 1946 ,
919 1904 981 1952 qui
1000 1913 1131 1942 ornatu

92 1959 301 1996 nauclerico
321 1959 476 1994 amicam
499 1956 518 1993 a
544 1958 660 1993 milite
673 1967 735 2002 per
756 1956 934 1993 fallaciam
955 1954 1130 1992 abduetu-

92 2019 150 2045 rus
167 2016 316 2044 venerat
337 2035 347 2050 ‚
377 2007 526 2043 oculum
551 2005 611 2041 fibi
633 2005 782 2041 laevum
805 2016 850 2040 ne
873 2004 1129 2052 agnosceretur

94 2056 281 2105 obligasset
302 2084 312 2099 ‚
350 2058 592 2102 interrogatus
621 2054 771 2090 amilite
800 2065 862 2090 cur
897 2054 934 2091 id
967 2054 1124 2097 faceret,

91 2107 277 2156 respondit
295 2107 329 2143 se
349 2106 384 2142 id
416 2106 524 2141 maris
549 2105 668 2140 facere
692 2102 817 2146 causa,
844 2115 929 2140 nam
947 2131 957 2146 ,
983 2103 1127 2151 inquit,

82 2157 117 2209 fi
124 2171 242 2196 amare
253 2154 476 2205 abstinuiffim
491 2166 546 2200 ,eo
558 2166 644 2202 aque
654 2163 758 2203 atque
777 2153 885 2188 altero
897 2163 1019 2189 merer.
1050 2155 1128 2189 Lu-

89 2210 142 2247 dit
167 2217 291 2247 autem
319 2207 474 2244 militem
514 2204 751 2252 ambiguitate
782 2202 964 2240 vocabuli.
1027 2202 1124 2240 Cum

91 2260 192 2297 enirn
224 2259 344 2296 dicere
368 2256 531 2294 videatur
551 2255 687 2292 duabus
701 2253 850 2291 vocibus
864 2251 928 2302 fia
946 2266 1041 2289 mare
1065 2254 1127 2289 ab·

85 2308 293 2359 stinuiffem,
325 2319 401 2345 non
425 2307 461 2345 id
485 2307 596 2348 dicit,
622 2304 681 2342 sed
701 2302 729 2350 [i
745 2317 864 2340 amare
886 2304 1125 2352 abstinuiffem.

92 2361 238 2398 Revera
265 2359 365 2397 enim
386 2368 492 2395 amor
520 2356 583 2405 ipfi
605 2356 642 2393 in
665 2355 766 2393 causa
787 2355 926 2398 fuerat,
957 2363 995 2391 ut
1015 2366 1061 2391 eo
1083 2367 1124 2392 o-

92 2411 177 2448 culo
200 2409 320 2447 minus
338 2417 521 2451 uteretur,
550 2406 611 2444 aiit
632 2406 755 2443 saltem
777 2405 824 2442 ita
846 2404 1010 2452 fingeret.
1037 2405 1126 2443 Por-

89 2469 133 2498 to
156 2460 319 2509 Libycum
337 2470 432 2496 mare
452 2469 518 2507 pro
539 2467 765 2506 quocunque
782 2458 871 2493 mari
891 2456 989 2493 Naso
1009 2456 1124 2500 dixit,

89 2511 248 2560 speciem
277 2511 450 2548 nimirum
477 2520 542 2556 pro
562 2519 714 2556 genere,
743 2506 832 2544 ficut
855 2506 1016 2543 Horatio
1038 2507 1125 2545 Ode

2101 869 2219 925 Illae

1239 1005 1313 1038 Nec
1332 1013 1414 1038 vere
1433 998 1540 1050 flores
1561 998 1678 1049 Hybla
1697 1008 1748 1037 tot
1763 997 1874 1038 medio
1892 1003 1997 1040 creatss

1192 1069 1317 1118 Hybla
1337 1069 1479 1109 Siciliae
1512 1069 1594 1106 urbs
1610 1068 1716 1116 juxta
1746 1066 1933 1117 Syracusas
1963 1067 2104 1116 pofita,
2130 1081 2226 1119 quae

1191 1120 1314 1168 postea
1369 1119 1664 1169 immigrantibus
1729 1119 1879 1156 Graecis
1952 1119 2227 1168 Megarenfibus

1189 1172 1341 1220 Megara
1398 1171 1494 1208 dicta
1547 1170 1593 1207 est
1630 1197 1639 1213 ,
1687 1169 1749 1206 diu
1797 1177 1881 1206 ante
1926 1168 2110 1209 Strabonis
2164 1183 2226 1209 ae-

1190 1233 1281 1259 vum
1305 1221 1447 1270 penitus
1466 1220 1586 1259 eversa
1606 1222 1643 1258 &
1666 1219 1812 1257 deserta.
1869 1219 2080 1259 Perduravit
2099 1231 2227 1261 tamen

1189 1272 1343 1320 priscum
1366 1284 1509 1310 nornen
1532 1272 1568 1309 in
1593 1271 1743 1319 Hybleo
1755 1270 1884 1314 melle,
1912 1271 2226 1320 quodsccuzdum

1193 1323 1432 1372 Hymettium
1465 1322 1681 1371 praecipuae
1701 1321 1896 1358 nobilitatis
1917 1323 1998 1360 fuit.
2048 1321 2225 1361 AEtima-

1191 1381 1249 1411 tur
1286 1375 1396 1412 eriam
1426 1385 1525 1412 nunc
1552 1375 1665 1412 totius
1694 1372 1839 1410 Siciliae
1866 1373 2124 1420 praestantur-»³2-
2149 1385 2226 1419 πο,

1191 1425 1294 1474 quod
1314 1426 1349 1462 in
1375 1425 1551 1473 Hyblaeis
1572 1424 1723 1462 collibus
1746 1423 1930 1471 provenit.
1982 1423 2111 1472 Hybiv
2130 1427 2139 1462 .'
2160 1437 2227 1463 ve-

1190 1487 1233 1513 ro
1258 1475 1368 1514 colles
1387 1475 1466 1513 sunt
1485 1476 1533 1519 ii,
1561 1476 1623 1524 qui
1651 1475 1750 1523 juxta
1782 1474 2039 1511 Marcellinum
2066 1474 2224 1514 flavium

1189 1527 1298 1565 Alabi
1319 1527 1479 1565 fluminis
1500 1527 1596 1564 fonti
1627 1526 1826 1562 imminent
1847 1552 1858 1567 ,
1887 1526 1988 1562 vario
2007 1525 2140 1564 flat-2311
2160 1539 2226 1576 ge-

1189 1590 1299 1623 nere,
1328 1580 1492 1616 maxime
1523 1587 1647 1614 autem
1668 1576 1802 1623 thymo
1819 1574 1925 1618 laeti;
1952 1575 2049 1613 haud
2073 1579 2118 1613 ita
2142 1578 2227 1625 qui-

1188 1629 1274 1667 dem
1290 1629 1442 1672 excelli,
1471 1637 1510 1665 ut
1527 1628 1661 1665 mirum
1677 1627 1768 1663 milii
1788 1625 1952 1663 videatur
1967 1654 1975 1668 ,
1990 1637 2051 1664 cur
2065 1628 2224 1667 Ovinius

1188 1680 1303 1718 lib.11.
1331 1680 1372 1717 de
1393 1686 1520 1723 Ponto,
1550 1679 1651 1726 Eleg.
1671 1690 1742 1715 vu.
1779 1675 1891 1713 altam
1913 1676 2062 1725 Hyblam
2081 1677 2227 1719 dixerit.

1188 1729 1350 1769 Fuerunt
1374 1731 1412 1767 &
1434 1730 1524 1768 aliae
1552 1729 1645 1766 duae
1669 1728 1770 1766 urbes
1793 1728 1830 1764 in
1855 1727 1974 1765 Sicilia
1995 1728 2131 1766 eodem
2153 1741 2227 1768 no-

1188 1784 1302 1820 mine.
1355 1782 1449 1819 Tres
1461 1780 1559 1818 enim
1584 1777 1685 1816 fuiffe
1701 1806 1711 1822 ‚
1737 1778 1912 1815 nimirum
1927 1778 2132 1826 majorem,
2160 1791 2224 1819 cu¹⁵

1179 1833 1240 1882 jus
1263 1830 1610 1881 oppidaniHyblaei
1631 1829 1718 1867 dieti
1733 1856 1742 1873 ,
1772 1840 1920 1876 parvam
1935 1841 2052 1877 ,quae
2071 1832 2221 1879 Megara

1185 1885 1360 1933 appellata
1377 1912 1385 1927 ‚
1415 1883 1599 1920 minorem
1615 1891 1732 1929 ,quae
1745 1880 1912 1923 Heraea,
1942 1879 2113 1928 Stephani
2133 1882 2222 1930 Epi-

1184 1934 1490 1972 tomatordiserte
1511 1931 1682 1980 prodidit.
1736 1931 1931 1968 SALVAGN.
1961 1937 2057 1966 Nam
2070 1942 2222 1981 necquot

1185 1985 1332 2022 frondes
1352 1985 1477 2020 Franc.
1507 1984 1711 2026 Nascuntur
1728 1979 1815 2015 editi
1837 1979 1926 2014 olim
1950 1979 1988 2016 &
2011 1991 2143 2018 omnes
2164 1983 2220 2019 fe-

1183 2046 1221 2072 re
1242 2035 1370 2082 scripti.
1393 2034 1582 2080 pascuntur
1605 2028 1716 2075 Jureti
1745 2029 1782 2065 ὃς
1810 2028 1909 2064 alius.
1936 2039 2082 2079 quotque
2094 2032 2220 2077 ferant

1184 2085 1305 2122 Petav>
1330 2083 1561 2134 quotveferax
1575 2079 1947 2129 unus.quaevefhrant
1960 2080 2110 2120 Moreti.
2139 2088 2222 2129 Ter-¹

1182 2148 1224 2170 ra
1253 2134 1381 2171 Falisca
1401 2142 1483 2170 tres.

1233 2196 1317 2221 202.
1354 2186 1495 2232 Qotve
1510 2184 1606 2228 serat
1628 2209 1638 2227 ,
1671 2180 1785 2219 dicam
1801 2208 1810 2224 ‚
1830 2190 1923 2217 terra
1936 2181 2054 2231 Cilissa
2075 2184 2219 2235 crocea]

1183 2233 1487 2272 Laudatiflimum
1519 2241 1671 2272 crocum
1704 2233 1820 2280 gignit
1842 2232 1970 2270 Cilicia
1988 2235 2032 2272 ad
2053 2235 2218 2275 Antrum

1183 2285 1402 2335 Corycium.
1426 2284 1610 2322 Ovid.lib.
1629 2296 1657 2322 x.
1685 2284 1774 2322 Fast.

1232 2351 1277 2382 Et
1293 2346 1388 2395 sonet
1407 2343 1546 2394 accensu
1562 2342 1653 2392 spica
1674 2342 1792 2391 Ciliffa
1804 2342 1903 2395 fhcis.

1183 2415 1351 2453 CJOFAN.
1380 2415 1523 2452 Solinus
1554 2425 1635 2461 cap.
1659 2424 1716 2458 41.
1753 2412 1856 2449 circa
1886 2418 2054 2462 Corycum
2072 2416 2217 2455 Ciliciae

1182 2479 1315 2503 crocum
1347 2466 1541 2514 plurimum
1575 2464 1818 2513 optimumque.
1875 2468 1946 2499 Det
1968 2465 2044 2502 licet
2074 2468 2214 2514 Sicilia,

1181 2518 1238 2553 dec
1257 2523 1396 2566 (ἔγνωκα
1417 2543 1427 2560 ,
1458 2516 1513 2552 det
1535 2526 1578 2554 ey
1596 2514 1699 2562 Lycia
1713 2541 1722 2557 ‚
1749 2516 1810 2550 hoc
1823 2513 1980 2562 primum
2002 2515 2062 2571 fst.
2100 2519 2214 2566 Spirat

93 2572 127 2600 ¹·
152 2562 211 2600 lib·
228 2574 260 2598 J·
288 2568 489 2609 MWW‘W’
518 2559 555 2596 ὅ(
577 2558 662 2595 Ode
686 2568 743 2606 35·
771 2557 1005 2605 carpashium
1028 2558 1121 2606 pela·
1170 2568 1396 2616 fragrantius
1418 2595 1427 2611 ,
1464 2566 1566 2603 colore
1588 2566 1663 2613 plus
1684 2577 1785 2601 aureo
1810 2565 1854 2611 est
1873 2592 1883 2608 ,
1912 2567 2007 2610 succa
2036 2575 2092 2615 ope
2113 2570 2214 2607 citius

93 2621 169 2657 gus.
220 2614 305 2659 Qua
328 2611 479 2660 quidem
499 2609 611 2657 figura
640 2609 838 2646 Poetarum
861 2608 939 2645 libri
960 2608 1120 2651 scatent3

90 2661 152 2698 sed
171 2664 268 2699 enirn
298 2661 392 2698 forte
425 2659 588 2709 Libycum
610 2670 694 2706 prae
722 2658 871 2695 caeteris
892 2660 1122 2704 nominavit,

94 2710 197 2759 quod
211 2712 278 2748 Ibis
290 2712 394 2760 juxta
414 2711 624 2759 Cinyphem
640 2737 651 2754 ‚
677 2710 740 2758 qui
759 2710 795 2746 in
818 2709 1005 2758 Libycum
1020 2721 1120 2747 mare

93 2761 126 2798 se
141 2769 314 2798 exonerat
328 2788 338 2804 ,
361 2761 476 2799 editus
496 2759 593 2797 effet.
643 2760 814 2797 Servao.
841 2765 920 2796 Aut
932 2761 1116 2809 summam

91 2811 265 2848 vatican.
299 2810 356 2846 vel
371 2811 496 2848 Petav.
521 2809 653 2854 liquido
673 2811 713 2847 de
734 2823 829 2847 mare
842 2811 957 2859 prima
978 2811 1117 2849 Editio,

93 2866 223 2910 captat
247 2861 398 2898 Moreti.
433 2870 542 2908 carpet
563 2860 655 2900 duo‚
689 2861 734 2899 de
764 2874 861 2898 mare
890 2862 927 2898 in
957 2860 1117 2899 ablativo

92 2913 179 2949 vide
203 2910 338 2948 Charis.
365 2909 448 2948 lnst.
467 2911 593 2947 Gram.
621 2923 655 2959 p.
673 2922 737 2960 44.
765 2911 1027 2950 Gifan.1ndic.'
1040 2913 1117 2951 Lu·

92 2971 182 3001 cret.
212 2963 250 2999 &
272 2961 493 2998 Comment.
518 2960 562 2996 ad
575 2961 692 2998 Curtii
722 2961 884 3008 V.1v.7.

144 3025 229 3053 201.
257 3017 352 3048 Nam
375 3024 480 3061 neque
500 3009 729 3060 quotflares]
757 3012 941 3061 Frequens
954 3011 1002 3049 est
1023 3014 1120 3053 Ovi-

92 3063 171 3102 dius
189 3064 226 3101 in
257 3061 387 3100 eadem
409 3070 708 3109 comparatione,
733 3073 844 3111 quam
874 3065 1037 3103 imitatur
1058 3065 1120 3103 Se-

93 3125 184 3152 neca
204 3114 356 3162 Oedipo
371 3140 381 3157 ,
408 3114 494 3149 600.

144 3182 226 3214 Non
248 3186 298 3214 tot
318 3177 463 3217 caducas
486 3175 606 3216 educat
616 3174 759 3222 frondes
779 3179 875 3226 Eryx
885 3203 899 3227 2

144 3251 237 3286 Tom.
260 3252 314 3286 IV.

1169 2618 1306 2668 proficit
1328 2618 1376 2654 ad
1401 2616 1581 2654 medelam.
1636 2615 1739 2652 Idem
1772 2615 1930 2652 scribunt
1956 2615 2083 2654 Strabo
2103 2646 2113 2662 ‚
2144 2619 2214 2657 Di-

1175 2669 1356 2707 oscorides
1374 2668 1432 2705 lib.
1448 2669 1572 2716 1.'tcap.
1588 2677 1646 2711 ις.
1673 2666 1877 2703 Pliniuslib.
1889 2677 1967 2702 xxi.
1981 2678 2058 2714 cap.
2069 2669 2103 2704 6.
2118 2670 2214 2709 Cur-

1173 2722 1242 2757 tius
1264 2748 1274 2763 ‚
1312 2719 1417 2756 Philo
1448 2718 1664 2766 Carpathius
1695 2717 1730 2753 in
1763 2716 1916 2753 Cantica
1941 2717 2210 2767 Cantieorum,

1173 2771 1306 2858 Vigius
1337 2769 1524 2819 sequester
1557 2770 1594 2806 &
1616 2767 1698 2811 alii,
1728 2768 1826 2804 unde
1859 2767 2051 2807 Lucretius
2088 2769 2146 2808 lib.
2165 2783 2212 2821 ιι,

1173 2833 1216 2868 41
1250 2850 1259 2860 .

1228 2893 1273 2926 Et
1293 2904 1370 2928 cum
1382 2891 1486 2940 scena
1506 2900 1595 2926 eroco
1613 2887 1715 2926 Cilici
1727 2887 1868 2938 perfusa
1887 2900 1996 2928 recem
2006 2889 2062 2939 est.

1173 2951 1350 3001 Virgilius
1370 2954 1513 2992 Culice.

1226 3029 1346 3075 Atque
1362 3022 1572 3074 hyacinthus
1590 3032 1630 3061 (9·
1653 3021 1706 3060 hic
1723 3022 1826 3062 cilici
1851 3035 1962 3062 crocus
1983 3025 2093 3064 editus
2108 3034 2209 3071 arvo,

1179 3090 1284 3127 Hinc
1307 3091 1402 3139 Spica
1425 3087 1544 3138 Ciliffiz
1573 3089 1712 3128 Nasoni
1740 3090 1802 3129 lib.
1821 3103 1866 3127 11.
1901 3091 2033 3128 Fastor.
2060 3091 2096 3127 ὅ(
2119 3091 2207 3128 Pro·

1178 3143 1297 3188 pertio
1324 3142 1382 3177 lib.
1406 3152 1459 3177 iv.
1487 3141 1587 3188 cujus
1605 3142 1730 3178 locum
1752 3141 1837 3178 licet
1858 3141 2039 3187 Philippus
2059 3141 2206 3178 Beroal-

1177 3191 1241 3229 dus
1262 3194 1299 3229 ὃς
1319 3191 1445 3230 Paulus
1466 3191 1603 3230 Marsus
1625 3202 1682 3277 og}
1697 3192 1822 3230 Nardo
1844 3191 2073 3239 exposuerint
2087 3191 2212 3237 ,Her-

2126 3251 2211 3279 mo-
