2547 3708
18 0 25 107 i

17 243 20 307 Ι

17 309 19 316 ⁴

648 119 1562 175 PRAEFArioNEs
2070 153 2163 204 ης

59 221 143 283 ist„
172 234 264 272 tam
298 217 387 265 levi
418 224 658 279 putarem,
693 211 765 260 sed
799 229 906 260 curn
941 216 1119 279 turpius
1142 216 1257 263 nihil
1284 217 1339 266 fit
1359 219 1574 282 ingrato,
1606 229 1661 269 ,ut
1686 218 1779 267 hoc
1800 220 1930 268 velut
1951 223 2156 287 indicio,

58 292 106 339 ὅς
135 303 217 335 ceu
250 287 444 349 pignore
471 279 670 341 quodam
697 292 826 325 certo
851 295 1102 327 memorem
1129 298 1179 327 ac
1202 297 1385 346 gratum
1414 300 1487 330 me
1510 284 1594 331 tibi
1618 285 1878 348 probarem.
1949 289 2014 335 Ea
2034 294 2158 342 enim

57 352 205 411 officia
238 352 284 397 in
319 364 390 395 me
424 360 502 392 tua
533 357 726 403 extant,
762 344 926 408 quibus
962 362 1068 392 cum
1089 347 1427 413 Heidelbergae
1450 349 1668 409 essemu5‚
1703 352 1909 413 plurimis
1935 369 1986 399 ac
2012 357 2158 403 maxi-

13 433 17 472 ι
56 421 139 472 mis
160 431 232 464 me
255 414 342 463 tibi
364 411 643 470 devinxisti‚
679 425 731 457 ut
758 409 840 457 nili
868 426 1093 474 perpetuo
1120 413 1305 459 illorum
1333 413 1619 474 reminiscar,
1652 432 1815 463 excors
1840 431 1977 480 atque
2006 436 2157 468 amens

12 474 16 541 l
54 483 214 532 videar.
283 480 439 541 Atque
475 478 612 536 hujus
646 476 832 539 quidem
868 478 930 522 rei
967 493 1076 524 curn
1114 479 1272 524 testem
1313 480 1524 526 haberem
1558 482 1748 544 ampliss'.
1778 483 1855 542 Jo.
1889 484 2156 545 Locerum,

11 551 15 619 j
51 550 198 596 virum
221 547 266 592 in
289 560 337 591 re
363 543 539 589 medica
561 540 1016 589 excellentissimum:
1052 543 1216 601 deinde
1238 558 1393 590 autem
1424 546 1469 591 ὃς
1495 544 1551 590 de
1575 550 1703 593 omni
1725 548 1959 594 literarum
1987 565 2158 612 genere

6 822 11 934 l

55 613 300 677 plurimum
323 622 460 670 atque
483 609 661 670 optime
688 608 900 653 meritum
917 641 932 665 ,
957 622 1087 654 antea
1110 610 1295 671 quidem
1320 612 1437 673 apud
1463 612 1589 657 hunc
1611 613 1862 658 meminisse
1887 614 2071 660 illorum
2095 614 2160 662 sa-

51 679 107 724 tis
142 675 392 732 habebam,
426 687 670 736 propterea
702 671 827 733 quod
866 673 1097 719 honestius
1134 687 1371 735 putarem,
1407 677 1452 720 in
1489 677 1657 739 vulgus
1694 694 1745 723 ac
1772 678 1958 740 publice
1979 692 2158 739 tacere,

51 758 185 805 quam
223 755 382 803 parum
415 740 648 784 luculente
682 752 733 781 ac
767 736 999 798 splendide
1035 740 1090 783 de
1116 740 1202 784 illis
1228 739 1396 786 dicere.
1467 742 1533 787 At
1557 758 1665 788 vero
1691 745 1932 805 postquam
1955 744 2003 791 ὃς
2031 745 2158 792 hunc

50 807 200 853 virum
231 818 410 852 tantum
446 803 599 866 paucis
631 801 799 846 abhinc
831 805 957 847 annis
990 819 1113 848 mors
1142 804 1353 862 abstulit,
1388 818 1465 851 aut
1492 807 1639 853 verius
1673 809 1801 853 terris
1837 810 2034 867 invidit,
2065 826 2155 874 ego

51 887 164 935 quae
186 872 305 934 apud
330 869 457 916 illum
473 901 487 926 ‚
512 870 687 912 amicus
712 866 927 912 videlicet
948 868 1069 930 apud
1092 870 1291 915 amicum
1308 869 1392 928 ,de
1417 883 1462 916 te
1483 870 1632 918 absens
1655 872 1909 936 praedicare
1931 872 2126 922 solebam
2142 909 2160 934 ‚

49 952 100 982 ea
133 951 255 981 nunc
287 948 470 991 coram,
506 932 554 977 ὃς
575 930 697 994 quasi
721 931 799 977 sub
823 933 969 979 oculis
991 933 1152 980 testata
1175 934 1260 980 tibi
1282 935 1536 997 relinquere
1563 936 1761 983 decrevi.
1830 938 2002 1001 Neque
2021 940 2157 988 dubi·

49 1013 128 1059 to,
150 1015 266 1062 quae
297 1012 375 1046 tua
404 998 450 1042 in
476 999 663 1042 caeteris
689 997 822 1042 rebus
846 1013 954 1060 erga
977 1015 1135 1044 omnes
1158 1015 1273 1062 pene
1295 1000 1504 1046 homines
1528 1001 1786 1049 humanitas
1809 1003 1901 1060 est,
1936 1005 2047 1066 quin
2072 1023 2154 1050 vo-

49 1065 272 1112 luntatem
307 1077 446 1125 atque
479 1063 682 1108 animum
711 1062 756 1107 in
781 1062 866 1108 hac
889 1079 936 1108 re
961 1079 1115 1109 meum
1143 1061 1315 1127 magis,
1352 1081 1486 1128 quam
1512 1064 1682 1112 faetum
1707 1069 1852 1130 ipsum
1874 1067 2157 1131 speetaturus

51 1130 117 1178 fis.
185 1129 474 1190 Quanquam·
496 1128 632 1183 etiam
658 1126 781 1189 quod
805 1127 859 1172 ad
883 1143 1210 1191 argumentum
1232 1129 1390 1192 scripti
1420 1129 1557 1194 hujus
1577 1134 1770 1190 attinet,
1805 1132 1849 1178 id
1874 1149 1984 1179 vero
2007 1136 2157 1180 neuti-

51 1210 186 1259 quam
221 1194 309 1240 tale
341 1193 430 1250 est,
466 1205 517 1238 ut
554 1207 599 1237 te
625 1192 743 1237 illius
764 1193 1003 1254 poenitere
1027 1194 1214 1240 debeat:
1252 1194 1623 1257 quandoquidem
1650 1212 1797 1258 neque
1822 1199 2006 1244 summis
2032 1200 2159 1260 prin-

49 1260 231 1323 cipibus
264 1259 312 1304 in
335 1257 495 1303 eodem
527 1256 716 1315 versari,
753 1256 995 1320 aliquando
1020 1275 1185 1321 parum
1210 1260 1352 1305 visum
1380 1259 1484 1305 fuit.
1557 1261 1684 1307 Nam
1709 1261 1765 1307 de
1787 1262 1986 1308 Tiberio
2011 1265 2157 1325 impe—

49 1338 199 1371 ratore
222 1325 285 1369 ita
309 1322 466 1369 scribit
493 1322 768 1376 Suetonius,
795 1322 1009 1370 historiae
1035 1323 1249 1371 fabularis
1273 1326 1489 1382 notitiam
1512 1340 1568 1370 eo
1596 1325 1736 1390 usque
1761 1326 1978 1373 curavisse
1999 1328 2128 1374 illum
2144 1362 2160 1385 ,

49 1401 102 1436 ut
131 1388 458 1453 grammaticos
490 1387 673 1432 interim
708 1387 968 1449 hujusmodi
995 1389 1335 1451 quaestionibus
1358 1391 1662 1452 experiretur.
1730 1390 1866 1449 Quae
1889 1406 2036 1437 mater
2060 1394 2158 1439 He-

48 1454 213 1501 cubae:
251 1452 378 1515 quod
416 1468 586 1498 nomen
614 1453 784 1498 Achilli
820 1454 939 1499 inter
976 1456 1203 1516 virgines:
1241 1454 1289 1501 &
1327 1455 1437 1517 quid
1465 1456 1643 1501 Sirenes
1668 1469 1848 1501 cantare
1873 1455 2156 1502 solitae‘fuis-

49 1517 157 1566 sent.
225 1518 369 1578 Qlod
397 1518 541 1581 igitur
559 1515 762 1563 severum
787 1533 838 1563 ac
860 1519 1080 1564 tetricum
1102 1520 1236 1565 istum
1253 1553 1268 1577 ,
1305 1520 1352 1565 &
1377 1521 1424 1565 in
1445 1519 1660 1577 caeteris,
1694 1531 1746 1564 ut
1768 1520 1824 1564 de
1846 1521 2007 1566 eodem
2030 1538 2159 1568 acce-

53 1585 226 1652 pimuS‚
246 1584 416 1637 ¹omnia
444 1582 581 1628 citius
617 1599 754 1645 quam
780 1584 944 1645 jocum
967 1597 1046 1630 aut
1070 1582 1365 1631 festivitatem
1391 1599 1495 1648 prae
1516 1584 1558 1629 se
1579 1582 1831 1643 ferentem,
1866 1585 2018 1631 fecifle
2043 1586 2161 1650 legi-

47 1664 148 1696 mus
174 1682 191 1708 ,
224 1649 271 1695 in
303 1664 359 1694 eo
395 1664 477 1694 nos
513 1663 701 1710 quoque
736 1664 922 1710 operam
958 1648 1154 1711 aliquam
1192 1649 1413 1711 posuisse,
1447 1664 1584 1694 nemo
1618 1650 1789 1712 opinor
1827 1650 2161 1710 reprehendet,

50 1713 135 1762 nifi
172 1715 250 1778 qui
286 1711 546 1778 promiscue
582 1729 635 1758 ac
672 1714 868 1776 pariter,
903 1730 1083 1777 unaque
1116 1715 1261 1761 veluti
1297 1716 1500 1776 pertica,
1534 1713 1659 1777 quod
1686 1714 1932 1777 proverbio
1959 1714 2162 1775 dicitur,

48 1777 214 1829 cuneta
247 1778 384 1841 hujus
407 1779 586 1841 generis
607 1777 860 1825 damnanda
883 1795 935 1825 ac
959 1779 1206 1841 rejicienda
1227 1777 1523 1827 existimabit.
1593 1779 1706 1825 Huc
1728 1778 1931 1837 accedit,
1965 1780 2089 1843 quod
2113 1781 2162 1827 &

47 1843 141 1908 ipse
166 1843 280 1892 olim
305 1844 352 1889 in
374 1842 536 1889 eodem
566 1843 745 1901 studio,
781 1843 1063 1906 eademque,
1099 1858 1151 1891 ut
1177 1846 1239 1891 ita
1261 1845 1441 1901 dicam,
1475 1842 1690 1906 palaestra
1716 1842 1912 1890 versatus
1932 1859 1991 1890 es.
2039 1846 2094 1892 N
2099 1861 2162 1892 on

50 1908 237 1972 quidem
276 1920 328 1954 ut
351 1921 403 1954 tu
428 1907 649 1954 fabulares
675 1909 773 1954 istas
799 1909 1076 1955 narrationes
1098 1923 1237 1969 atque
1258 1909 1463 1954 historias
1488 1907 1839 1971 persequereris,
1873 1907 1943 1953 sed
1971 1922 2024 1954 ut
2045 1910 2164 1955 veris

50 1989 103 2020 ac
132 1973 271 2036 gestis
307 1971 438 2017 rebus
466 1971 618 2017 lucem
642 1971 851 2018 adderes:
891 1972 939 2019 δί
960 1988 1072 2035 quae
1095 1975 1336 2034 poetarum
1362 1972 1629 2019 &itionibus
1649 1988 1702 2018 ac
1733 1973 1929 2018 numeris
1953 1973 2163 2020 involuta

52 2053 103 2084 ac
143 2037 262 2084 teeta
295 2035 464 2095 essent,
499 2052 551 2081 ea
586 2037 928 2099 interpretando
961 2037 1398 2100 atquevexplicando
1431 2035 1522 2100 ipse
1553 2036 1808 2083 illustrares.
1874 2036 2048 2099 Neque
2070 2053 2161 2100 ego

53 2101 146 2149 hoc
167 2102 275 2148 loco
297 2101 447 2148 dicam
462 2134 476 2158 ,
513 2113 735 2162 quantum
758 2101 846 2146 tibi
868 2101 1133 2147 Richardus
1156 2101 1231 2148 ille
1263 2115 1369 2149 tuus
1399 2101 1560 2147 debeat
1577 2134 1592 2157 ‚
1626 2115 1850 2162 quantum
1874 2100 2128 2163 Ligur-inus
2144 2136 2162 2161 ,

49 2166 272 2230 quantum
305 2166 381 2212 alii
417 2166 526 2212 item
562 2165 726 2224 multi,
761 2179 886 2212 tanta
919 2181 1027 2212 cura
1061 2179 1274 2230 tantaque
1298 2165 1539 2229 diligentia
1562 2163 1588 2210 a
1610 2177 1656 2211 te
1686 2165 1920 2227 explicati.
1990 2166 2166 2228 Neque

51 2232 187 2289 etiam
211 2232 303 2278 hoc
330 2246 453 2277 nunc
478 2229 636 2276 addam
653 2263 668 2289 ,
703 2245 925 2292 quantum
953 2230 1044 2294 ipse
1069 2232 1270 2277 nominis
1293 2246 1345 2277 ac
1371 2231 1517 2277 famae
1540 2228 1626 2275 tibi
1647 2231 1902 2293 pepereris.
1922 2243 2161 2293 quantam-

52 2311 140 2362 que
162 2296 282 2361 apud
307 2297 430 2341 viros
454 2295 804 2358 haudquaquam
830 2295 1087 2358 postremos
1107 2298 1201 2358 jam
1223 2295 1336 2342 olim
1364 2297 1410 2342 in
1436 2296 1528 2341 hoc
1554 2309 1719 2357 genere
1739 2294 1915 2341 laudem
1940 2294 2160 2341 consecu-

53 2360 122 2408 tus
147 2360 213 2408 fis.
283 2360 405 2408 Illud
426 2361 568 2424 magis
591 2361 741 2406 mirari
766 2358 919 2418 soleo,
953 2372 1000 2406 te
1025 2360 1145 2406 inter
1168 2373 1242 2407 tot
1266 2361 1483 2423 negotia,
1517 2359 1682 2421 quibus
1704 2375 1866 2422 regum
1902 2375 1954 2406 ac
1987 2361 2159 2421 princi-

55 2427 164 2490 pum
188 2426 310 2473 aulae
333 2439 559 2489 perpetuo
582 2424 859 2471 distinentur
883 2438 1023 2488 atque
1045 2425 1308 2489 agitantur,
1343 2438 1524 2470 tantum
1550 2424 1597 2469 in
1623 2436 1670 2470 te
1701 2424 1868 2470 laboris
1893 2436 2027 2485 atque
2050 2440 2159 2469 one-

53 2492 111 2537 ris
132 2489 351 2554 suscipere
375 2489 586 2554 potuisse.
643 2490 771 2536 Nam
794 2503 845 2536 ut
866 2489 941 2536 alii
965 2489 1087 2547 aliis,
1122 2489 1194 2536 sed
1216 2489 1381 2554 finguli
1402 2502 1556 2535 tamen
1583 2486 1770 2551 singulis
1796 2489 1993 2552 negotiis
2015 2504 2067 2533 ac
2092 2504 2160 2534 re-

53 2555 138 2602 bus
161 2555 329 2602 alicubi
354 2554 544 2602 fortaffis
569 2555 762 2619 praeesse
788 2554 909 2601 reete
931 2554 1146 2617 possunt,
1181 2556 1245 2601 ita
1264 2568 1429 2601 contra
1449 2551 1796 2615 haudquaquam
1820 2553 1980 2610 facile,
2015 2568 2163 2614 neque

55 2619 250 2681 cujusvis
273 2621 471 2666 hominis
494 2620 586 2679 est,
621 2634 715 2666 tam
738 2619 922 2666 diversis
943 2636 994 2666 ac
1020 2621 1154 2666 variis
1179 2619 1360 2676 studiis,
1397 2618 1566 2681 pariter
1589 2617 1843 2680 eodemque
1864 2617 2006 2663 modo
2029 2632 2158 2662 vaca-

56 2701 104 2731 re
128 2685 262 2747 posle.
332 2689 486 2748 Atque
509 2685 565 2731 ad
592 2685 708 2730 hanc
729 2686 905 2748 ingenii
930 2684 1198 2732 facultatem
1214 2720 1230 2743 ‚
1263 2697 1341 2730 aut
1357 2717 1372 2742 ‚
1407 2696 1460 2730 ut
1483 2683 1633 2728 verius
1656 2682 1805 2728 dicam
1822 2716 1837 2741 ,
1873 2682 2158 2737 felicitatem,

56 2765 151 2796 non
174 2748 312 2794 modo
336 2763 522 2809 natura,
556 2763 636 2795 aut
662 2750 729 2795 vis
762 2763 839 2796 tua
854 2784 869 2808 ‚
904 2766 1020 2812 quae
1042 2763 1197 2796 tamen
1217 2749 1373 2795 eadem
1401 2749 1449 2794 in
1471 2761 1517 2794 te
1539 2745 1713 2793 summa
1733 2746 1905 2809 semper
1928 2745 2046 2802 fuit,
2078 2745 2156 2790 ad-

55 2813 244 2877 juviffe,
277 2812 349 2857 sed
374 2814 420 2858 &
442 2813 692 2861 domestica
721 2816 960 2878 exempla,
993 2814 1176 2878 ipsaque
1206 2814 1318 2861 adeo
1349 2813 1496 2875 patria
1527 2826 1608 2857 tua
1632 2812 1844 2858 excitasse
1881 2824 1928 2856 te
1960 2809 2157 2855 videtur.

57 2877 150 2924 Cui
175 2878 297 2923 enim
323 2893 416 2922 non
443 2892 579 2924 notus
611 2879 862 2925 avunculus
895 2880 967 2926 ille
1002 2892 1107 2925 tuus
1131 2876 1537 2942 Winphelingus?
1571 2890 1648 2922 aut
1683 2877 1783 2938 quis
1817 2874 1957 2921 nescit
1982 2887 2157 2936 quanto

57 2943 175 2989 idem
199 2942 273 2988 ille
296 2941 445 2987 studio
465 2941 518 2986 ad
543 2942 691 2988 literas
711 2943 1024 3006 provehendas
1047 2943 1148 2990 rudi
1175 2945 1325 2990 adhuc
1349 2940 1631 3004 &impolito
1651 2941 1733 2987 illo
1754 2954 1855 2987 tum
1877 2938 2027 2985 seculo
2049 2955 2156 3000 pro-

57 3006 225 3069 gressus
246 3005 418 3053 fuerit?
453 3005 637 3052 Deinde
662 3021 813 3052 autem
838 3010 912 3054 cui
939 3025 1033 3054 non
1060 3008 1302 3071 aliqua-ndo
1320 3008 1441 3071 Maji
1465 3022 1638 3053 nomen
1662 3003 1903 3052 auditum?
1928 3019 2063 3066 quem
2090 3016 2156 3046 te-

63 3084 165 3117 num
188 3088 246 3119 ex
267 3072 421 3118 eadem
444 3085 588 3117 matre
608 3084 766 3116 natum
784 3092 814 3129 ,·
835 3073 987 3119 eadem
1009 3073 1202 3133 domus,
1236 3073 1391 3120 iisdem
1422 3071 1606 3129 studiis,
1639 3070 1767 3117 velut
1789 3071 1921 3116 avitis
1950 3085 2002 3115 ac
2025 3067 2156 3114 fami-

63 3132 239 3182 linibus
264 3135 529 3197 quibusdam
558 3135 687 3181 sacris
713 3136 926 3182 initiavit.
973 3139 1131 3199 Atque
1152 3152 1204 3185 ut
1225 3152 1271 3184 te
1296 3140 1514 3199 Imperat.
1550 3136 1767 3198 Maiestas
1788 3134 2057 3196 aliquando,
2092 3131 2156 3176 ita

63 3196 188 3263 illum
210 3202 358 3267 Regis
377 3201 481 3249 aula
499 3203 593 3266 jam
618 3199 797 3264 pridem
822 3199 1022 3250 consiliis
1043 3216 1181 3266 atque
1200 3203 1374 3250 arcanis
1398 3200 1484 3249 suis
1506 3199 1788 3263 praefeelmm
1813 3199 1938 3248 velit.
1994 3197 2065 3244 Ut
2086 3197 2156 3268 in-

69 3288 78 3295 ,.
2024 3274 2162 3308 terim
