<?xml version="1.0" encoding="UTF-8"?>
<!DOCTYPE html PUBLIC "-//W3C//DTD XHTML 1.0 Transitional//EN"
    "http://www.w3.org/TR/xhtml1/DTD/xhtml1-transitional.dtd">
<html xmlns="http://www.w3.org/1999/xhtml" xml:lang="en" lang="en">
 <head>
  <title>
</title>
<meta http-equiv="Content-Type" content="text/html;charset=utf-8" />
  <meta name='ocr-system' content='tesseract 3.04.00' />
  <meta name='ocr-capabilities' content='ocr_page ocr_carea ocr_par ocr_line ocrx_word'/>
</head>
<body>
  <div class='ocr_page' id='page_1' title='image "./publiiovidiinaso04ovid_0315.png"; bbox 0 0 2547 3708; ppageno 0'>
   <div class='ocr_carea' id='block_1_1' title="bbox 594 130 1512 273">
    <p class='ocr_par' dir='ltr' id='par_1_1' title="bbox 594 130 1512 273">
     <span class='ocr_line' id='line_1_1' title="bbox 594 130 1512 181; baseline -0.002 -1"><span class='ocrx_word' id='word_1_1' title='bbox 594 130 1512 181; x_wconf 83' lang='lat' dir='ltr'>PRAEFATIONES.</span> 
     </span>
     <span class='ocr_line' id='line_1_2' title="bbox 946 226 1228 273; baseline 0.007 -2"><span class='ocrx_word' id='word_1_2' title='bbox 946 226 1228 273; x_wconf 84' lang='lat' dir='ltr'>IDEM</span> 
     </span>
    </p>
   </div>
   <div class='ocr_carea' id='block_1_2' title="bbox 490 319 1681 385">
    <p class='ocr_par' dir='ltr' id='par_1_2' title="bbox 490 319 1681 385">
     <span class='ocr_line' id='line_1_3' title="bbox 490 319 1681 385; baseline 0.002 -2"><span class='ocrx_word' id='word_1_3' title='bbox 490 319 1681 385; x_wconf 89' lang='lat' dir='ltr'><strong>LECTORIS.</strong></span> 
     </span>
    </p>
   </div>
   <div class='ocr_carea' id='block_1_3' title="bbox 30 433 2146 1734">
    <p class='ocr_par' dir='ltr' id='par_1_3' title="bbox 30 433 2146 1734">
     <span class='ocr_line' id='line_1_4' title="bbox 179 433 2146 502; baseline -0.002 -15"><span class='ocrx_word' id='word_1_4' title='bbox 179 440 422 502; x_wconf 84' lang='lat' dir='ltr'><strong>Uanquam</strong></span> <span class='ocrx_word' id='word_1_5' title='bbox 443 433 751 500; x_wconf 87' lang='lat' dir='ltr'><strong>superioribus</strong></span> <span class='ocrx_word' id='word_1_6' title='bbox 775 435 901 481; x_wconf 90' lang='lat' dir='ltr'><strong>annis</strong></span> <span class='ocrx_word' id='word_1_7' title='bbox 924 435 1037 481; x_wconf 90' lang='lat' dir='ltr'><strong>haec</strong></span> <span class='ocrx_word' id='word_1_8' title='bbox 1065 434 1231 481; x_wconf 88' lang='lat' dir='ltr'><strong>Ovidii</strong></span> <span class='ocrx_word' id='word_1_9' title='bbox 1254 449 1557 484; x_wconf 87' lang='lat' dir='ltr'><strong>monumenta</strong></span> <span class='ocrx_word' id='word_1_10' title='bbox 1579 434 1811 485; x_wconf 81' lang='lat' dir='ltr'><strong>emifimus</strong></span> <span class='ocrx_word' id='word_1_11' title='bbox 1827 471 1843 497; x_wconf 87' lang='lat'><strong>,</strong></span> <span class='ocrx_word' id='word_1_12' title='bbox 1869 452 1926 484; x_wconf 75' lang='lat' dir='ltr'><strong>ex</strong></span> <span class='ocrx_word' id='word_1_13' title='bbox 1950 436 2146 502; x_wconf 78' lang='lat' dir='ltr'><strong>diligen-</strong></span> 
     </span>
     <span class='ocr_line' id='line_1_5' title="bbox 43 445 2146 569; baseline -0.001 -17"><span class='ocrx_word' id='word_1_14' title='bbox 43 445 161 569; x_wconf 84' lang='lat' dir='ltr'><strong>Q</strong></span> <span class='ocrx_word' id='word_1_15' title='bbox 200 505 235 552; x_wconf 88' lang='lat' dir='ltr'><strong>ti</strong></span> <span class='ocrx_word' id='word_1_16' title='bbox 270 502 555 552; x_wconf 88' lang='lat' dir='ltr'><strong>vetustorum</strong></span> <span class='ocrx_word' id='word_1_17' title='bbox 593 499 925 563; x_wconf 84' lang='lat' dir='ltr'>exemplarium</span> <span class='ocrx_word' id='word_1_18' title='bbox 961 499 1209 545; x_wconf 89' lang='lat' dir='ltr'><strong>collatione</strong></span> <span class='ocrx_word' id='word_1_19' title='bbox 1244 502 1452 564; x_wconf 87' lang='lat' dir='ltr'><strong>pluribus</strong></span> <span class='ocrx_word' id='word_1_20' title='bbox 1486 503 1600 549; x_wconf 90' lang='lat' dir='ltr'><strong>locis</strong></span> <span class='ocrx_word' id='word_1_21' title='bbox 1624 502 1960 561; x_wconf 84' lang='lat' dir='ltr'><strong>&amp;emendata,</strong></span> <span class='ocrx_word' id='word_1_22' title='bbox 1997 503 2045 549; x_wconf 63' lang='grc' dir='ltr'><strong>ὃς</strong></span> <span class='ocrx_word' id='word_1_23' title='bbox 2069 520 2146 549; x_wconf 87' lang='lat' dir='ltr'><strong>au-</strong></span> 
     </span>
     <span class='ocr_line' id='line_1_6' title="bbox 39 563 2144 628; baseline -0.003 -8"><span class='ocrx_word' id='word_1_24' title='bbox 39 573 134 622; x_wconf 64' lang='grc' dir='ltr'><strong>ἂειε</strong></span> <span class='ocrx_word' id='word_1_25' title='bbox 158 585 310 617; x_wconf 86' lang='lat' dir='ltr'><strong>tamen</strong></span> <span class='ocrx_word' id='word_1_26' title='bbox 336 584 444 614; x_wconf 90' lang='lat' dir='ltr'><strong>cum</strong></span> <span class='ocrx_word' id='word_1_27' title='bbox 470 569 533 613; x_wconf 87' lang='lat' dir='ltr'><strong>ita</strong></span> <span class='ocrx_word' id='word_1_28' title='bbox 557 578 740 628; x_wconf 89' lang='lat' dir='ltr'><strong>tempus</strong></span> <span class='ocrx_word' id='word_1_29' title='bbox 763 564 998 623; x_wconf 84' lang='lat' dir='ltr'><strong>ferret,ut</strong></span> <span class='ocrx_word' id='word_1_30' title='bbox 1019 563 1175 610; x_wconf 91' lang='lat' dir='ltr'><strong>eadem</strong></span> <span class='ocrx_word' id='word_1_31' title='bbox 1200 566 1356 613; x_wconf 90' lang='lat' dir='ltr'><strong>denuo</strong></span> <span class='ocrx_word' id='word_1_32' title='bbox 1380 567 1512 614; x_wconf 92' lang='lat' dir='ltr'><strong>nobis</strong></span> <span class='ocrx_word' id='word_1_33' title='bbox 1541 568 1682 615; x_wconf 84' lang='lat' dir='ltr'><strong>effent</strong></span> <span class='ocrx_word' id='word_1_34' title='bbox 1703 568 2001 626; x_wconf 79' lang='lat' dir='ltr'><strong>excudenda,</strong></span> <span class='ocrx_word' id='word_1_35' title='bbox 2017 567 2144 614; x_wconf 87' lang='lat' dir='ltr'><strong>sedu-</strong></span> 
     </span>
     <span class='ocr_line' id='line_1_7' title="bbox 30 629 2144 697; baseline -0.002 -15"><span class='ocrx_word' id='word_1_36' title='bbox 30 637 86 684; x_wconf 87' lang='lat' dir='ltr'><strong>.lo</strong></span> <span class='ocrx_word' id='word_1_37' title='bbox 116 635 321 682; x_wconf 87' lang='lat' dir='ltr'><strong>dedimus</strong></span> <span class='ocrx_word' id='word_1_38' title='bbox 355 648 539 696; x_wconf 85' lang='lat' dir='ltr'>operam</span> <span class='ocrx_word' id='word_1_39' title='bbox 555 665 571 690; x_wconf 89' lang='lat'><strong>,</strong></span> <span class='ocrx_word' id='word_1_40' title='bbox 604 643 658 677; x_wconf 92' lang='lat' dir='ltr'><strong>ut</strong></span> <span class='ocrx_word' id='word_1_41' title='bbox 695 646 801 675; x_wconf 89' lang='lat' dir='ltr'><strong>cum</strong></span> <span class='ocrx_word' id='word_1_42' title='bbox 836 630 990 692; x_wconf 88' lang='lat' dir='ltr'><strong>priore</strong></span> <span class='ocrx_word' id='word_1_43' title='bbox 1014 630 1063 675; x_wconf 89' lang='lat' dir='ltr'><strong>in</strong></span> <span class='ocrx_word' id='word_1_44' title='bbox 1086 629 1293 677; x_wconf 84' lang='lat' dir='ltr'><strong>editione</strong></span> <span class='ocrx_word' id='word_1_45' title='bbox 1313 649 1408 679; x_wconf 88' lang='lat' dir='ltr'><strong>non</strong></span> <span class='ocrx_word' id='word_1_46' title='bbox 1429 633 1667 697; x_wconf 90' lang='lat' dir='ltr'><strong>vulgarem</strong></span> <span class='ocrx_word' id='word_1_47' title='bbox 1695 633 1940 680; x_wconf 87' lang='lat' dir='ltr'><strong>industriae</strong></span> <span class='ocrx_word' id='word_1_48' title='bbox 1964 633 2144 679; x_wconf 84' lang='lat' dir='ltr'><strong>laudem</strong></span> 
     </span>
     <span class='ocr_line' id='line_1_8' title="bbox 30 694 2144 762; baseline -0.002 -14"><span class='ocrx_word' id='word_1_49' title='bbox 30 702 314 758; x_wconf 70' lang='lat' dir='ltr'><strong>tulissemus,</strong></span> <span class='ocrx_word' id='word_1_50' title='bbox 349 700 395 743; x_wconf 88' lang='lat' dir='ltr'><strong>in</strong></span> <span class='ocrx_word' id='word_1_51' title='bbox 435 698 518 744; x_wconf 91' lang='lat' dir='ltr'><strong>hac</strong></span> <span class='ocrx_word' id='word_1_52' title='bbox 551 697 689 742; x_wconf 87' lang='lat' dir='ltr'><strong>etiam</strong></span> <span class='ocrx_word' id='word_1_53' title='bbox 725 694 977 757; x_wconf 90' lang='lat' dir='ltr'><strong>posteriore</strong></span> <span class='ocrx_word' id='word_1_54' title='bbox 1010 694 1181 757; x_wconf 87' lang='lat' dir='ltr'><strong>aliquid</strong></span> <span class='ocrx_word' id='word_1_55' title='bbox 1206 697 1560 759; x_wconf 87' lang='lat' dir='ltr'><strong>praestaremus,</strong></span> <span class='ocrx_word' id='word_1_56' title='bbox 1595 701 1644 746; x_wconf 90' lang='lat' dir='ltr'><strong>in</strong></span> <span class='ocrx_word' id='word_1_57' title='bbox 1668 716 1760 762; x_wconf 91' lang='lat' dir='ltr'><strong>quo</strong></span> <span class='ocrx_word' id='word_1_58' title='bbox 1785 698 1913 745; x_wconf 68' lang='lat' dir='ltr'><strong>dosti</strong></span> <span class='ocrx_word' id='word_1_59' title='bbox 1934 698 2144 744; x_wconf 88' lang='lat' dir='ltr'><strong>homines</strong></span> 
     </span>
     <span class='ocr_line' id='line_1_9' title="bbox 34 759 2143 828; baseline -0.002 -15"><span class='ocrx_word' id='word_1_60' title='bbox 34 781 131 813; x_wconf 89' lang='lat' dir='ltr'><strong>non</strong></span> <span class='ocrx_word' id='word_1_61' title='bbox 162 764 460 812; x_wconf 81' lang='lat' dir='ltr'><strong>mediocriter</strong></span> <span class='ocrx_word' id='word_1_62' title='bbox 494 760 686 824; x_wconf 89' lang='lat' dir='ltr'><strong>probare</strong></span> <span class='ocrx_word' id='word_1_63' title='bbox 718 759 916 814; x_wconf 76' lang='lat' dir='ltr'><strong>nostram</strong></span> <span class='ocrx_word' id='word_1_64' title='bbox 953 775 1138 821; x_wconf 84' lang='lat' dir='ltr'><strong>operam</strong></span> <span class='ocrx_word' id='word_1_65' title='bbox 1163 762 1359 821; x_wconf 82' lang='lat' dir='ltr'><strong>poffent.</strong></span> <span class='ocrx_word' id='word_1_66' title='bbox 1425 765 1588 827; x_wconf 89' lang='lat' dir='ltr'><strong>Itaque</strong></span> <span class='ocrx_word' id='word_1_67' title='bbox 1610 763 1895 828; x_wconf 79' lang='lat' dir='ltr'><strong>potissimum</strong></span> <span class='ocrx_word' id='word_1_68' title='bbox 1919 779 2015 809; x_wconf 89' lang='lat' dir='ltr'><strong>eam</strong></span> <span class='ocrx_word' id='word_1_69' title='bbox 2041 779 2143 825; x_wconf 87' lang='lat' dir='ltr'><strong>par-</strong></span> 
     </span>
     <span class='ocr_line' id='line_1_10' title="bbox 35 823 2141 891; baseline -0.001 -14"><span class='ocrx_word' id='word_1_70' title='bbox 35 843 128 878; x_wconf 85' lang='lat' dir='ltr'><strong>tem</strong></span> <span class='ocrx_word' id='word_1_71' title='bbox 145 864 160 889; x_wconf 87' lang='lat'><strong>,</strong></span> <span class='ocrx_word' id='word_1_72' title='bbox 181 831 256 876; x_wconf 91' lang='lat' dir='ltr'><strong>cui</strong></span> <span class='ocrx_word' id='word_1_73' title='bbox 282 841 404 877; x_wconf 82' lang='lat' dir='ltr'><strong>vates</strong></span> <span class='ocrx_word' id='word_1_74' title='bbox 429 823 808 888; x_wconf 85' lang='lat' dir='ltr'><strong>ingeniofiffimus</strong></span> <span class='ocrx_word' id='word_1_75' title='bbox 830 823 885 869; x_wconf 91' lang='lat' dir='ltr'><strong>de</strong></span> <span class='ocrx_word' id='word_1_76' title='bbox 909 823 1050 869; x_wconf 86' lang='lat' dir='ltr'><strong>Fastis</strong></span> <span class='ocrx_word' id='word_1_77' title='bbox 1073 825 1259 871; x_wconf 84' lang='lat' dir='ltr'><strong>titulum</strong></span> <span class='ocrx_word' id='word_1_78' title='bbox 1289 827 1433 886; x_wconf 87' lang='lat' dir='ltr'><strong>fecit,</strong></span> <span class='ocrx_word' id='word_1_79' title='bbox 1456 844 1570 891; x_wconf 89' lang='lat' dir='ltr'><strong>quae</strong></span> <span class='ocrx_word' id='word_1_80' title='bbox 1592 830 1654 876; x_wconf 88' lang='lat' dir='ltr'><strong>ita</strong></span> <span class='ocrx_word' id='word_1_81' title='bbox 1679 828 1891 876; x_wconf 86' lang='lat' dir='ltr'><strong>mendosa</strong></span> <span class='ocrx_word' id='word_1_82' title='bbox 1911 828 2141 874; x_wconf 80' lang='lat' dir='ltr'><strong>circunse-</strong></span> 
     </span>
     <span class='ocr_line' id='line_1_11' title="bbox 34 888 2141 956; baseline -0.001 -14"><span class='ocrx_word' id='word_1_83' title='bbox 34 895 246 953; x_wconf 82' lang='lat' dir='ltr'><strong>rebatur,</strong></span> <span class='ocrx_word' id='word_1_84' title='bbox 290 907 344 939; x_wconf 93' lang='lat' dir='ltr'><strong>ut</strong></span> <span class='ocrx_word' id='word_1_85' title='bbox 375 891 449 939; x_wconf 86' lang='lat' dir='ltr'><strong>vel</strong></span> <span class='ocrx_word' id='word_1_86' title='bbox 482 888 750 936; x_wconf 86' lang='lat' dir='ltr'><strong>eruditiores</strong></span> <span class='ocrx_word' id='word_1_87' title='bbox 784 888 956 934; x_wconf 90' lang='lat' dir='ltr'><strong>multos</strong></span> <span class='ocrx_word' id='word_1_88' title='bbox 992 888 1200 952; x_wconf 81' lang='lat' dir='ltr'><strong>persaepe</strong></span> <span class='ocrx_word' id='word_1_89' title='bbox 1233 892 1354 937; x_wconf 89' lang='lat' dir='ltr'><strong>inter</strong></span> <span class='ocrx_word' id='word_1_90' title='bbox 1387 892 1633 956; x_wconf 87' lang='lat' dir='ltr'><strong>legendum</strong></span> <span class='ocrx_word' id='word_1_91' title='bbox 1667 894 1900 951; x_wconf 85' lang='lat' dir='ltr'><strong>detinere,</strong></span> <span class='ocrx_word' id='word_1_92' title='bbox 1936 893 1983 940; x_wconf 63' lang='grc' dir='ltr'><strong>ὅ(</strong></span> <span class='ocrx_word' id='word_1_93' title='bbox 2017 892 2141 956; x_wconf 79' lang='lat' dir='ltr'><strong>quali</strong></span> 
     </span>
     <span class='ocr_line' id='line_1_12' title="bbox 33 953 2142 1023; baseline -0.002 -17"><span class='ocrx_word' id='word_1_94' title='bbox 33 975 198 1023; x_wconf 88' lang='lat' dir='ltr'><strong>angere</strong></span> <span class='ocrx_word' id='word_1_95' title='bbox 224 958 482 1013; x_wconf 88' lang='lat' dir='ltr'><strong>videretur,</strong></span> <span class='ocrx_word' id='word_1_96' title='bbox 528 953 742 1017; x_wconf 84' lang='lat' dir='ltr'><strong>pristinae</strong></span> <span class='ocrx_word' id='word_1_97' title='bbox 775 954 968 1017; x_wconf 87' lang='lat' dir='ltr'><strong>puritati</strong></span> <span class='ocrx_word' id='word_1_98' title='bbox 1005 953 1243 1001; x_wconf 87' lang='lat' dir='ltr'><strong>restituere</strong></span> <span class='ocrx_word' id='word_1_99' title='bbox 1264 959 1421 1004; x_wconf 86' lang='lat' dir='ltr'><strong>conati</strong></span> <span class='ocrx_word' id='word_1_100' title='bbox 1446 957 1623 1005; x_wconf 87' lang='lat' dir='ltr'><strong>sumus:</strong></span> <span class='ocrx_word' id='word_1_101' title='bbox 1674 960 1720 1005; x_wconf 88' lang='lat' dir='ltr'><strong>in</strong></span> <span class='ocrx_word' id='word_1_102' title='bbox 1750 974 1918 1020; x_wconf 89' lang='lat' dir='ltr'><strong>eaque,</strong></span> <span class='ocrx_word' id='word_1_103' title='bbox 1963 971 2142 1020; x_wconf 88' lang='lat' dir='ltr'><strong>praeter</strong></span> 
     </span>
     <span class='ocr_line' id='line_1_13' title="bbox 30 1018 2140 1088; baseline -0.001 -17"><span class='ocrx_word' id='word_1_104' title='bbox 30 1025 211 1088; x_wconf 37' lang='lat' dir='ltr'><strong>,integra</strong></span> <span class='ocrx_word' id='word_1_105' title='bbox 251 1021 524 1084; x_wconf 83' lang='lat' dir='ltr'><strong>quandoque</strong></span> <span class='ocrx_word' id='word_1_106' title='bbox 557 1020 757 1065; x_wconf 84' lang='lat' dir='ltr'><strong>carmina</strong></span> <span class='ocrx_word' id='word_1_107' title='bbox 779 1052 794 1077; x_wconf 90' lang='lat'><strong>,</strong></span> <span class='ocrx_word' id='word_1_108' title='bbox 841 1035 955 1080; x_wconf 90' lang='lat' dir='ltr'><strong>quae</strong></span> <span class='ocrx_word' id='word_1_109' title='bbox 989 1018 1355 1068; x_wconf 67' lang='lat' dir='ltr'><strong>desiderabantur</strong></span> <span class='ocrx_word' id='word_1_110' title='bbox 1380 1057 1395 1081; x_wconf 88' lang='lat'><strong>,</strong></span> <span class='ocrx_word' id='word_1_111' title='bbox 1441 1022 1593 1069; x_wconf 87' lang='lat' dir='ltr'><strong>addita</strong></span> <span class='ocrx_word' id='word_1_112' title='bbox 1617 1058 1632 1082; x_wconf 86' lang='lat'><strong>,</strong></span> <span class='ocrx_word' id='word_1_113' title='bbox 1679 1023 1833 1087; x_wconf 87' lang='lat' dir='ltr'><strong>paffim</strong></span> <span class='ocrx_word' id='word_1_114' title='bbox 1868 1022 1998 1068; x_wconf 88' lang='lat' dir='ltr'><strong>locos</strong></span> <span class='ocrx_word' id='word_1_115' title='bbox 2035 1022 2140 1068; x_wconf 89' lang='lat' dir='ltr'><strong>insi—</strong></span> 
     </span>
     <span class='ocr_line' id='line_1_14' title="bbox 33 1083 2141 1153; baseline -0.001 -18"><span class='ocrx_word' id='word_1_116' title='bbox 33 1091 191 1153; x_wconf 83' lang='lat' dir='ltr'><strong>gneiS,</strong></span> <span class='ocrx_word' id='word_1_117' title='bbox 226 1086 389 1150; x_wconf 89' lang='lat' dir='ltr'><strong>eosque</strong></span> <span class='ocrx_word' id='word_1_118' title='bbox 424 1101 518 1131; x_wconf 92' lang='lat' dir='ltr'><strong>non</strong></span> <span class='ocrx_word' id='word_1_119' title='bbox 549 1100 718 1146; x_wconf 89' lang='lat' dir='ltr'><strong>paucos</strong></span> <span class='ocrx_word' id='word_1_120' title='bbox 754 1083 1089 1146; x_wconf 87' lang='lat' dir='ltr'><strong>castigavimus.</strong></span> <span class='ocrx_word' id='word_1_121' title='bbox 1159 1084 1268 1142; x_wconf 79' lang='lat' dir='ltr'><strong>Qua</strong></span> <span class='ocrx_word' id='word_1_122' title='bbox 1299 1087 1483 1148; x_wconf 89' lang='lat' dir='ltr'><strong>quidem</strong></span> <span class='ocrx_word' id='word_1_123' title='bbox 1522 1090 1637 1134; x_wconf 89' lang='lat' dir='ltr'><strong>inre</strong></span> <span class='ocrx_word' id='word_1_124' title='bbox 1660 1088 1725 1134; x_wconf 86' lang='lat' dir='ltr'><strong>est</strong></span> <span class='ocrx_word' id='word_1_125' title='bbox 1750 1087 1875 1151; x_wconf 90' lang='lat' dir='ltr'><strong>quod</strong></span> <span class='ocrx_word' id='word_1_126' title='bbox 1899 1085 2141 1133; x_wconf 86' lang='lat' dir='ltr'><strong>eruditiffi-</strong></span> 
     </span>
     <span class='ocr_line' id='line_1_15' title="bbox 33 1149 2141 1215; baseline -0.001 -15"><span class='ocrx_word' id='word_1_127' title='bbox 33 1169 140 1213; x_wconf 85' lang='lat' dir='ltr'><strong>mo,</strong></span> <span class='ocrx_word' id='word_1_128' title='bbox 173 1153 414 1215; x_wconf 85' lang='lat' dir='ltr'><strong>eidemque</strong></span> <span class='ocrx_word' id='word_1_129' title='bbox 448 1152 657 1197; x_wconf 87' lang='lat' dir='ltr'><strong>omnium</strong></span> <span class='ocrx_word' id='word_1_130' title='bbox 694 1149 816 1208; x_wconf 88' lang='lat' dir='ltr'><strong>fere,</strong></span> <span class='ocrx_word' id='word_1_131' title='bbox 852 1164 968 1211; x_wconf 90' lang='lat' dir='ltr'><strong>quos</strong></span> <span class='ocrx_word' id='word_1_132' title='bbox 1004 1164 1095 1212; x_wconf 86' lang='lat' dir='ltr'><strong>ego</strong></span> <span class='ocrx_word' id='word_1_133' title='bbox 1128 1166 1331 1212; x_wconf 89' lang='lat' dir='ltr'><strong>unquam</strong></span> <span class='ocrx_word' id='word_1_134' title='bbox 1367 1152 1414 1198; x_wconf 91' lang='lat' dir='ltr'><strong>in</strong></span> <span class='ocrx_word' id='word_1_135' title='bbox 1437 1153 1534 1199; x_wconf 88' lang='lat' dir='ltr'><strong>vita</strong></span> <span class='ocrx_word' id='word_1_136' title='bbox 1558 1152 1782 1212; x_wconf 83' lang='lat' dir='ltr'><strong>viderim,</strong></span> <span class='ocrx_word' id='word_1_137' title='bbox 1819 1150 2141 1198; x_wconf 86' lang='lat' dir='ltr'><strong>humaniffimo</strong></span> 
     </span>
     <span class='ocr_line' id='line_1_16' title="bbox 32 1213 2140 1280; baseline -0.002 -15"><span class='ocrx_word' id='word_1_138' title='bbox 32 1220 135 1265; x_wconf 88' lang='lat' dir='ltr'><strong>viro</strong></span> <span class='ocrx_word' id='word_1_139' title='bbox 161 1218 409 1264; x_wconf 89' lang='lat' dir='ltr'><strong>Honorato</strong></span> <span class='ocrx_word' id='word_1_140' title='bbox 436 1214 652 1262; x_wconf 85' lang='lat' dir='ltr'><strong>Fafitelio</strong></span> <span class='ocrx_word' id='word_1_141' title='bbox 686 1213 913 1277; x_wconf 86' lang='lat' dir='ltr'><strong>ingenteis</strong></span> <span class='ocrx_word' id='word_1_142' title='bbox 947 1216 1112 1276; x_wconf 85' lang='lat' dir='ltr'><strong>gratias</strong></span> <span class='ocrx_word' id='word_1_143' title='bbox 1149 1216 1408 1262; x_wconf 85' lang='lat' dir='ltr'><strong>habeamus.</strong></span> <span class='ocrx_word' id='word_1_144' title='bbox 1443 1218 1523 1278; x_wconf 89' lang='lat' dir='ltr'><strong>qui</strong></span> <span class='ocrx_word' id='word_1_145' title='bbox 1558 1217 1718 1275; x_wconf 87' lang='lat' dir='ltr'><strong>nobis,</strong></span> <span class='ocrx_word' id='word_1_146' title='bbox 1752 1216 1974 1280; x_wconf 90' lang='lat' dir='ltr'><strong>quidquid</strong></span> <span class='ocrx_word' id='word_1_147' title='bbox 1998 1218 2045 1261; x_wconf 88' lang='lat' dir='ltr'><strong>in</strong></span> <span class='ocrx_word' id='word_1_148' title='bbox 2072 1217 2140 1262; x_wconf 87' lang='lat' dir='ltr'><strong>his</strong></span> 
     </span>
     <span class='ocr_line' id='line_1_17' title="bbox 31 1278 2139 1345; baseline -0.001 -16"><span class='ocrx_word' id='word_1_149' title='bbox 31 1283 268 1329; x_wconf 91' lang='lat' dir='ltr'><strong>Fastorum</strong></span> <span class='ocrx_word' id='word_1_150' title='bbox 311 1281 435 1327; x_wconf 86' lang='lat' dir='ltr'><strong>libris</strong></span> <span class='ocrx_word' id='word_1_151' title='bbox 469 1279 750 1326; x_wconf 75' lang='lat' dir='ltr'><strong>emendatius</strong></span> <span class='ocrx_word' id='word_1_152' title='bbox 785 1279 989 1341; x_wconf 86' lang='lat' dir='ltr'><strong>legetur,</strong></span> <span class='ocrx_word' id='word_1_153' title='bbox 1023 1278 1097 1325; x_wconf 86' lang='lat' dir='ltr'><strong>sua</strong></span> <span class='ocrx_word' id='word_1_154' title='bbox 1132 1278 1297 1342; x_wconf 91' lang='lat' dir='ltr'><strong>sponte</strong></span> <span class='ocrx_word' id='word_1_155' title='bbox 1319 1280 1650 1345; x_wconf 78' lang='lat' dir='ltr'><strong>suppeditavit:</strong></span> <span class='ocrx_word' id='word_1_156' title='bbox 1687 1282 1902 1344; x_wconf 86' lang='lat' dir='ltr'><strong>idemque</strong></span> <span class='ocrx_word' id='word_1_157' title='bbox 1927 1281 1967 1326; x_wconf 92' lang='lat' dir='ltr'><strong>se</strong></span> <span class='ocrx_word' id='word_1_158' title='bbox 1994 1280 2139 1326; x_wconf 66' lang='lat' dir='ltr'><strong>factu-</strong></span> 
     </span>
     <span class='ocr_line' id='line_1_18' title="bbox 31 1343 2140 1409; baseline -0.002 -15"><span class='ocrx_word' id='word_1_159' title='bbox 31 1362 134 1394; x_wconf 86' lang='lat' dir='ltr'><strong>rum</strong></span> <span class='ocrx_word' id='word_1_160' title='bbox 157 1347 202 1393; x_wconf 86' lang='lat'>&amp;</span> <span class='ocrx_word' id='word_1_161' title='bbox 227 1348 274 1392; x_wconf 90' lang='lat' dir='ltr'><strong>in</strong></span> <span class='ocrx_word' id='word_1_162' title='bbox 290 1344 534 1409; x_wconf 86' lang='lat' dir='ltr'><strong>Epistolis,</strong></span> <span class='ocrx_word' id='word_1_163' title='bbox 559 1344 604 1390; x_wconf 87' lang='lat'>&amp;</span> <span class='ocrx_word' id='word_1_164' title='bbox 627 1344 673 1390; x_wconf 90' lang='lat' dir='ltr'><strong>in</strong></span> <span class='ocrx_word' id='word_1_165' title='bbox 700 1344 1073 1407; x_wconf 84' lang='lat' dir='ltr'><strong>Metamorphosi</strong></span> <span class='ocrx_word' id='word_1_166' title='bbox 1100 1343 1294 1391; x_wconf 86' lang='lat' dir='ltr'><strong>libenter</strong></span> <span class='ocrx_word' id='word_1_167' title='bbox 1315 1347 1506 1409; x_wconf 90' lang='lat' dir='ltr'><strong>recepit.</strong></span> <span class='ocrx_word' id='word_1_168' title='bbox 1542 1347 1699 1406; x_wconf 80' lang='lat' dir='ltr'><strong>Qam</strong></span> <span class='ocrx_word' id='word_1_169' title='bbox 1726 1346 1913 1408; x_wconf 87' lang='lat' dir='ltr'><strong>quidem</strong></span> <span class='ocrx_word' id='word_1_170' title='bbox 1940 1345 2140 1391; x_wconf 88' lang='lat' dir='ltr'><strong>hominis</strong></span> 
     </span>
     <span class='ocr_line' id='line_1_19' title="bbox 31 1408 2140 1475; baseline -0.002 -16"><span class='ocrx_word' id='word_1_171' title='bbox 31 1412 319 1460; x_wconf 87' lang='lat' dir='ltr'><strong>voluntatem</strong></span> <span class='ocrx_word' id='word_1_172' title='bbox 352 1426 407 1456; x_wconf 91' lang='lat' dir='ltr'><strong>eo</strong></span> <span class='ocrx_word' id='word_1_173' title='bbox 443 1410 589 1474; x_wconf 90' lang='lat' dir='ltr'><strong>pluris</strong></span> <span class='ocrx_word' id='word_1_174' title='bbox 624 1408 773 1467; x_wconf 85' lang='lat' dir='ltr'><strong>faciO,</strong></span> <span class='ocrx_word' id='word_1_175' title='bbox 809 1425 901 1471; x_wconf 92' lang='lat' dir='ltr'><strong>quo</strong></span> <span class='ocrx_word' id='word_1_176' title='bbox 924 1409 1160 1472; x_wconf 85' lang='lat' dir='ltr'><strong>pauciores</strong></span> <span class='ocrx_word' id='word_1_177' title='bbox 1184 1411 1399 1470; x_wconf 89' lang='lat' dir='ltr'><strong>invenio,</strong></span> <span class='ocrx_word' id='word_1_178' title='bbox 1433 1412 1513 1473; x_wconf 89' lang='lat' dir='ltr'><strong>qui</strong></span> <span class='ocrx_word' id='word_1_179' title='bbox 1536 1428 1642 1458; x_wconf 89' lang='lat' dir='ltr'><strong>cum</strong></span> <span class='ocrx_word' id='word_1_180' title='bbox 1667 1412 1947 1475; x_wconf 79' lang='lat' dir='ltr'><strong>optimarum</strong></span> <span class='ocrx_word' id='word_1_181' title='bbox 1970 1411 2140 1456; x_wconf 88' lang='lat' dir='ltr'><strong>artium</strong></span> 
     </span>
     <span class='ocr_line' id='line_1_20' title="bbox 31 1474 2140 1538; baseline -0.002 -14"><span class='ocrx_word' id='word_1_182' title='bbox 31 1475 184 1524; x_wconf 88' lang='lat' dir='ltr'><strong>studiis</strong></span> <span class='ocrx_word' id='word_1_183' title='bbox 204 1477 316 1523; x_wconf 90' lang='lat' dir='ltr'><strong>haec</strong></span> <span class='ocrx_word' id='word_1_184' title='bbox 342 1474 434 1538; x_wconf 87' lang='lat' dir='ltr'><strong>ipsa</strong></span> <span class='ocrx_word' id='word_1_185' title='bbox 460 1475 758 1521; x_wconf 86' lang='lat' dir='ltr'><strong>humanitatis</strong></span> <span class='ocrx_word' id='word_1_186' title='bbox 786 1486 1054 1520; x_wconf 85' lang='lat' dir='ltr'><strong>ornamenta</strong></span> <span class='ocrx_word' id='word_1_187' title='bbox 1076 1476 1379 1538; x_wconf 87' lang='lat' dir='ltr'><strong>conjungant.</strong></span> <span class='ocrx_word' id='word_1_188' title='bbox 1452 1476 1541 1523; x_wconf 85' lang='lat' dir='ltr'><strong>Sed</strong></span> <span class='ocrx_word' id='word_1_189' title='bbox 1562 1490 1616 1523; x_wconf 89' lang='lat' dir='ltr'><strong>ut</strong></span> <span class='ocrx_word' id='word_1_190' title='bbox 1638 1478 1818 1522; x_wconf 87' lang='lat' dir='ltr'><strong>redeam</strong></span> <span class='ocrx_word' id='word_1_191' title='bbox 1848 1475 1971 1521; x_wconf 90' lang='lat' dir='ltr'><strong>unde</strong></span> <span class='ocrx_word' id='word_1_192' title='bbox 1989 1476 2140 1521; x_wconf 79' lang='lat' dir='ltr'><strong>diver-</strong></span> 
     </span>
     <span class='ocr_line' id='line_1_21' title="bbox 33 1539 2141 1604; baseline -0.002 -15"><span class='ocrx_word' id='word_1_193' title='bbox 33 1541 274 1600; x_wconf 83' lang='lat' dir='ltr'><strong>ti,Ovidii</strong></span> <span class='ocrx_word' id='word_1_194' title='bbox 298 1541 514 1603; x_wconf 74' lang='lat' dir='ltr'><strong>poemata</strong></span> <span class='ocrx_word' id='word_1_195' title='bbox 538 1539 617 1586; x_wconf 93' lang='lat' dir='ltr'><strong>sub</strong></span> <span class='ocrx_word' id='word_1_196' title='bbox 641 1552 725 1585; x_wconf 89' lang='lat' dir='ltr'><strong>tuo</strong></span> <span class='ocrx_word' id='word_1_197' title='bbox 748 1540 963 1598; x_wconf 85' lang='lat' dir='ltr'><strong>nomine,</strong></span> <span class='ocrx_word' id='word_1_198' title='bbox 979 1539 1124 1585; x_wconf 72' lang='grc' dir='ltr'>Ιεᾶοι·</span> <span class='ocrx_word' id='word_1_199' title='bbox 1141 1539 1480 1598; x_wconf 83' lang='lat' dir='ltr'><strong>suaviffime,in</strong></span> <span class='ocrx_word' id='word_1_200' title='bbox 1503 1555 1713 1604; x_wconf 90' lang='lat' dir='ltr'><strong>apertum</strong></span> <span class='ocrx_word' id='word_1_201' title='bbox 1740 1540 1991 1587; x_wconf 84' lang='lat' dir='ltr'><strong>referimus.</strong></span> <span class='ocrx_word' id='word_1_202' title='bbox 2026 1555 2141 1602; x_wconf 90' lang='lat' dir='ltr'><strong>quae</strong></span> 
     </span>
     <span class='ocr_line' id='line_1_22' title="bbox 33 1603 2140 1669; baseline -0.001 -16"><span class='ocrx_word' id='word_1_203' title='bbox 33 1618 84 1653; x_wconf 90' lang='lat' dir='ltr'><strong>tu</strong></span> <span class='ocrx_word' id='word_1_204' title='bbox 116 1609 178 1652; x_wconf 88' lang='lat' dir='ltr'><strong>ita</strong></span> <span class='ocrx_word' id='word_1_205' title='bbox 206 1607 429 1669; x_wconf 86' lang='lat' dir='ltr'><strong>accipies,</strong></span> <span class='ocrx_word' id='word_1_206' title='bbox 464 1618 518 1652; x_wconf 91' lang='lat' dir='ltr'><strong>ut</strong></span> <span class='ocrx_word' id='word_1_207' title='bbox 555 1603 718 1651; x_wconf 90' lang='lat' dir='ltr'><strong>nostris</strong></span> <span class='ocrx_word' id='word_1_208' title='bbox 751 1604 992 1651; x_wconf 91' lang='lat' dir='ltr'><strong>conatibus</strong></span> <span class='ocrx_word' id='word_1_209' title='bbox 1032 1603 1202 1651; x_wconf 85' lang='lat' dir='ltr'><strong>faveas:</strong></span> <span class='ocrx_word' id='word_1_210' title='bbox 1240 1607 1303 1652; x_wconf 90' lang='lat' dir='ltr'><strong>ita</strong></span> <span class='ocrx_word' id='word_1_211' title='bbox 1334 1607 1487 1669; x_wconf 86' lang='lat' dir='ltr'><strong>leges,</strong></span> <span class='ocrx_word' id='word_1_212' title='bbox 1522 1618 1576 1651; x_wconf 88' lang='lat' dir='ltr'><strong>ut</strong></span> <span class='ocrx_word' id='word_1_213' title='bbox 1612 1607 1691 1666; x_wconf 85' lang='lat' dir='ltr'><strong>iis,</strong></span> <span class='ocrx_word' id='word_1_214' title='bbox 1728 1607 1806 1668; x_wconf 89' lang='lat' dir='ltr'><strong>qui</strong></span> <span class='ocrx_word' id='word_1_215' title='bbox 1829 1604 1950 1651; x_wconf 91' lang='lat' dir='ltr'><strong>suam</strong></span> <span class='ocrx_word' id='word_1_216' title='bbox 1978 1606 2026 1651; x_wconf 90' lang='lat' dir='ltr'><strong>in</strong></span> <span class='ocrx_word' id='word_1_217' title='bbox 2047 1604 2140 1651; x_wconf 87' lang='lat' dir='ltr'><strong>hoc</strong></span> 
     </span>
     <span class='ocr_line' id='line_1_23' title="bbox 31 1669 2141 1734; baseline -0 -17"><span class='ocrx_word' id='word_1_218' title='bbox 31 1685 195 1734; x_wconf 89' lang='lat' dir='ltr'><strong>genere</strong></span> <span class='ocrx_word' id='word_1_219' title='bbox 229 1686 413 1734; x_wconf 84' lang='lat' dir='ltr'><strong>operam</strong></span> <span class='ocrx_word' id='word_1_220' title='bbox 453 1670 500 1717; x_wconf 65' lang='grc' dir='ltr'><strong>ὃς</strong></span> <span class='ocrx_word' id='word_1_221' title='bbox 533 1669 797 1716; x_wconf 88' lang='lat' dir='ltr'><strong>industriam</strong></span> <span class='ocrx_word' id='word_1_222' title='bbox 830 1669 1133 1729; x_wconf 75' lang='lat' dir='ltr'><strong>exhibentes,</strong></span> <span class='ocrx_word' id='word_1_223' title='bbox 1168 1671 1456 1733; x_wconf 88' lang='lat' dir='ltr'><strong>provinciam</strong></span> <span class='ocrx_word' id='word_1_224' title='bbox 1491 1669 1609 1717; x_wconf 88' lang='lat' dir='ltr'><strong>hanc</strong></span> <span class='ocrx_word' id='word_1_225' title='bbox 1637 1671 1838 1718; x_wconf 87' lang='lat' dir='ltr'><strong>nostram</strong></span> <span class='ocrx_word' id='word_1_226' title='bbox 1861 1672 2022 1733; x_wconf 78' lang='lat' dir='ltr'><strong>juvare</strong></span> <span class='ocrx_word' id='word_1_227' title='bbox 2043 1686 2141 1716; x_wconf 86' lang='lat' dir='ltr'><strong>non</strong></span> 
     </span>
    </p>
   </div>
   <div class='ocr_carea' id='block_1_4' title="bbox 30 1734 854 1799">
    <p class='ocr_par' dir='ltr' id='par_1_4' title="bbox 30 1734 854 1799">
     <span class='ocr_line' id='line_1_24' title="bbox 30 1734 854 1799; baseline -0.004 -16"><span class='ocrx_word' id='word_1_228' title='bbox 30 1734 271 1796; x_wconf 77' lang='lat' dir='ltr'><strong>desinunt,</strong></span> <span class='ocrx_word' id='word_1_229' title='bbox 305 1736 421 1783; x_wconf 89' lang='lat' dir='ltr'><strong>bene</strong></span> <span class='ocrx_word' id='word_1_230' title='bbox 442 1736 656 1799; x_wconf 86' lang='lat' dir='ltr'><strong>preceris.</strong></span> <span class='ocrx_word' id='word_1_231' title='bbox 721 1734 854 1782; x_wconf 84' lang='lat' dir='ltr'><strong>Vale.</strong></span> 
     </span>
    </p>
   </div>
   <div class='ocr_carea' id='block_1_5' title="bbox 34 1829 2089 1917">
    <p class='ocr_par' dir='ltr' id='par_1_5' title="bbox 34 1829 2089 1917">
     <span class='ocr_line' id='line_1_25' title="bbox 34 1829 2089 1917; baseline -0.003 -24"><span class='ocrx_word' id='word_1_232' title='bbox 34 1832 241 1894; x_wconf 86' lang='lat' dir='ltr'><strong>cL.</strong></span> <span class='ocrx_word' id='word_1_233' title='bbox 336 1831 424 1897; x_wconf 86' lang='lat' dir='ltr'><strong>V.</strong></span> <span class='ocrx_word' id='word_1_234' title='bbox 508 1832 1089 1917; x_wconf 72' lang='lat' dir='ltr'><strong>jAcoBo</strong></span> <span class='ocrx_word' id='word_1_235' title='bbox 1189 1829 2089 1916; x_wconf 10' lang='lat' dir='ltr'>SUPIEGELLIO</span> 
     </span>
    </p>
   </div>
   <div class='ocr_carea' id='block_1_6' title="bbox 513 1930 1637 2069">
    <p class='ocr_par' dir='ltr' id='par_1_6' title="bbox 513 1930 1637 2069">
     <span class='ocr_line' id='line_1_26' title="bbox 513 1930 1637 1994; baseline 0.001 -17"><span class='ocrx_word' id='word_1_236' title='bbox 513 1931 613 1990; x_wconf 90' lang='lat' dir='ltr'><strong>Jur.</strong></span> <span class='ocrx_word' id='word_1_237' title='bbox 640 1931 750 1978; x_wconf 91' lang='lat' dir='ltr'><strong>Utr.</strong></span> <span class='ocrx_word' id='word_1_238' title='bbox 777 1930 994 1979; x_wconf 58' lang='lat' dir='ltr'><strong>Doctori.</strong></span> <span class='ocrx_word' id='word_1_239' title='bbox 1018 1931 1110 1977; x_wconf 59' lang='lat' dir='ltr'><strong>&amp;a</strong></span> <span class='ocrx_word' id='word_1_240' title='bbox 1146 1931 1424 1978; x_wconf 85' lang='lat' dir='ltr'><strong>Consiliario</strong></span> <span class='ocrx_word' id='word_1_241' title='bbox 1448 1933 1637 1994; x_wconf 88' lang='lat' dir='ltr'><strong>Regio,</strong></span> 
     </span>
     <span class='ocr_line' id='line_1_27' title="bbox 839 2009 1329 2069; baseline 0.002 -15"><span class='ocrx_word' id='word_1_242' title='bbox 839 2009 1025 2069; x_wconf 72' lang='lat' dir='ltr'><strong>Jacobus</strong></span> <span class='ocrx_word' id='word_1_243' title='bbox 1045 2009 1248 2068; x_wconf 72' lang='lat' dir='ltr'><strong>Micyllus</strong></span> <span class='ocrx_word' id='word_1_244' title='bbox 1282 2011 1329 2057; x_wconf 83' lang='lat' dir='ltr'><strong>S.</strong></span> 
     </span>
    </p>
   </div>
   <div class='ocr_carea' id='block_1_7' title="bbox 9 2100 2139 3269">
    <p class='ocr_par' dir='ltr' id='par_1_7' title="bbox 9 2100 2139 3269">
     <span class='ocr_line' id='line_1_28' title="bbox 29 2100 2136 2211; baseline 0 -63"><span class='ocrx_word' id='word_1_245' title='bbox 29 2100 243 2211; x_wconf 80' lang='lat' dir='ltr'><strong>EDidi</strong></span> <span class='ocrx_word' id='word_1_246' title='bbox 269 2113 373 2147; x_wconf 82' lang='lat' dir='ltr'><strong>ante</strong></span> <span class='ocrx_word' id='word_1_247' title='bbox 397 2118 536 2148; x_wconf 87' lang='lat' dir='ltr'><strong>annos</strong></span> <span class='ocrx_word' id='word_1_248' title='bbox 559 2102 846 2165; x_wconf 83' lang='lat' dir='ltr'><strong>complures,</strong></span> <span class='ocrx_word' id='word_1_249' title='bbox 881 2101 1058 2148; x_wconf 81' lang='lat' dir='ltr'><strong>Clariss.</strong></span> <span class='ocrx_word' id='word_1_250' title='bbox 1084 2103 1332 2166; x_wconf 84' lang='lat' dir='ltr'><strong>Spiegelli,</strong></span> <span class='ocrx_word' id='word_1_251' title='bbox 1365 2104 1704 2152; x_wconf 83' lang='lat' dir='ltr'><strong>Annotationes</strong></span> <span class='ocrx_word' id='word_1_252' title='bbox 1731 2102 1940 2167; x_wconf 87' lang='lat' dir='ltr'><strong>quasdam</strong></span> <span class='ocrx_word' id='word_1_253' title='bbox 1966 2103 2013 2148; x_wconf 89' lang='lat' dir='ltr'><strong>in</strong></span> <span class='ocrx_word' id='word_1_254' title='bbox 2037 2101 2136 2149; x_wconf 91' lang='lat' dir='ltr'><strong>Ge-</strong></span> 
     </span>
     <span class='ocr_line' id='line_1_29' title="bbox 36 2165 2137 2233; baseline -0 -21"><span class='ocrx_word' id='word_1_255' title='bbox 36 2166 39 2168; x_wconf 72' lang='grc'><strong>’</strong></span> <span class='ocrx_word' id='word_1_256' title='bbox 151 2166 378 2228; x_wconf 87' lang='lat' dir='ltr'><strong>nealogias</strong></span> <span class='ocrx_word' id='word_1_257' title='bbox 403 2168 644 2225; x_wconf 81' lang='lat' dir='ltr'><strong>Boccatii,</strong></span> <span class='ocrx_word' id='word_1_258' title='bbox 679 2183 735 2212; x_wconf 90' lang='lat' dir='ltr'><strong>eo</strong></span> <span class='ocrx_word' id='word_1_259' title='bbox 769 2165 953 2230; x_wconf 81' lang='lat' dir='ltr'><strong>quidem</strong></span> <span class='ocrx_word' id='word_1_260' title='bbox 986 2180 1087 2212; x_wconf 89' lang='lat' dir='ltr'><strong>tum</strong></span> <span class='ocrx_word' id='word_1_261' title='bbox 1121 2167 1344 2227; x_wconf 87' lang='lat' dir='ltr'><strong>confilio,</strong></span> <span class='ocrx_word' id='word_1_262' title='bbox 1379 2182 1431 2216; x_wconf 94' lang='lat' dir='ltr'><strong>ut</strong></span> <span class='ocrx_word' id='word_1_263' title='bbox 1466 2185 1579 2233; x_wconf 85' lang='lat' dir='ltr'><strong>quae</strong></span> <span class='ocrx_word' id='word_1_264' title='bbox 1613 2171 1684 2215; x_wconf 86' lang='lat' dir='ltr'><strong>vir</strong></span> <span class='ocrx_word' id='word_1_265' title='bbox 1708 2168 1783 2214; x_wconf 91' lang='lat' dir='ltr'><strong>ille</strong></span> <span class='ocrx_word' id='word_1_266' title='bbox 1809 2169 1857 2214; x_wconf 90' lang='lat' dir='ltr'><strong>in</strong></span> <span class='ocrx_word' id='word_1_267' title='bbox 1882 2167 1950 2213; x_wconf 90' lang='lat' dir='ltr'><strong>his</strong></span> <span class='ocrx_word' id='word_1_268' title='bbox 1975 2166 2137 2212; x_wconf 86' lang='lat' dir='ltr'><strong>nostris</strong></span> 
     </span>
     <span class='ocr_line' id='line_1_30' title="bbox 31 2229 2139 2296; baseline 0 -20"><span class='ocrx_word' id='word_1_269' title='bbox 31 2229 187 2286; x_wconf 82' lang='lat' dir='ltr'><strong>studiis</strong></span> <span class='ocrx_word' id='word_1_270' title='bbox 206 2231 410 2294; x_wconf 90' lang='lat' dir='ltr'><strong>alioquin</strong></span> <span class='ocrx_word' id='word_1_271' title='bbox 432 2231 682 2296; x_wconf 87' lang='lat' dir='ltr'><strong>diligenter</strong></span> <span class='ocrx_word' id='word_1_272' title='bbox 705 2247 756 2277; x_wconf 90' lang='lat' dir='ltr'><strong>ac</strong></span> <span class='ocrx_word' id='word_1_273' title='bbox 779 2231 981 2278; x_wconf 86' lang='lat' dir='ltr'><strong>multum</strong></span> <span class='ocrx_word' id='word_1_274' title='bbox 1005 2232 1230 2291; x_wconf 85' lang='lat' dir='ltr'><strong>versatus,</strong></span> <span class='ocrx_word' id='word_1_275' title='bbox 1248 2232 1338 2279; x_wconf 86' lang='lat' dir='ltr'><strong>five</strong></span> <span class='ocrx_word' id='word_1_276' title='bbox 1361 2246 1626 2296; x_wconf 86' lang='lat' dir='ltr'><strong>temporum</strong></span> <span class='ocrx_word' id='word_1_277' title='bbox 1653 2231 1837 2278; x_wconf 90' lang='lat' dir='ltr'><strong>suorum</strong></span> <span class='ocrx_word' id='word_1_278' title='bbox 1863 2232 2139 2294; x_wconf 79' lang='lat' dir='ltr'><strong>iniquitate,</strong></span> 
     </span>
     <span class='ocr_line' id='line_1_31' title="bbox 31 2292 2133 2360; baseline 0 -19"><span class='ocrx_word' id='word_1_279' title='bbox 31 2292 121 2353; x_wconf 85' lang='lat' dir='ltr'><strong>five</strong></span> <span class='ocrx_word' id='word_1_280' title='bbox 155 2297 290 2342; x_wconf 88' lang='lat' dir='ltr'><strong>etiam</strong></span> <span class='ocrx_word' id='word_1_281' title='bbox 326 2294 603 2358; x_wconf 86' lang='lat' dir='ltr'><strong>scriptorum</strong></span> <span class='ocrx_word' id='word_1_282' title='bbox 630 2298 852 2358; x_wconf 84' lang='lat' dir='ltr'><strong>penuria,</strong></span> <span class='ocrx_word' id='word_1_283' title='bbox 884 2295 1095 2359; x_wconf 87' lang='lat' dir='ltr'><strong>prosequi</strong></span> <span class='ocrx_word' id='word_1_284' title='bbox 1121 2298 1271 2343; x_wconf 87' lang='lat' dir='ltr'><strong>minus</strong></span> <span class='ocrx_word' id='word_1_285' title='bbox 1297 2299 1543 2360; x_wconf 79' lang='lat' dir='ltr'><strong>potuiffet,</strong></span> <span class='ocrx_word' id='word_1_286' title='bbox 1577 2313 1627 2344; x_wconf 89' lang='lat' dir='ltr'><strong>ea</strong></span> <span class='ocrx_word' id='word_1_287' title='bbox 1647 2296 1738 2360; x_wconf 86' lang='lat' dir='ltr'><strong>ipse</strong></span> <span class='ocrx_word' id='word_1_288' title='bbox 1759 2313 1816 2343; x_wconf 78' lang='lat' dir='ltr'><strong>ex</strong></span> <span class='ocrx_word' id='word_1_289' title='bbox 1842 2297 2133 2342; x_wconf 87' lang='lat' dir='ltr'><strong>Graecorum</strong></span> 
     </span>
     <span class='ocr_line' id='line_1_32' title="bbox 29 2359 2134 2425; baseline 0 -21"><span class='ocrx_word' id='word_1_290' title='bbox 29 2361 370 2407; x_wconf 89' lang='lat' dir='ltr'><strong>commentariis</strong></span> <span class='ocrx_word' id='word_1_291' title='bbox 403 2361 659 2424; x_wconf 88' lang='lat' dir='ltr'><strong>supplerem</strong></span> <span class='ocrx_word' id='word_1_292' title='bbox 684 2395 699 2419; x_wconf 90' lang='lat'><strong>,</strong></span> <span class='ocrx_word' id='word_1_293' title='bbox 742 2375 821 2408; x_wconf 89' lang='lat' dir='ltr'><strong>aut</strong></span> <span class='ocrx_word' id='word_1_294' title='bbox 851 2361 984 2406; x_wconf 89' lang='lat' dir='ltr'><strong>latius</strong></span> <span class='ocrx_word' id='word_1_295' title='bbox 1017 2359 1171 2406; x_wconf 87' lang='lat' dir='ltr'><strong>saltem</strong></span> <span class='ocrx_word' id='word_1_296' title='bbox 1202 2363 1497 2425; x_wconf 83' lang='lat' dir='ltr'><strong>explicarem.</strong></span> <span class='ocrx_word' id='word_1_297' title='bbox 1574 2362 1699 2408; x_wconf 90' lang='lat' dir='ltr'><strong>Cum</strong></span> <span class='ocrx_word' id='word_1_298' title='bbox 1733 2363 1854 2407; x_wconf 91' lang='lat' dir='ltr'><strong>enim</strong></span> <span class='ocrx_word' id='word_1_299' title='bbox 1890 2360 2089 2406; x_wconf 87' lang='lat' dir='ltr'><strong>viderem</strong></span> <span class='ocrx_word' id='word_1_300' title='bbox 2117 2393 2134 2417; x_wconf 94' lang='lat'><strong>,</strong></span> 
     </span>
     <span class='ocr_line' id='line_1_33' title="bbox 29 2425 2133 2490; baseline -0 -19"><span class='ocrx_word' id='word_1_301' title='bbox 29 2425 123 2471; x_wconf 85' lang='lat' dir='ltr'><strong>non</strong></span> <span class='ocrx_word' id='word_1_302' title='bbox 155 2426 397 2489; x_wconf 72' lang='lat' dir='ltr'><strong>poetarum</strong></span> <span class='ocrx_word' id='word_1_303' title='bbox 434 2425 602 2484; x_wconf 89' lang='lat' dir='ltr'><strong>modo,</strong></span> <span class='ocrx_word' id='word_1_304' title='bbox 637 2425 710 2472; x_wconf 89' lang='lat' dir='ltr'><strong>sed</strong></span> <span class='ocrx_word' id='word_1_305' title='bbox 744 2426 790 2472; x_wconf 85' lang='lat'>&amp;</span> <span class='ocrx_word' id='word_1_306' title='bbox 812 2425 1006 2473; x_wconf 86' lang='lat' dir='ltr'><strong>aliorum</strong></span> <span class='ocrx_word' id='word_1_307' title='bbox 1032 2426 1320 2488; x_wconf 86' lang='lat' dir='ltr'><strong>quorundam</strong></span> <span class='ocrx_word' id='word_1_308' title='bbox 1346 2440 1554 2474; x_wconf 87' lang='lat' dir='ltr'><strong>veterum</strong></span> <span class='ocrx_word' id='word_1_309' title='bbox 1577 2425 1772 2490; x_wconf 88' lang='lat' dir='ltr'><strong>scripta,</strong></span> <span class='ocrx_word' id='word_1_310' title='bbox 1809 2425 1900 2471; x_wconf 86' lang='lat' dir='ltr'><strong>fine</strong></span> <span class='ocrx_word' id='word_1_311' title='bbox 1921 2425 2133 2471; x_wconf 80' lang='lat' dir='ltr'><strong>fabularis</strong></span> 
     </span>
     <span class='ocr_line' id='line_1_34' title="bbox 28 2485 2132 2555; baseline 0 -22"><span class='ocrx_word' id='word_1_312' title='bbox 28 2485 150 2535; x_wconf 90' lang='lat' dir='ltr'><strong>istius</strong></span> <span class='ocrx_word' id='word_1_313' title='bbox 183 2489 395 2536; x_wconf 87' lang='lat' dir='ltr'><strong>historiae</strong></span> <span class='ocrx_word' id='word_1_314' title='bbox 428 2492 728 2554; x_wconf 84' lang='lat' dir='ltr'><strong>cognitione,</strong></span> <span class='ocrx_word' id='word_1_315' title='bbox 761 2491 958 2554; x_wconf 86' lang='lat' dir='ltr'><strong>intelligi</strong></span> <span class='ocrx_word' id='word_1_316' title='bbox 980 2488 1109 2550; x_wconf 87' lang='lat' dir='ltr'><strong>satis,</strong></span> <span class='ocrx_word' id='word_1_317' title='bbox 1141 2503 1220 2537; x_wconf 89' lang='lat' dir='ltr'><strong>aut</strong></span> <span class='ocrx_word' id='word_1_318' title='bbox 1252 2491 1401 2550; x_wconf 59' lang='lat' dir='ltr'><strong>refile,</strong></span> <span class='ocrx_word' id='word_1_319' title='bbox 1436 2508 1529 2539; x_wconf 86' lang='lat' dir='ltr'><strong>non</strong></span> <span class='ocrx_word' id='word_1_320' title='bbox 1555 2491 1709 2555; x_wconf 86' lang='lat' dir='ltr'><strong>posse,</strong></span> <span class='ocrx_word' id='word_1_321' title='bbox 1744 2505 1909 2553; x_wconf 82' lang='lat' dir='ltr'><strong>operae</strong></span> <span class='ocrx_word' id='word_1_322' title='bbox 1931 2490 2132 2552; x_wconf 88' lang='lat' dir='ltr'><strong>pretium</strong></span> 
     </span>
     <span class='ocr_line' id='line_1_35' title="bbox 27 2551 2134 2620; baseline -0 -21"><span class='ocrx_word' id='word_1_323' title='bbox 27 2551 254 2600; x_wconf 65' lang='lat' dir='ltr'><strong>fafitururn</strong></span> <span class='ocrx_word' id='word_1_324' title='bbox 289 2571 362 2600; x_wconf 90' lang='lat' dir='ltr'><strong>me</strong></span> <span class='ocrx_word' id='word_1_325' title='bbox 396 2556 612 2618; x_wconf 85' lang='lat' dir='ltr'><strong>putabam</strong></span> <span class='ocrx_word' id='word_1_326' title='bbox 627 2589 643 2614; x_wconf 88' lang='lat'><strong>,</strong></span> <span class='ocrx_word' id='word_1_327' title='bbox 679 2554 850 2618; x_wconf 45' lang='lat' dir='ltr'><strong>fi‘quae</strong></span> <span class='ocrx_word' id='word_1_328' title='bbox 872 2553 964 2619; x_wconf 90' lang='lat' dir='ltr'><strong>ipse</strong></span> <span class='ocrx_word' id='word_1_329' title='bbox 989 2553 1204 2602; x_wconf 62' lang='lat' dir='ltr'><strong>haetenus</strong></span> <span class='ocrx_word' id='word_1_330' title='bbox 1226 2556 1371 2620; x_wconf 90' lang='lat' dir='ltr'><strong>longo</strong></span> <span class='ocrx_word' id='word_1_331' title='bbox 1394 2555 1472 2602; x_wconf 87' lang='lat' dir='ltr'><strong>usu</strong></span> <span class='ocrx_word' id='word_1_332' title='bbox 1490 2590 1505 2615; x_wconf 87' lang='lat'><strong>,</strong></span> <span class='ocrx_word' id='word_1_333' title='bbox 1539 2571 1687 2620; x_wconf 86' lang='lat' dir='ltr'><strong>neque</strong></span> <span class='ocrx_word' id='word_1_334' title='bbox 1714 2571 1855 2618; x_wconf 82' lang='lat' dir='ltr'><strong>parvo</strong></span> <span class='ocrx_word' id='word_1_335' title='bbox 1877 2553 2033 2600; x_wconf 87' lang='lat' dir='ltr'><strong>labore</strong></span> <span class='ocrx_word' id='word_1_336' title='bbox 2054 2568 2134 2599; x_wconf 85' lang='lat' dir='ltr'><strong>aut</strong></span> 
     </span>
     <span class='ocr_line' id='line_1_36' title="bbox 25 2615 2131 2685; baseline -0.001 -21"><span class='ocrx_word' id='word_1_337' title='bbox 25 2615 176 2664; x_wconf 90' lang='lat' dir='ltr'><strong>studio</strong></span> <span class='ocrx_word' id='word_1_338' title='bbox 199 2619 478 2683; x_wconf 74' lang='lat' dir='ltr'><strong>collegissem</strong></span> <span class='ocrx_word' id='word_1_339' title='bbox 494 2655 511 2680; x_wconf 81' lang='lat'>‚</span> <span class='ocrx_word' id='word_1_340' title='bbox 544 2637 594 2667; x_wconf 86' lang='lat' dir='ltr'><strong>ea</strong></span> <span class='ocrx_word' id='word_1_341' title='bbox 611 2619 733 2684; x_wconf 78' lang='lat' dir='ltr'><strong>quasi</strong></span> <span class='ocrx_word' id='word_1_342' title='bbox 758 2621 983 2685; x_wconf 90' lang='lat' dir='ltr'><strong>quendam</strong></span> <span class='ocrx_word' id='word_1_343' title='bbox 1009 2619 1151 2680; x_wconf 64' lang='grc' dir='ltr'><strong>ἔερινον</strong></span> <span class='ocrx_word' id='word_1_344' title='bbox 1176 2621 1221 2666; x_wconf 87' lang='lat' dir='ltr'><strong>in</strong></span> <span class='ocrx_word' id='word_1_345' title='bbox 1251 2636 1499 2673; x_wconf 81' lang='lat' dir='ltr'><strong>commune</strong></span> <span class='ocrx_word' id='word_1_346' title='bbox 1524 2620 1812 2679; x_wconf 81' lang='lat' dir='ltr'><strong>conferrem,</strong></span> <span class='ocrx_word' id='word_1_347' title='bbox 1835 2632 2131 2679; x_wconf 88' lang='lat' dir='ltr'><strong>veterumque</strong></span> 
     </span>
     <span class='ocr_line' id='line_1_37' title="bbox 27 2683 2130 2749; baseline -0 -22"><span class='ocrx_word' id='word_1_348' title='bbox 27 2695 270 2742; x_wconf 84' lang='lat' dir='ltr'><strong>autorum,</strong></span> <span class='ocrx_word' id='word_1_349' title='bbox 305 2686 547 2748; x_wconf 87' lang='lat' dir='ltr'><strong>praecipue</strong></span> <span class='ocrx_word' id='word_1_350' title='bbox 578 2698 730 2732; x_wconf 89' lang='lat' dir='ltr'><strong>autem</strong></span> <span class='ocrx_word' id='word_1_351' title='bbox 758 2687 1036 2749; x_wconf 72' lang='lat' dir='ltr'><strong>poetarum,</strong></span> <span class='ocrx_word' id='word_1_352' title='bbox 1071 2685 1277 2732; x_wconf 81' lang='lat' dir='ltr'><strong>studiosis</strong></span> <span class='ocrx_word' id='word_1_353' title='bbox 1299 2687 1599 2748; x_wconf 87' lang='lat' dir='ltr'><strong>impartirem.</strong></span> <span class='ocrx_word' id='word_1_354' title='bbox 1669 2685 1778 2744; x_wconf 74' lang='lat' dir='ltr'><strong>Qra</strong></span> <span class='ocrx_word' id='word_1_355' title='bbox 1803 2683 1986 2746; x_wconf 88' lang='lat' dir='ltr'><strong>quidem</strong></span> <span class='ocrx_word' id='word_1_356' title='bbox 2013 2684 2059 2728; x_wconf 87' lang='lat' dir='ltr'><strong>in</strong></span> <span class='ocrx_word' id='word_1_357' title='bbox 2083 2698 2130 2727; x_wconf 85' lang='lat' dir='ltr'><strong>rc</strong></span> 
     </span>
     <span class='ocr_line' id='line_1_38' title="bbox 28 2748 2128 2813; baseline 0 -22"><span class='ocrx_word' id='word_1_358' title='bbox 28 2759 249 2809; x_wconf 89' lang='lat' dir='ltr'><strong>quantum</strong></span> <span class='ocrx_word' id='word_1_359' title='bbox 273 2749 365 2795; x_wconf 86' lang='lat' dir='ltr'><strong>aliis</strong></span> <span class='ocrx_word' id='word_1_360' title='bbox 388 2750 604 2812; x_wconf 84' lang='lat' dir='ltr'><strong>profuisse</strong></span> <span class='ocrx_word' id='word_1_361' title='bbox 628 2750 808 2810; x_wconf 87' lang='lat' dir='ltr'><strong>videar,</strong></span> <span class='ocrx_word' id='word_1_362' title='bbox 842 2749 1022 2798; x_wconf 88' lang='lat' dir='ltr'><strong>nescio:</strong></span> <span class='ocrx_word' id='word_1_363' title='bbox 1059 2750 1174 2797; x_wconf 88' lang='lat' dir='ltr'><strong>illud</strong></span> <span class='ocrx_word' id='word_1_364' title='bbox 1197 2751 1357 2813; x_wconf 82' lang='lat' dir='ltr'><strong>utique</strong></span> <span class='ocrx_word' id='word_1_365' title='bbox 1380 2766 1475 2796; x_wconf 84' lang='lat' dir='ltr'><strong>non</strong></span> <span class='ocrx_word' id='word_1_366' title='bbox 1497 2749 1663 2796; x_wconf 89' lang='lat' dir='ltr'><strong>dubito</strong></span> <span class='ocrx_word' id='word_1_367' title='bbox 1679 2783 1694 2809; x_wconf 87' lang='lat'>‚</span> <span class='ocrx_word' id='word_1_368' title='bbox 1731 2748 1882 2795; x_wconf 90' lang='lat' dir='ltr'><strong>nostra</strong></span> <span class='ocrx_word' id='word_1_369' title='bbox 1909 2748 1994 2794; x_wconf 87' lang='lat' dir='ltr'><strong>hac</strong></span> <span class='ocrx_word' id='word_1_370' title='bbox 2018 2763 2128 2808; x_wconf 87' lang='lat' dir='ltr'><strong>ope·</strong></span> 
     </span>
     <span class='ocr_line' id='line_1_39' title="bbox 27 2811 2128 2878; baseline 0 -23"><span class='ocrx_word' id='word_1_371' title='bbox 27 2825 100 2869; x_wconf 86' lang='lat' dir='ltr'><strong>ra,</strong></span> <span class='ocrx_word' id='word_1_372' title='bbox 135 2811 381 2874; x_wconf 88' lang='lat' dir='ltr'><strong>nostroque</strong></span> <span class='ocrx_word' id='word_1_373' title='bbox 404 2813 558 2861; x_wconf 90' lang='lat' dir='ltr'><strong>labore</strong></span> <span class='ocrx_word' id='word_1_374' title='bbox 584 2814 799 2877; x_wconf 90' lang='lat' dir='ltr'><strong>quosdam</strong></span> <span class='ocrx_word' id='word_1_375' title='bbox 835 2815 1004 2873; x_wconf 85' lang='lat' dir='ltr'><strong>fretos,</strong></span> <span class='ocrx_word' id='word_1_376' title='bbox 1037 2815 1255 2862; x_wconf 85' lang='lat' dir='ltr'><strong>alacriore</strong></span> <span class='ocrx_word' id='word_1_377' title='bbox 1279 2816 1520 2878; x_wconf 58' lang='lat' dir='ltr'><strong>aliquanto&gt;</strong></span> <span class='ocrx_word' id='word_1_378' title='bbox 1540 2816 1694 2861; x_wconf 88' lang='lat' dir='ltr'><strong>animo</strong></span> <span class='ocrx_word' id='word_1_379' title='bbox 1719 2814 1774 2860; x_wconf 89' lang='lat' dir='ltr'><strong>ad</strong></span> <span class='ocrx_word' id='word_1_380' title='bbox 1798 2814 2037 2874; x_wconf 82' lang='lat' dir='ltr'><strong>po&#39;e‘tarum</strong></span> <span class='ocrx_word' id='word_1_381' title='bbox 2065 2811 2128 2856; x_wconf 89' lang='lat' dir='ltr'><strong>le-</strong></span> 
     </span>
     <span class='ocr_line' id='line_1_40' title="bbox 28 2872 2129 2944; baseline -0 -23"><span class='ocrx_word' id='word_1_382' title='bbox 28 2872 227 2922; x_wconf 68' lang='lat' dir='ltr'><strong>&amp;ionem</strong></span> <span class='ocrx_word' id='word_1_383' title='bbox 265 2876 496 2923; x_wconf 83' lang='lat' dir='ltr'><strong>acceffiffe.</strong></span> <span class='ocrx_word' id='word_1_384' title='bbox 564 2879 811 2927; x_wconf 87' lang='lat' dir='ltr'><strong>Caeterum</strong></span> <span class='ocrx_word' id='word_1_385' title='bbox 847 2880 952 2944; x_wconf 86' lang='lat' dir='ltr'><strong>quia</strong></span> <span class='ocrx_word' id='word_1_386' title='bbox 982 2881 1036 2926; x_wconf 88' lang='lat' dir='ltr'><strong>ad</strong></span> <span class='ocrx_word' id='word_1_387' title='bbox 1074 2879 1262 2927; x_wconf 88' lang='lat' dir='ltr'><strong>eandem</strong></span> <span class='ocrx_word' id='word_1_388' title='bbox 1300 2896 1395 2925; x_wconf 88' lang='lat' dir='ltr'><strong>rem</strong></span> <span class='ocrx_word' id='word_1_389' title='bbox 1430 2880 1582 2938; x_wconf 84' lang='lat' dir='ltr'><strong>illam,</strong></span> <span class='ocrx_word' id='word_1_390' title='bbox 1615 2879 1870 2925; x_wconf 86' lang='lat' dir='ltr'><strong>multorum</strong></span> <span class='ocrx_word' id='word_1_391' title='bbox 1895 2874 2129 2938; x_wconf 85' lang='lat' dir='ltr'><strong>utriusque</strong></span> 
     </span>
     <span class='ocr_line' id='line_1_41' title="bbox 29 2937 2127 3008; baseline 0 -24"><span class='ocrx_word' id='word_1_392' title='bbox 29 2937 208 3002; x_wconf 87' lang='lat' dir='ltr'><strong>linguae</strong></span> <span class='ocrx_word' id='word_1_393' title='bbox 240 2940 438 2988; x_wconf 88' lang='lat' dir='ltr'><strong>diversos</strong></span> <span class='ocrx_word' id='word_1_394' title='bbox 469 2958 522 2988; x_wconf 86' lang='lat' dir='ltr'><strong>ac</strong></span> <span class='ocrx_word' id='word_1_395' title='bbox 554 2945 702 2991; x_wconf 88' lang='lat' dir='ltr'><strong>varios</strong></span> <span class='ocrx_word' id='word_1_396' title='bbox 738 2945 1097 2992; x_wconf 88' lang='lat' dir='ltr'><strong>commentarios</strong></span> <span class='ocrx_word' id='word_1_397' title='bbox 1130 2945 1370 3003; x_wconf 86' lang='lat' dir='ltr'><strong>evolvere,</strong></span> <span class='ocrx_word' id='word_1_398' title='bbox 1404 2961 1455 2991; x_wconf 90' lang='lat' dir='ltr'><strong>ac</strong></span> <span class='ocrx_word' id='word_1_399' title='bbox 1495 2944 1765 3008; x_wconf 90' lang='lat' dir='ltr'><strong>perlustrare</strong></span> <span class='ocrx_word' id='word_1_400' title='bbox 1796 2940 1966 2988; x_wconf 76' lang='lat' dir='ltr'><strong>necesse</strong></span> <span class='ocrx_word' id='word_1_401' title='bbox 1990 2940 2127 2986; x_wconf 88' lang='lat' dir='ltr'><strong>habe-</strong></span> 
     </span>
     <span class='ocr_line' id='line_1_42' title="bbox 30 3005 2127 3074; baseline 0 -26"><span class='ocrx_word' id='word_1_402' title='bbox 30 3016 152 3062; x_wconf 85' lang='lat' dir='ltr'><strong>rem,</strong></span> <span class='ocrx_word' id='word_1_403' title='bbox 184 3005 352 3052; x_wconf 87' lang='lat' dir='ltr'><strong>accidit</strong></span> <span class='ocrx_word' id='word_1_404' title='bbox 378 3006 550 3053; x_wconf 88' lang='lat' dir='ltr'><strong>interea</strong></span> <span class='ocrx_word' id='word_1_405' title='bbox 573 3020 624 3053; x_wconf 94' lang='lat' dir='ltr'><strong>ut</strong></span> <span class='ocrx_word' id='word_1_406' title='bbox 649 3024 741 3053; x_wconf 91' lang='lat' dir='ltr'><strong>uon</strong></span> <span class='ocrx_word' id='word_1_407' title='bbox 761 3025 811 3055; x_wconf 89' lang='lat' dir='ltr'><strong>ea</strong></span> <span class='ocrx_word' id='word_1_408' title='bbox 833 3023 1011 3056; x_wconf 85' lang='lat' dir='ltr'><strong>tantum</strong></span> <span class='ocrx_word' id='word_1_409' title='bbox 1028 3044 1043 3069; x_wconf 83' lang='lat'><strong>,</strong></span> <span class='ocrx_word' id='word_1_410' title='bbox 1077 3025 1190 3074; x_wconf 87' lang='lat' dir='ltr'><strong>quae</strong></span> <span class='ocrx_word' id='word_1_411' title='bbox 1209 3008 1455 3073; x_wconf 76' lang='lat' dir='ltr'><strong>proposito</strong></span> <span class='ocrx_word' id='word_1_412' title='bbox 1481 3021 1759 3073; x_wconf 84' lang='lat' dir='ltr'><strong>argumento</strong></span> <span class='ocrx_word' id='word_1_413' title='bbox 1783 3006 2127 3064; x_wconf 83' lang='lat' dir='ltr'><strong>conducerent,</strong></span> 
     </span>
     <span class='ocr_line' id='line_1_43' title="bbox 9 3063 2127 3137; baseline 0 -24"><span class='ocrx_word' id='word_1_414' title='bbox 9 3063 11 3134; x_wconf 72' lang='lat' dir='ltr'><strong>l</strong></span> <span class='ocrx_word' id='word_1_415' title='bbox 34 3063 105 3112; x_wconf 82' lang='lat' dir='ltr'><strong>sed</strong></span> <span class='ocrx_word' id='word_1_416' title='bbox 137 3067 183 3115; x_wconf 85' lang='lat'>&amp;</span> <span class='ocrx_word' id='word_1_417' title='bbox 210 3071 293 3118; x_wconf 91' lang='lat' dir='ltr'><strong>alia</strong></span> <span class='ocrx_word' id='word_1_418' title='bbox 318 3071 535 3134; x_wconf 88' lang='lat' dir='ltr'><strong>quaedam</strong></span> <span class='ocrx_word' id='word_1_419' title='bbox 559 3072 808 3119; x_wconf 64' lang='lat' dir='ltr'><strong>Poetarum</strong></span> <span class='ocrx_word' id='word_1_420' title='bbox 832 3076 1094 3137; x_wconf 87' lang='lat' dir='ltr'><strong>cognitioni</strong></span> <span class='ocrx_word' id='word_1_421' title='bbox 1120 3091 1215 3121; x_wconf 91' lang='lat' dir='ltr'><strong>non</strong></span> <span class='ocrx_word' id='word_1_422' title='bbox 1241 3073 1540 3121; x_wconf 88' lang='lat' dir='ltr'><strong>incommoda</strong></span> <span class='ocrx_word' id='word_1_423' title='bbox 1560 3085 1640 3119; x_wconf 84' lang='lat' dir='ltr'><strong>aut</strong></span> <span class='ocrx_word' id='word_1_424' title='bbox 1665 3072 1809 3119; x_wconf 87' lang='lat' dir='ltr'><strong>aliena</strong></span> <span class='ocrx_word' id='word_1_425' title='bbox 1831 3072 2127 3118; x_wconf 83' lang='lat' dir='ltr'><strong>observarem.</strong></span> 
     </span>
     <span class='ocr_line' id='line_1_44' title="bbox 10 3126 2129 3203; baseline 0.003 -31"><span class='ocrx_word' id='word_1_426' title='bbox 10 3143 12 3173; x_wconf 79' lang='grc' dir='ltr'><em>ῑ</em></span> <span class='ocrx_word' id='word_1_427' title='bbox 35 3126 159 3178; x_wconf 87' lang='lat' dir='ltr'><strong>Inter</strong></span> <span class='ocrx_word' id='word_1_428' title='bbox 190 3150 302 3197; x_wconf 87' lang='lat' dir='ltr'><strong>quae</strong></span> <span class='ocrx_word' id='word_1_429' title='bbox 333 3135 381 3182; x_wconf 84' lang='lat'>&amp;</span> <span class='ocrx_word' id='word_1_430' title='bbox 404 3136 509 3184; x_wconf 87' lang='lat' dir='ltr'><strong>talia</strong></span> <span class='ocrx_word' id='word_1_431' title='bbox 531 3136 753 3183; x_wconf 86' lang='lat' dir='ltr'><strong>nonnulla</strong></span> <span class='ocrx_word' id='word_1_432' title='bbox 775 3137 927 3196; x_wconf 89' lang='lat' dir='ltr'><strong>fuere,</strong></span> <span class='ocrx_word' id='word_1_433' title='bbox 960 3156 1016 3186; x_wconf 85' lang='lat' dir='ltr'><strong>ex</strong></span> <span class='ocrx_word' id='word_1_434' title='bbox 1042 3139 1204 3203; x_wconf 88' lang='lat' dir='ltr'><strong>quibus</strong></span> <span class='ocrx_word' id='word_1_435' title='bbox 1228 3139 1390 3187; x_wconf 87' lang='lat' dir='ltr'><strong>Ovidii</strong></span> <span class='ocrx_word' id='word_1_436' title='bbox 1418 3138 1521 3184; x_wconf 90' lang='lat' dir='ltr'><strong>loca</strong></span> <span class='ocrx_word' id='word_1_437' title='bbox 1542 3154 1637 3184; x_wconf 90' lang='lat' dir='ltr'><strong>non</strong></span> <span class='ocrx_word' id='word_1_438' title='bbox 1664 3154 1838 3200; x_wconf 85' lang='lat' dir='ltr'><strong>pauca,</strong></span> <span class='ocrx_word' id='word_1_439' title='bbox 1869 3134 2129 3199; x_wconf 83' lang='lat' dir='ltr'><strong>praesertim</strong></span> 
     </span>
     <span class='ocr_line' id='line_1_45' title="bbox 12 3196 2128 3269; baseline 0.002 -31"><span class='ocrx_word' id='word_1_440' title='bbox 12 3210 13 3233; x_wconf 49' lang='lat' dir='ltr'><strong>i</strong></span> <span class='ocrx_word' id='word_1_441' title='bbox 40 3206 148 3252; x_wconf 88' lang='lat' dir='ltr'><strong>quae</strong></span> <span class='ocrx_word' id='word_1_442' title='bbox 176 3196 222 3245; x_wconf 85' lang='lat' dir='ltr'><strong>in</strong></span> <span class='ocrx_word' id='word_1_443' title='bbox 240 3201 697 3267; x_wconf 82' lang='lat' dir='ltr'><strong>Metamorphofibus</strong></span> <span class='ocrx_word' id='word_1_444' title='bbox 719 3201 837 3250; x_wconf 86' lang='lat' dir='ltr'><strong>illius</strong></span> <span class='ocrx_word' id='word_1_445' title='bbox 861 3201 1050 3251; x_wconf 88' lang='lat' dir='ltr'><strong>obscura</strong></span> <span class='ocrx_word' id='word_1_446' title='bbox 1076 3204 1123 3253; x_wconf 64' lang='grc' dir='ltr'><strong>ὃς</strong></span> <span class='ocrx_word' id='word_1_447' title='bbox 1148 3205 1424 3269; x_wconf 80' lang='lat' dir='ltr'><strong>inexplicata</strong></span> <span class='ocrx_word' id='word_1_448' title='bbox 1443 3202 1661 3251; x_wconf 69' lang='lat' dir='ltr'><strong>haetenus</strong></span> <span class='ocrx_word' id='word_1_449' title='bbox 1685 3204 1890 3266; x_wconf 82' lang='lat' dir='ltr'><strong>jacuere,</strong></span> <span class='ocrx_word' id='word_1_450' title='bbox 1925 3200 2128 3262; x_wconf 82' lang='lat' dir='ltr'><strong>aliquan-</strong></span> 
     </span>
    </p>
   </div>
   <div class='ocr_carea' id='block_1_8' title="bbox 1310 3269 2127 3329">
    <p class='ocr_par' dir='ltr' id='par_1_8' title="bbox 1310 3269 2127 3329">
     <span class='ocr_line' id='line_1_46' title="bbox 1310 3269 2127 3329; baseline -0.006 -16"><span class='ocrx_word' id='word_1_451' title='bbox 1310 3269 1424 3329; x_wconf 56' lang='grc' dir='ltr'><strong>ΚΞ</strong></span> <span class='ocrx_word' id='word_1_452' title='bbox 2070 3274 2127 3308; x_wconf 74' lang='lat' dir='ltr'><strong>to</strong></span> 
     </span>
    </p>
   </div>
   <div class='ocr_carea' id='block_1_9' title="bbox 4 2761 9 2918">
    <p class='ocr_par' dir='ltr' id='par_1_9' title="bbox 4 2761 9 2918">
     <span class='ocr_line' id='line_1_47' title="bbox 4 2761 9 2918; baseline 0 790"><span class='ocrx_word' id='word_1_453' title='bbox 4 2761 9 2918; x_wconf 95' lang='lat' dir='ltr'><strong> </strong></span> 
     </span>
    </p>
   </div>
  </div>
 </body>
</html>
