2547 3708
908 152 932 209 1
1079 153 1124 210 Β

1272 153 1309 209 1-
1440 154 1490 210 S.

404 268 588 340 thue
616 276 932 320 necatorum
962 262 1130 317 Darei
1160 260 1343 317 fraude
1378 259 1623 326 secundi,

468 342 555 395 Sic
583 353 671 392 tua
696 336 963 392 subsidens
989 335 1216 389 devoret
1245 334 1350 389 offa
1372 337 1518 391 cinis,

399 418 511 470 Aut
539 425 595 467 ut
623 410 864 464 olivifera
886 407 1159 478 quondam
1184 407 1414 479 Sicyone
1439 408 1624 478 fugato
1642 447 1657 471 ,

257 508 360 558 320

108 705 212 744 Nota
231 710 332 740 mors
351 692 600 745 Sardanapaii;
627 687 799 741 postremi
817 687 1049 746 Assyriorum
1062 689 1136 727 Re-

107 757 157 806 gis
170 783 180 800 ,
207 753 276 793 viri
295 750 447 790 muliere
477 743 708 792 corruptioris
728 750 740 787 ,’
774 752 840 791 qui
860 739 977 777 vietus
997 740 1041 776 ab
1062 742 1135 778 Ar·

107 808 196 846 bace
217 832 230 852 ‚
288 802 362 842 sive
393 795 553 837 Arbaeto
583 793 789 832 Medorum
819 789 1010 828 Praefecto
1035 816 1047 837 ,
1093 791 1133 828 in

107 858 266 906 Regiam
285 854 321 893 se
339 850 505 899 recepit.
543 844 782 894 extruoaque
811 853 921 892 pyra,
950 842 987 880 ὅ(
1005 841 1065 886 se,
1096 842 1134 897 {ic

109 908 255 948 divitias
266 905 342 944 suas
352 931 364 947 ‚
390 903 428 940 ὃ(
442 899 586 950 pellices
597 925 609 943 ‚
623 897 661 934 &
673 894 865 934 eunuchos
878 920 889 937 ,
901 904 995 942 quae
1007 903 1136 930 omnia

110 957 270 998 Ovidius
287 951 449 1002 cariffima
457 950 597 1001 pignora
608 953 725 985 ‘vocat
737 974 748 992 ‚
776 946 814 984 in
833 943 1048 982 incendium
1065 944 1137 981 mi-

108 1009 174 1055 sit,
198 1009 271 1046 hoc
301 1004 379 1043 solo
406 1002 568 1041 imitatus
597 999 718 1038 virum
740 1026 753 1043 ‚
788 993 981 1034 Diodorus
1005 994 1066 1032 lib.
1086 1006 1135 1033 ir.

110 1061 319 1100 Athenaeus
348 1066 392 1093 ex
424 1050 543 1091 Ctefia
576 1049 636 1088 lib.
655 1060 728 1087 xit.
766 1045 945 1094 Deipnos.
979 1044 1135 1092 Justinus

109 1111 171 1150 lib.
191 1123 222 1150 1.
248 1108 409 1156 Joannes
439 1102 478 1141 T
481 1110 604 1141 zetzes
629 1100 775 1138 Variar.
797 1097 936 1135 Histor.
965 1096 1049 1134 chil.
1072 1108 1135 1135 111.

108 1161 274 1209 Hist.95.
296 1159 335 1195 δί
354 1155 445 1194 chit·
460 1166 514 1192 vr.
536 1151 629 1190 Hist.
657 1150 738 1199 146.
773 1148 921 1186 Author
949 1147 1135 1195 συλλογῆς

108 1213 178 1251 τῶν
199 1207 384 1255 παροιμιῶν
411 1206 521 1242 Cent.
540 1215 577 1242 v.
605 1202 663 1240 88.
702 1201 735 1239 Is
754 1200 827 1238 alio
848 1200 1004 1237 nomine
1025 1205 1135 1238 conos

105 1260 302 1301 concoloros
313 1255 558 1307 appellabatur
569 1282 581 1299 ,
607 1261 648 1291 ut
658 1252 777 1291 scribit
795 1249 968 1288 Eusebius
979 1251 1014 1286 in
1026 1250 1136 1289 Chro-

104 1314 171 1351 nic.
215 1311 362 1350 Notum
389 1308 482 1347 item
509 1302 742 1353 Sardanapali
768 1301 987 1350 sepulcrum.
1044 1302 1135 1340 SAL·

102 1374 197 1403 vAG.

155 1423 242 1464 313.
267 1408 445 1458 Cariffima
465 1415 600 1457 corpora
613 1403 787 1454 mutta5.]
817 1404 983 1447 Uxores,
1012 1403 1135 1443 servos

103 1466 143 1511 ὃς
169 1463 310 1503 divitias
336 1463 572 1510 interpretare
587 1486 597 1502 ‚
619 1469 713 1507 quae
731 1454 839 1494 simul
859 1454 982 1493 secum
1007 1454 1135 1493 Sarda-

100 1516 250 1564 napalus
270 1513 432 1563 conjecit
449 1511 658 1559 inlrogum.
709 1508 742 1546 Is
756 1515 880 1545 autem
904 1505 1133 1555 Cyndaraxis

100 1566 195 1605 filius
216 1566 284 1604 fuit
303 1592 314 1609 ,
349 1563 436 1601 teste
476 1561 665 1610 Stephano
696 1587 706 1603 ‚
744 1568 857 1604 quem
887 1557 1063 1595 Arrianus
1088 1558 1128 1596 &

98 1618 227 1657 Strabo
280 1612 614 1663 Anacyndaraxem
647 1618 795 1648 vocant.
848 1608 1003 1647 Cousr.
1032 1608 1128 1646 Fau.

97 1669 247 1718 Pignora
276 1667 413 1705 Sarrav.
440 1664 572 1712 placet.
598 1663 636 1700 &
657 1663 778 1710 Qam
794 1659 903 1708 finem
924 1671 990 1707 pro
1010 1661 1127 1707 §Luem

98 1719 211 1759 idern.
247 1727 287 1757 ut
322 1717 418 1754 Met.
447 1725 545 1753 xxii.
566 1723 650 1762 755.
690 1724 736 1750 ex
766 1710 968 1750 veterrimo
994 1711 1124 1749 codice

98 1769 338 1809 Florentino:

146 1854 248 1886 Hunc
267 1860 320 1897 ego
333 1875 343 1892 ,
370 1859 428 1885 me
445 1842 583 1894 Cyclops
606 1841 706 1880 nulla
728 1851 807 1877 cum
823 1837 896 1886 fine
909 1837 1057 1887 petebat.

97 1915 287 1957 Adeantur
307 1928 401 1966 quae
423 1924 596 1954 notamus
623 1912 669 1951 ad
697 1911 860 1948 Amores
878 1906 972 1947 libro
995 1919 1040 1945 11.
1066 1907 1122 1946 El.

96 1978 168 2005 xir.
194 1969 338 2006 Herus.
364 1963 637 2014 sardanapallus
658 1964 796 2001 Sarrav.

147 2030 229 2068 315.
257 2024 366 2066 thue
383 2016 490 2063 Jovis
520 2012 679 2062 Libyci]
718 2009 911 2060 Cambyfis
938 2009 1120 2047 exercitus

91 2067 138 2106 ad
162 2069 390 2116 spoliandum
421 2065 623 2103 Ammonis
651 2061 833 2110 templum
864 2058 986 2098 miffus
1013 2058 1121 2097 arena

91 2118 210 2156 austro
248 2126 352 2156 mota
382 2117 532 2154 obrutus
573 2114 633 2152 est.
697 2112 894 2150 INTERPR.
934 2110 1120 2147 Praeclare

89 2170 262 2207 omnino.
316 2167 529 2205 Exercitum
557 2163 726 2210 intelligit
757 2161 777 2198 a
799 2160 981 2209 Cambyse
1002 2159 1119 2197 Persa-

89 2230 171 2257 rum
193 2220 294 2268 Rege
316 2216 460 2256 miffum
472 2216 517 2253 ad
527 2212 791 2252 nobilissimum
810 2210 1012 2247 Ammonis
1024 2217 1122 2245 tem-

87 2270 188 2318 plum
207 2267 491 2319 expugnandum
507 2294 517 2311 ‚
547 2277 648 2316 quem
666 2274 773 2300 arena
785 2260 897 2309 austro
919 2268 1036 2304 mota,
1065 2259 1121 2296 in-

88 2321 169 2370 quit
195 2322 332 2359 Seneca
361 2318 424 2358 lib.
445 2330 490 2355 11.
519 2315 686 2354 Natural.
906 2361 914 2368 ·

89 2384 180 2409 more
197 2371 290 2410 nivis
327 2369 479 2407 incidens
513 2368 600 2405 texit
624 2394 636 2410 ,
669 2363 790 2403 deinde
816 2363 944 2400 obruit.
996 2359 1114 2410 Quod

89 2422 201 2460 etiam
231 2423 383 2460 refertur
412 2420 455 2457 ab
485 2416 688 2456 Herodoto
717 2417 755 2450 in
776 2413 917 2450 Thalia.
972 2412 1113 2460 Justino

87 2471 148 2510 lib.
170 2485 197 2511 1.
223 2472 417 2511 Plutarcho
430 2470 468 2508 in
490 2466 704 2507 Alexandro
725 2462 900 2502 scribente
926 2464 1113 2512 quinqua-

87 2524 187 2572 ginta
200 2524 312 2562 millia
332 2522 495 2571 capitum
509 2519 652 2557 obruta,
678 2516 851 2554 SALVA&

140 2585 221 2622 315.
250 2571 454 2622 Parantes.]
485 2568 653 2608 parantis
671 2567 759 2605 alter
778 2564 969 2602 Petavian.
997 2565 1035 2601 δί
1055 2563 1113 2601 ed.

91 2621 229 2674 Saivag.
254 2623 424 2663 Heinfius
445 2621 592 2665 mallet,
616 2616 773 2668 paranti.

144 2678 226 2722 316.
263 2670 364 2713 Aera'
381 2673 496 2723 noto]
550 2671 699 2720 Signate
751 2664 990 2717 appofiteque
1034 2674 1114 2702 noto

93 2722 183 2761 dixit
196 2751 207 2769 ,
233 2727 316 2774 quia
334 2726 441 2764 flante
467 2720 734 2762 tantummodo
760 2718 877 2757 austro
897 2716 938 2754 sit
958 2716 1017 2754 illa
1036 2727 1114 2754 are-

90 2785 221 2812 narum
259 2776 521 2824 tempestas,ut
540 2772 666 2812 auctor
688 2770 737 2809 est
752 2767 970 2827 Hegodotus
992 2767 1029 2805 &
1043 2767 1114 2805 Ar-

90 2825 210 2863 rianus
231 2825 269 2864 in
288 2827 409 2864 tertio.
434 2826 583 2863 Cousr.
605 2823 701 2862 Fan.
727 2820 821 2859 Alta
840 2820 953 2858 Iuret.
974 2817 1012 2855 &
1039 2816 1114 2856 Bo-

89 2885 180 2913 non.

142 2936 231 2975 3¹7·
253 2932 362 2973 thue
380 2926 615 2976 necatorum]
641 2926 783 2964 Dareus
803 2921 980 2962 secundus
1001 2948 1012 2966 ,
1040 2921 1112 2970 pri-

89 2977 142 3015 mi
163 2978 273 3015 Darei
294 2977 386 3015 filius
406 3005 416 3021 ‚
455 2978 618 3015 incubuit
636 2978 757 3026 primo
785 2976 821 3013 in
843 2984 1022 3022 regnum,
1050 2971 1111 3010 sed

89 3028 280 3066 succedere
301 3040 378 3065 non
406 3027 548 3077 potuit,
575 3027 694 3064 donec
705 3025 906 3074 juraverit,
931 3021 1037 3073 quod
1056 3023 1114 3060 ci-

30 3125 46 3130 ό
90 3090 151 3116 ves
170 3079 250 3117 suos
265 3090 412 3116 veneno
426 3106 436 3123 ,
474 3077 562 3115 sicut
585 3077 721 3125 primus
739 3104 750 3120 ,
771 3088 851 3113 nori
868 3074 1108 3116 interficeret;

89 3129 282 3179 postquam
306 3129 395 3166 γετὸ
430 3129 498 3166 fuit
527 3130 563 3165 in
589 3137 725 3175 regno,
749 3137 828 3164 non
848 3137 1022 3169 veneno,
1049 3123 1110 3162 sed

91 3190 230 3225 ponens
258 3191 322 3218 eos
342 3181 379 3217 in
407 3191 487 3217 area
508 3181 613 3227 plena
637 3175 756 3214 calido
775 3177 896 3213 cinere
913 3174 1111 3225 interficieg

91 3228 172 3278 bat,
202 3240 243 3270 ut
261 3231 506 3270 Callimachus
536 3229 621 3280 dicit
642 3236 770 3279 contra
787 3225 892 3280 suum
909 3225 1002 3266 Ibin.
1083 3224 1092 3227 ’

703 2312 853 2362 Quaest.
882 2322 948 2359 cap
972 2321 1034 2359 30.
1075 2320 1118 2349 ω’
1140 2335 1144 2338 >

450 486 548 540 vSit
572 484 736 554 frigus
777 480 964 534 mortis
991 479 1157 534 caussa
1184 479 1457 554 famesque
1483 495 1621 536 tuae.

2115 560 2231 635 Aut

1243 693 1292 726 Et
1311 699 1351 727 tu
1373 690 1558 738 dispereas,
1581 688 1670 739 ficut
1685 689 1831 738 periere,
1853 689 2026 738 secundus

1293 744 1432 778 Dareus
1448 741 1559 778 multo
1580 755 1661 792 quos
1682 743 1790 780 cinere
1808 741 1978 781 obruerat,

1190 817 1393 858 Inrnnrn.

1193 896 1404 935 Verisimile
1424 897 1576 947 quidem
1606 898 1655 936 est
1682 899 1952 938 Callimachum
1977 899 2132 938 eandem
2155 899 2227 943 im:

1193 949 1446 995 precationem
1467 948 1668 998 usurpaffe3
1698 961 1825 987 verum
1844 952 2006 988 carmina
2028 952 2105 999 ejus
2121 952 2230 989 insul⁴

1192 997 1228 1035 se
1257 998 1396 1037 reddita
1427 1000 1519 1039 sunt.
1557 999 1769 1039 Adscribam
1806 1002 2110 1048 interpretationis
2138 1002 2226 1040 loco

1194 1049 1586 1089 HistoriameValerio
1599 1051 1770 1089 Maximo
1797 1051 1919 1089 libain
1936 1063 2059 1100 cap.2.
2090 1052 2227 1098 Ochus,

1191 1101 1313 1150 inquit
1330 1131 1342 1145 ‚
1376 1103 1437 1151 qui
1447 1101 1557 1152 postea
1578 1101 1712 1139 Darius
1722 1102 1909 1151 appellatus
1928 1102 1971 1149 est
1989 1129 1998 1145 ‚
2013 1102 2224 1151 sanHiJfimo

1192 1150 1300 1200 Persis
1309 1153 1515 1199 juramento
1535 1152 1734 1200 obstriHus,
1761 1167 1801 1191 ne
1822 1167 1922 1202 quem
1953 1166 1994 1190 ex
2015 1154 2227 1202 conjuratio-

1191 1215 1234 1240 ne
1254 1232 1266 1249 ,
1307 1216 1395 1254 quae
1417 1207 1544 1254 septem
1574 1210 1694 1252 Magos
1727 1218 1802 1241 cum
1833 1218 1866 1241 eo
1888 1203 2133 1253 oppresserunt,
2162 1214 2228 1242 aut

1188 1267 1345 1300 veneno,
1406 1265 1470 1292 aut
1507 1257 1603 1302 ferio
1626 1283 1638 1300 ,
1692 1265 1756 1292 aut
1794 1254 1870 1292 ulla
1912 1255 1955 1292 vi
1973 1282 1984 1298 ,
2049 1265 2113 1292 aut
2150 1256 2230 1301 inoff

1185 1305 1248 1356 pia
1268 1306 1517 1345 alimentorum
1538 1316 1694 1351 necaret,
1723 1305 1945 1343 crudeliorem
1968 1306 2088 1343 mortis
2119 1307 2231 1343 rati0-‘

1193 1369 1271 1395 nem
1289 1357 1522 1406 excogitavit,
1551 1371 1621 1407 qua
1641 1357 1790 1406 onerosos
1803 1355 1873 1405 fibi
1895 1369 1964 1394 non
1993 1365 2150 1406 perrupto
2173 1352 2230 1393 re?

1193 1407 1326 1457 ligionis
1343 1408 1484 1446 vinculo
1502 1407 1646 1446 tolleret.
1696 1415 1833 1457 septum
1854 1408 1946 1445 em'm
1977 1407 2059 1444 altis
2080 1408 2227 1454 parieti-

1191 1459 1255 1497 bus
1277 1460 1386 1498 locum
1405 1461 1514 1498 cinere
1535 1459 1737 1510 complevit,
1759 1457 2022 1508 superpofitoqa‘e
2041 1459 2131 1507 tigno
2146 1468 2228 1507 prof

1188 1511 1500 1561 minente'benigne
1519 1511 1588 1549 cibo
1609 1522 1651 1551 (9²⁵
1666 1513 1800 1561 potione
1816 1519 1962 1559 exceptos
1979 1511 2015 1545 in
2030 1523 2065 1546 eo
2083 1509 2226 1547 colloca-

1188 1561 1277 1610 bat,
1299 1563 1318 1601 ἒ
1336 1577 1400 1611 quo
1420 1567 1539 1612 [omno
1563 1563 1665 1612 sopiti
1688 1563 1727 1600 in
1752 1561 1855 1599 illam
1885 1558 2080 1609 infidiosam
2108 1573 2226 1610 conger

1187 1613 1271 1652 riem
1302 1614 1516 1652 decidebant.
1568 1614 1745 1651 Meminit
1772 1612 1968 1655 &gCtesias
1991 1613 2028 1649 in
2053 1611 2221 1656 Persicis,

1185 1666 1282 1714 apud
1314 1677 1428 1715 quem
1457 1667 1637 1709 Δαρειαῑσς
1661 1664 1893 1714 appellatur;
1932 1662 1990 1700 sed
2020 1663 2106 1711 qnia
2128 1663 2220 1701 ratio

1186 1717 1357 1755 carminis
1375 1728 1453 1754 non
1477 1717 1611 1764 patitur
1629 1717 1678 1753 ita
1692 1715 1878 1753 nominari
1893 1713 1936 1751 ab
1958 1712 2102 1750 Ovidio
2117 1740 2126 1757 ,
2140 1725 2220 1752 non

1185 1767 1314 1806 dubito
1337 1769 1425 1818 quin
1446 1772 1583 1804 Dareus
1603 1766 1646 1804 ab
1668 1778 1715 1804 eo
1737 1773 1991 1813 nuncupetur,
2019 1764 2220 1811 quomodo

1185 1815 1206 1855 ὲ
1228 1818 1366 1857 Iustino
1387 1819 1528 1867 semper
1546 1818 1699 1855 vocitari
1721 1816 1832 1855 docet
1849 1828 1893 1854 ex
1907 1815 2086 1853 veteribus
2100 1827 2221 1860 meme

1184 1868 1302 1908 branis
1321 1869 1480 1919 quisquis
1500 1870 1537 1906 in
1558 1880 1644 1906 eum
1659 1877 1764 1906 notas
1776 1866 1890 1905 edidit
1903 1895 1913 1911 ,
1942 1878 1990 1910 ει,
2023 1866 2221 1912 videlicet‚'

1179 1920 1217 1958 in
1238 1933 1276 1966 ε,
1305 1920 1397 1959 ficut
1426 1920 1656 1957 Alexandrea
1686 1919 1782 1967 apud
1803 1919 2002 1956 Horatium
2021 1916 2108 1953 teste
2127 1917 2219 1962 Fris-1

1181 1972 1288 2010 ciano
1315 1971 1429 2010 lib.11.
1457 1972 1494 2008 &
1513 1971 1749 2019 Cassandrea,
1779 1981 1871 2018 quae
1883 1967 2032 2005 Graecis
2050 1968 2217 2014 Αλεξάν.

1180 2021 1300 2067 δρεικ,
1329 2023 1367 2060 ὃς
1386 2021 1657 2063 Κασσάνδρεια,
1685 2020 1816 2067 quibus
1846 2019 1957 2055 etiam
1980 2015 2144 2054 balneum
2167 2018 2220 2058 est

1180 2071 1371 2117 βκλκυεῖον
1391 2099 1402 2116 ,
1439 2079 1479 2108 ut
1507 2069 1605 2107 reciet
1630 2070 1770 2114 Δκρεῖσς
1799 2068 1840 2106 fit
1872 2067 2012 2105 Latinis
2051 2072 2213 2113 Dareus,

1179 2133 1393 2172 quanquam
1412 2122 1450 2159 &
1473 2121 1606 2157 Darius
1624 2119 1645 2156 a
1665 2121 1844 2168 plerisque
1872 2118 2016 2155 dicitur.
2072 2117 2218 2166 Supplif

1180 2173 1230 2210 cii
1244 2184 1367 2211 autem
1392 2173 1435 2208 ab
1453 2183 1500 2209 eo
1521 2170 1677 2217 usurpati
1693 2170 1865 2207 meminit
1887 2178 2028 2217 praeter
2048 2168 2212 2209 Ctefiam

1181 2221 1348 2260 Valerius
1377 2222 1565 2259 Maximus
1590 2221 1651 2258 lib.
1674 2233 1728 2259 ix.
1765 2231 1842 2267 cap.
1874 2232 1908 2257 2.
1945 2219 2042 2256 Pene
2067 2221 2211 2267 fugerat

1179 2283 1242 2311 me
1261 2271 1400 2311 notasse
1413 2275 1450 2311 in
1471 2273 1526 2310 M.
1539 2272 1572 2310 S.
1601 2270 1913 2310 San-Victoriam
1926 2270 2111 2319 perspicue
2122 2269 2208 2309 scri-

1177 2331 1282 2372 ptum
1310 2322 1380 2363 effe
1399 2321 1594 2372 snbstdem‚
1622 2334 1689 2371 pro
1706 2321 1909 2371 succendens
1932 2349 1943 2365 ‚
1978 2333 2073 2371 quae
2093 2321 2207 2360 lectio

1175 2376 1299 2414 verior
1312 2373 1544 2419 &sincerior
1558 2374 1648 2412 mihi
1664 2373 1819 2411 videtur.
1849 2373 1906 2410 Est
1919 2372 2019 2410 enim
2036 2370 2206 2420 subfidere

1173 2426 1399 2466 vocabulum
1419 2424 1589 2463 castrense
1603 2452 1614 2470 ‚
1643 2423 1746 2473 quod
1768 2435 1845 2461 non
1869 2422 2075 2470 simpliciter
2096 2422 2206 2460 subfi-

1169 2477 1260 2516 stere
1278 2476 1453 2526 fignificat
1473 2504 1484 2521 ,
1520 2475 1580 2514 sed
1608 2477 1645 2513 in
1677 2474 1812 2513 insidiis
1837 2473 2031 2511 subfistere.
2100 2474 2204 2512 Hinc

1166 2527 1326 2578 [ubftſjae
1357 2528 1521 2577 Vegetio
1548 2526 1608 2568 lib.
1629 2537 1691 2564 111.
1719 2537 1796 2573 cap.
1818 2534 1876 2562 22-
1904 2525 2093 2562 Praeterea
2122 2524 2208 2566 Serv

1168 2579 1249 2618 vius
1269 2590 1314 2618 ex
1334 2578 1599 2617 emendatione
1621 2576 1796 2614 Francisci
1810 2575 1933 2613 Modii
1954 2576 1990 2612 in
2014 2574 2101 2613 illud
2115 2574 2203 2613 Vir-

1168 2630 1264 2679 gilii,
1291 2628 1353 2668 lib.
1373 2641 1423 2668 ix.
1459 2627 1610 2667 AEneid.
1633 2627 1718 2666 268.
1745 2625 1899 2676 Subsedit
1923 2624 2061 2663 adulter
2080 2641 2091 2662 .·
2113 2625 2202 2672 sub·
2245 2658 2248 2659 γ

1164 2681 1317 2730 fieſjores,
1346 2681 1490 2729 inquit,
1518 2679 1685 2718 dicuntur
1706 2679 1767 2727 qui
1793 2675 1924 2726 infidiis
1945 2686 2062 2714 tauros
2077 2676 2200 2714 interi-

1169 2742 1296 2776 munt,
1323 2742 1366 2771 ω’
1391 2730 1539 2779 hostium
1569 2730 1659 2768 dolos
1680 2729 1842 2779 snbfi’ſjas
1860 2740 2036 2765 vocamus.
2091 2727 2198 2766 Idem

1170 2782 1324 2821 Modius
1354 2782 1453 2831 epist.
1474 2792 1535 2831 39.
1563 2780 1810 2830 subssdendum
1838 2779 1973 2817 eodem
2005 2777 2106 2816 sensu
2127 2790 2197 2827 pro

1163 2832 1411 2882 subfistendum
1442 2834 1587 2882 reponit
1616 2831 1712 2881 apud
1743 2830 1967 2868 Ciceronem
1998 2830 2101 2867 Orat.
2130 2842 2198 2877 pro

1168 2885 1318 2924 Milone
1339 2913 1349 2930 ‚
1376 2885 1560 2922 hocloco.
1616 2888 1737 2933 Atque
1755 2891 1794 2918 ut
1807 2880 1862 2919 illi
1881 2883 2067 2917 noflurnus
2081 2881 2127 2917 ad
2136 2894 2198 2917 ur-

1166 2935 1242 2974 bem
1270 2936 1446 2974 adventus
1473 2934 1646 2972 vitandus
1668 2933 1781 2982 potius
1802 2960 1813 2977 ,
1853 2945 1960 2983 quam
1990 2931 2197 2980 expetendus

1160 2987 1236 3035 fuit
1253 3015 1264 3031 ,
1292 2986 1340 3037 fic
1371 2986 1500 3024 Miioni
1532 2998 1609 3023 cum
1640 2982 1826 3034 insidiator
1848 2985 1920 3032 effer
1939 3011 1950 3027 ‚
1978 2980 2129 3030 stillum
2148 2981 2197 3017 aa

1166 3037 1285 3077 urbem
1306 3040 1406 3076 mola
1426 3037 1628 3085 acceffurum
1640 3034 1771 3083 sciehat
1785 3063 1795 3078 ‚
1822 3032 2062 3082 subsidendum
2091 3042 2196 3078 atque

1165 3089 1510 3136 expeoiandumfuit.
1564 3087 1693 3136 ltaque
1709 3084 1881 3134 subsidens
1897 3085 1992 3132 apud
2012 3083 2195 3120 Ovidium

1166 3143 1233 3179 erit
1257 3139 1456 3189 infidiosns‚
1485 3137 1683 3187 quomodo
1713 3137 1879 3173 Valerius
1900 3136 2086 3172 Maximus
2105 3132 2197 3170 dixit

1164 3190 1361 3238 insidiosam
1400 3191 1594 3238 congeriem.
1645 3189 1842 3225 SALVAGN.
1880 3186 1965 3223 Vid.
1992 3182 2121 3221 Freins.
2149 3181 2197 3220 ad

1168 3242 1271 3293 §ura
1289 3253 1353 3295 >ir-1„
1369 3252 1459 3293 gin.
1475 3241 1530 3281 16.
1558 3242 1595 3278 &
1608 3239 1670 3286 qui
1684 3239 1824 3288 plenius
1843 3237 1916 3275 hoc
1933 3241 2197 3283 argumentum.

1587 3289 1621 3338 ij.
1648 3300 1671 3338 Ξ
2146 3283 2195 3323 eii
