2547 3708
735 128 769 186 t
911 127 956 186 B
1102 127 1126 186 t

1276 131 1330 187 S.·
2101 141 2126 196 't
2139 149 2210 201 61*

465 237 697 309 Impiger
727 234 1059 308 Hyrtacides
1081 272 1097 298 ,
1139 234 1582 308 Hyrtacidaeque
1606 250 1805 293 comes,

246 313 350 380 635
388 309 774 382 Cliniadaeque
808 308 976 364 modo
992 307 1361 363 circumdatus
1390 308 1596 380 ignibus
1628 311 1750 364 atris

461 383 713 439 Membra
739 383 876 437 feras
899 381 1112 453 Stygiae
1141 379 1505 436 semicremata
1533 382 1669 440 neci.

389 455 574 527 thue
597 457 780 511 Remo
808 471 989 509 muros
1017 453 1141 506 auso
1158 455 1377 508 transire
1401 468 1672 518 recenteS,

464 529 645 584 Noxia
675 528 766 582 fint
795 527 956 598 capiti
980 524 1168 580 rustica
1187 528 1287 580 tela
1316 540 1427 580 tuo,

385 602 638 673 Denique
665 601 975 653 Sarmaticas
1003 599 1144 653 inter
1194 599 1524 681 Geticasque
1552 599 1761 672 sagittas

243 681 351 747 640

461 674 567 730 His
592 688 784 744 precor
812 673 865 727 ὃ(
892 672 1033 730 vivas
1054 673 1368 746 &moriare
1397 674 1545 726 loeis·

2036 749 2196 806 Haec

8 902 26 964 ζ,
94 925 205 965 Nisus
224 914 570 973 &Euryalusnostu
583 915 857 954 obtruncarunt.
878 913 1125 953 INTERDRES„
1175 926 1250 955 erat
1271 914 1464 964 subdubius
1486 945 1496 962 ,
1528 919 1725 964 familiaris
1739 920 1798 968 sui
1824 906 1987 969 subalare
2007 922 2115 960 telum
2140 924 2211 962 eri-‘

95 975 148 1013 Hi
168 978 244 1015 sunt
268 975 375 1013 Nisus
399 969 554 1020 Hyrtaci
581 966 675 1005 filius
693 967 728 1004 ἃ
743 966 919 1016 Euryalus
935 994 945 1008 ,
963 967 1120 1014 conjun-

1171 968 1249 1014 puit
1265 996 1275 1012 ,
1305 981 1457 1018 namque
1476 981 1551 1006 erat
1575 984 1652 1007 cum
1676 986 1708 1008 eo
1729 973 1874 1022 quidam
1897 988 1938 1010 ex
1958 976 2119 1012 Arcadia
2150 975 2213 1012 ho-

91 1025 285 1065 &iffimum
308 1037 368 1074 par
388 1025 595 1060 amicorum
610 1046 621 1063 ‚
649 1019 711 1066 qui
734 1016 894 1055 AEneam
915 1019 951 1054 in
976 1017 1119 1073 ltaliam
1176 1020 1243 1070 fiaes
1259 1048 1267 1061 ‚
1298 1020 1359 1067 qui
1374 1033 1557 1066 nunquam
1572 1022 1736 1064 discedere
1767 1023 1942 1062 voluerat.
1993 1032 2093 1062 Hunc
2115 1025 2211 1075 sequi

90 1077 225 1122 secuti,
252 1089 368 1126 quum
391 1073 412 1112 a
434 1069 610 1114 Troianis
623 1068 794 1116 adipsum
810 1070 847 1106 in
871 1067 1009 1105 Tuscia
1030 1079 1121 1105 con-
1166 1072 1203 1114 se
1222 1069 1316 1115 jubet
1340 1098 1350 1113 ,
1380 1082 1423 1109 ω·
1460 1072 1499 1107 id
1526 1074 1615 1121 quod
1636 1073 1674 1109 in
1698 1075 1892 1122 praesentia
1922 1075 2207 1119 vestimentorum

89 1127 273 1177 quirendis
306 1124 447 1164 auxiliis
465 1128 687 1168 occupatum
721 1119 815 1156 miffi
835 1117 971 1162 essent,
1003 1126 1043 1156 ut
1072 1119 1118 1157 de

87 1178 235 1216 suorum
261 1176 422 1227 periculo
450 1183 537 1211 eum
560 1171 756 1208 cert-iorem
787 1171 972 1214 facerent,
1002 1171 1117 1208 Rutu-

86 1228 208 1266 lorum
233 1228 402 1267 excubias
423 1224 514 1262 vino
534 1221 742 1268 somnoque
755 1220 902 1258 obrutas
922 1221 1118 1258 offenden-

85 1285 163 1323 tes,
193 1280 443 1316 Rhamnetem
463 1284 549 1311 cum
579 1283 718 1320 magno
743 1271 965 1309 Rutulorum
984 1283 1120 1309 nume·

85 1339 129 1367 ro
145 1329 378 1367 trucidarunt
398 1353 409 1370 ,
445 1334 654 1372 eorumque
674 1321 709 1360 se
742 1321 861 1370 spoliis
883 1330 1123 1361 exornarunt.

86 1378 231 1417 Infelici
248 1388 373 1416 tamen
400 1380 502 1414 exitu
519 1402 529 1418 ,
557 1384 670 1423 quem
690 1373 978 1410 luculentiffime
999 1373 1119 1422 prose-

86 1431 209 1480 quitur
228 1427 502 1478 Virgiliuslibro
518 1437 570 1462 1x.
586 1423 735 1461 AEneid.
762 1423 961 1461 SALVAGN.
990 1429 1032 1460 Ut
1043 1438 1124 1474 quos

87 1481 217 1528 Jureti.
237 1486 279 1518 Et
293 1492 373 1530 quos
393 1479 468 1516 duo
481 1474 670 1514 alii.m0rn'
682 1484 820 1524 rapuere
834 1474 911 1513 usus
924 1475 1050 1512 Heius.
1071 1489 1124 1512 re-

90 1531 198 1570 tinere
220 1532 368 1570 Moreti.

139 1584 226 1631 635.
255 1581 507 1630 Cliniadaeque
529 1576 668 1626 moda]
707 1576 869 1615 Persicus
894 1576 1006 1614 Clinii
1028 1575 1122 1615 filius

89 1632 107 1671 ὃ
131 1633 233 1672 sociis
254 1632 391 1671 occisus
414 1632 462 1669 est
478 1658 487 1675 ,
513 1641 555 1668 ac
575 1628 877 1667 semicombustus
899 1636 1046 1677 propter
1058 1640 1123 1666 au-

89 1686 118 1723 ri
139 1686 284 1733 copiam
309 1712 320 1729 ‚
366 1694 477 1733 quam
508 1680 661 1719 habebat
691 1679 828 1717 secum.
882 1679 1124 1716 inflammas.

87 1734 287 1774 Alcibiadis
308 1735 451 1772 Cliniae
470 1733 536 1770 filii
558 1731 679 1769 casum
693 1742 737 1767 ex
764 1730 960 1767 Plutarcho
983 1732 1018 1767 in
1043 1731 1120 1778 ejus

86 1787 162 1824 vita
174 1787 304 1834 'accipe
319 1813 328 1830 ,
339 1786 401 1834 qui
414 1783 602 1822 miserabili
612 1780 788 1820 incendio
798 1779 983 1818 semiustus
996 1809 1005 1825 ,
1018 1780 1123 1818 flam-

93 1838 162 1876 mis
182 1838 355 1886 ferroque
377 1835 546 1883 oppetiit.
591 1834 816 1870 Ronanus.
843 1832 964 1869 Scribe
983 1832 1125 1869 Clinia-

88 1888 163 1924 dae.
191 1888 326 1924 clinias
356 1887 455 1925 enim
485 1883 684 1922 Alcibiadis
711 1893 835 1930 pater,
864 1894 941 1920 non
985 1883 1125 1931 Clytius

94 1938 164 1975 fuit
184 1946 425 1985 nuncupatus.
452 1936 544 1972 adde
558 1935 661 1983 quod
675 1934 811 1982 Clytias
830 1933 887 1970 vel
901 1932 1039 1980 Clytius
1059 1935 1128 1981 pri-

91 1999 192 2025 mam
218 1987 433 2034 corripiunt.
479 1986 631 2021 Cous‘r.
651 1983 747 2020 Fau.
785 1983 1036 2030 Cliniadaeque
1055 1997 1127 2020 mo-

93 2039 159 2081 da,
188 2050 259 2076 (εἰ,
302 2035 501 2084 legendum
518 2062 529 2079 ,
556 2046 633 2071 non
660 2033 850 2070 Clitiadae.
885 2034 985 2070 Nam
1007 2035 1042 2070 in
1055 2035 1128 2071 ho:

94 2090 205 2126 etiam
227 2088 356 2136 syllaba
371 2115 379 2130 ‚
408 2098 501 2135 quae
519 2087 555 2122 in
569 2084 698 2122 Clitius
727 2083 824 2127 (sive
836 2083 974 2132 Clytius
985 2083 1128 2130 scribas)

88 2139 205 2187 prima
229 2138 278 2174 est
297 2164 307 2180 ,
336 2138 542 2183 corripitur.
580 2133 757 2172 Cliniades
782 2143 905 2171 autem
922 2133 1129 2172 Alcibiades

91 2188 303 2236 intelligitur
319 2215 329 2231 ‚
355 2187 457 2234 cujus
475 2194 575 2233 pater
596 2185 735 2222 Clinias
750 2184 864 2221 dietus
876 2186 943 2221 fuit
957 2212 968 2229 ,
997 2185 1129 2223 utPlu-

91 2240 234 2277 tarchus
257 2240 293 2275 &
328 2237 461 2274 caeteri
485 2236 642 2273 tradunt.
682 2235 793 2271 Periit
813 2242 939 2271 autern
960 2239 997 2271 in
1021 2236 1127 2283 oppi-

92 2290 142 2328 do
163 2289 326 2339 quodam
360 2288 562 2336 Phrygiae,
591 2284 800 2323 circundata
830 2284 972 2329 domo,
1001 2286 1036 2322 in
1055 2297 1126 2334 qua

95 2349 193 2385 etat,
219 2340 384 2389 ignibus,
412 2349 496 2376 cum
514 2338 537 2374 ii
553 2338 636 2385 ‚qui
655 2335 675 2372 a
698 2335 937 2372 Pharnabazo
959 2335 1003 2372 ad
1019 2338 1127 2373 inter-

93 2390 288 2432 ,finiendum
311 2391 411 2429 illurn
426 2387 515 2426 miffi
530 2396 654 2430 eraut.
684 2387 780 2424 ferro
798 2385 944 2434 aggredi
966 2398 1041 2423 non
1064 2399 1130 2424 au-

97 2440 230 2480 derent.
250 2439 613 2479 autoresplutarchus
634 2439 671 2475 δε
696 2437 902 2486 Aemylius.
955 2438 1131 2477 M1crtt..

97 2493 201 2541 Quae
222 2502 325 2530 vetus
347 2492 526 2538 Interpres
548 2490 585 2527 in
609 2489 710 2526 hunc
732 2489 857 2525 locum
880 2486 1131 2532 effutiit,sunt

96 2543 218 2592 apinae
232 2572 241 2587 ,
268 2543 441 2593 tricaeque
460 2552 506 2581 ω’
520 2539 552 2588 fi
572 2539 657 2588 quid
669 2539 776 2575 vilius
796 2539 876 2583 istis.
931 2539 1019 2576 Non
1040 2540 1128 2578 alius

98 2594 379 2642 intelligendus,
407 2604 518 2642 quam
544 2591 751 2628 Alcibiades
774 2590 916 2627 Cliniae
937 2588 1029 2627 filius
1045 2618 1054 2635 ,
1083 2593 1128 2628 de

97 2645 199 2692 cujus
216 2646 365 2682 interitu
386 2644 446 2681 hic
465 2643 640 2680 AEmilius
653 2641 812 2684 Probus,
838 2641 912 2678 sive
934 2641 1129 2680 Cornelius

98 2696 240 2742 Nepos.
292 2701 372 2732 Non
385 2694 467 2731 tulit
487 2693 548 2731 hoc
559 2699 717 2740 Satrapes
730 2719 740 2736 ‚
768 2704 811 2732 θ’
833 2692 965 2728 violare
984 2692 1127 2728 aemam

65 2787 69 2789 ,
97 2743 211 2789 tiam,
239 2759 344 2794 quam
368 2747 460 2794 Regis
482 2755 551 2794 opes
573 2744 714 2780 maluit.
771 2749 890 2789 Itaque
912 2742 1003 2788 mifit
1026 2744 1126 2787 Stesa-

99 2794 256 2832 mithren
286 2806 328 2834 Θ·
361 2803 549 2845 Magaeum
578 2796 629 2832 ad
667 2793 894 2830 Alcibiadem
925 2793 1132 2839 interficien-

101 2846 213 2890 dum,
242 2858 349 2896 quum
369 2846 425 2882 ille
446 2847 517 2894 effer
539 2847 577 2883 in
598 2845 751 2893 Phrygia
766 2873 774 2888 ‚
802 2846 933 2892 iterque
945 2845 992 2880 ad
1012 2852 1131 2892 Regem

96 2905 251 2946 pararet.
312 2894 401 2941 Miffi
419 2897 509 2931 clam
530 2896 736 2940 vicinitati,
766 2898 803 2932 in
831 2909 900 2943 qua
932 2906 1009 2931 tum
1037 2897 1133 2933 Alci-

100 2947 217 2984 biades
246 2956 344 2989 erat,
374 2945 463 2980 dant
495 2947 663 2993 negotium
689 2974 699 2988 ,
737 2959 777 2983 ut
808 2959 886 2982 eum
907 2946 1131 2994 interficiant.

102 2996 185 3042 uti,
213 3011 320 3046 quum
348 3009 425 3032 eum
447 2996 539 3042 ferro
567 2996 702 3042 aggredi
723 3010 790 3033 non
813 2997 1004 3040 auderent,
1033 3001 1133 3034 nociti

100 3048 198 3098 ligna
217 3047 437 3085 contulerunt
459 3046 548 3081 circa
570 3047 710 3094 domam
726 3047 956 3092 stramineum
970 3077 978 3091 ,
1006 3049 1044 3084 in
1065 3062 1134 3098 qua

101 3099 316 3148 quiescebat,
344 3110 485 3145 eamque
503 3095 748 3142 succenderunt
762 3123 771 3139 ,
799 3108 836 3133 ut
860 3100 1014 3136 incendio
1034 3099 1134 3143 confi-

105 3160 218 3187 cerent
234 3178 243 3193 ‚
272 3162 372 3197 quem
405 3160 514 3183 manu
540 3145 694 3195 superari
711 3147 791 3193 poffe
811 3147 1022 3195 diffidebant.

1171 1122 1241 1163 fuit
1257 1149 1266 1165 ,
1294 1121 1467 1170 arripuit,
1496 1135 1540 1163 ey
1558 1124 1610 1159 his
1631 1125 1668 1159 in
1691 1126 1799 1171 ignem
1821 1127 1934 1172 ejeciis
1950 1126 2118 1172 flammae
2130 1127 2210 1163 vim

1173 1171 1324 1219 tranfiit.
1377 1175 1491 1219 §Qem
1511 1184 1549 1209 ut
1571 1174 1711 1210 barbari
1738 1176 1936 1212 incendium
1965 1177 2104 1226 effugiffe
2123 1177 2211 1221 emi-

1173 1235 1237 1258 nus
1269 1223 1437 1259 viderunt
1461 1252 1470 1266 ,
1505 1225 1583 1261 telis
1615 1224 1717 1271 miffis
1749 1225 1991 1273 interfecerunt
2007 1256 2016 1271 ‚
2044 1237 2212 1277 caputque

1173 1273 1520 1310 aci-Pharnabazum
1541 1275 1746 1313 retulerunt.
1801 1281 1844 1311 Et
1858 1276 2003 1321 mulier,
2020 1291 2107 1327 quae
2129 1291 2209 1315 cum

1173 1337 1207 1360 eo
1228 1325 1349 1361 vivere
1368 1326 1589 1370 consueverat
1604 1354 1615 1370 ‚
1645 1325 1805 1363 muliebri
1819 1326 1885 1374 sua
1905 1328 1993 1372 veste
2005 1329 2213 1374 contec‘lum,

1172 1374 1320 1419 aedificii
1331 1376 1487 1412 incendio
1499 1387 1676 1413 mortuum
1689 1379 1861 1414 cremavit
1875 1406 1885 1423 ‚
1914 1378 2006 1427 qued
2024 1380 2071 1415 ad
2082 1379 2215 1416 vivum

1175 1425 1447 1462 interimendum
1459 1438 1794 1476 eratcomparatum.
1821 1428 1874 1465 Sic
1894 1429 2092 1466 Alcibiades
2102 1442 2213 1467 annos

1176 1477 1309 1513 circiter
1330 1478 1570 1527 quadraginta
1591 1490 1696 1515 natus
1710 1479 1799 1516 diem
1811 1479 1891 1516 obiit
1907 1482 2119 1528 supremum.
2150 1482 2212 1519 De

1175 1536 1298 1565 morte
1329 1528 1527 1566 Alcibiadis
1553 1529 1699 1567 videndi
1721 1538 1905 1577 praeterea
1932 1532 2126 1568 Diodorus
2153 1530 2216 1569 lib.

1175 1590 1286 1616 xlm.
1327 1579 1462 1616 Cicero
1492 1579 1555 1616 lib.
1584 1593 1626 1617 11.
1663 1580 1708 1617 de
1746 1581 2005 1620 Divinatione.
2043 1581 2216 1620 Valerius
2278 1592 2280 1594 ·

1176 1629 1367 1666 Maximus
1396 1629 1457 1666 lib.
1478 1643 1506 1667 ι.
1534 1631 1656 1679 cap.8.
1686 1631 1841 1677 Jussinus
1863 1633 1973 1670 libv.
2002 1632 2214 1670 Plutarchus

1175 1680 1211 1717 in
1237 1679 1451 1725 Alcibiade,
1478 1681 1541 1729 qui
1559 1683 1666 1720 aliam
1700 1684 1829 1719 mortis
1858 1683 1935 1731 ejus
1960 1684 2101 1721 causam
2129 1695 2216 1729 pro·

1174 1731 1255 1768 fert.
1310 1732 1393 1768 Nec
1414 1732 1480 1768 erit
1503 1731 1523 1769 a
1547 1744 1584 1769 re
1614 1733 1777 1770 alienum
1810 1733 2008 1771 adscribere
2039 1746 2084 1771 ex
2105 1735 2217 1772 Cice·

1175 1793 1268 1820 rone
1297 1781 1483 1819 somnium
1511 1783 1694 1821 Alcibiadi
1726 1784 1838 1831 paulo
1870 1792 2069 1833 antequam
2091 1785 2218 1822 interi-

1177 1841 1231 1870 ret
1253 1833 1454 1883 dormienti
1473 1833 1661 1882 objectum
1678 1861 1689 1878 „
1717 1833 1819 1884 quod
1849 1836 1888 1873 ὅ(
1910 1834 1929 1873 a
1957 1836 2149 1873 Plutarcho
2174 1836 2214 1873 &

1178 1884 1288 1921 Suida
1323 1884 1509 1931 proditum
1545 1885 1605 1922 est.
1659 1886 1716 1922 Sic
1740 1887 1849 1934 igitur
1868 1886 2004 1923 Cicero
2024 1886 2116 1923 libro
2136 1886 2217 1924 lau-

1179 1934 1290 1972 dato:
1322 1935 1505 1983 Quipaulo
1525 1945 1607 1971 ante
1627 1935 1814 1972 interitum
1832 1936 1928 1984 visas
1949 1937 1991 1984 est
2016 1937 2053 1972 in
2081 1935 2215 1984 somnis

1180 1986 1311 2021 amicae
1330 1986 1387 2033 effe
1408 1985 1557 2021 amictus
1578 1985 1739 2022 amiculo.
1795 1992 1827 2022 Is
1850 1999 1928 2022 cum
1962 1988 2033 2035 effet
2049 1988 2220 2036 projec‘ius

1180 2034 1409 2077 inhumatus,
1434 2034 1479 2071 ab
1491 2036 1650 2072 omnibus
1673 2036 1822 2084 desertus
1837 2037 1966 2085 jaceret
1982 2065 1991 2081 ‚
2019 2039 2134 2074 amica
2145 2038 2216 2086 ejus

1182 2094 1298 2134 corpas
1319 2084 1408 2122 texit
1418 2086 1482 2134 suo
1497 2086 1617 2134 pallio.
1653 2087 1855 2124 SALvAGN.
1882 2087 2114 2124 Cliniadaeve
2134 2088 2218 2135 plu-

1180 2148 1276 2173 rimi.
2114 2162 2135 2177 fi.

1232 2187 1317 2235 636.
1346 2186 1508 2223 Membra
1527 2186 1664 2238 feras.]
1702 2188 1804 2237 Quid
1831 2187 1898 2232 est,
1930 2188 2092 2237 quaeso,
2119 2189 2216 2236 ferre

1181 2237 1337 2273 membra
1361 2237 1600 2284 semicremata
1631 2239 1714 2275 neci.
1767 2239 1950 2276 Ovidium
1985 2248 2081 2277 certe
2102 2239 2218 2277 illiba·

1179 2294 1258 2324 tum
1285 2288 1409 2336 populi
1445 2288 1601 2333 florem,
1639 2291 1686 2326 ita
1707 2290 1877 2327 locutum
1911 2288 1981 2326 effe
2018 2301 2212 2339 nunquam

1182 2339 1271 2375 mihi
1295 2338 1542 2386 persuaserim.
1596 2341 1855 2387 Quamobrem
1875 2341 1986 2389 Stygio
2002 2341 2076 2389 seni
2097 2341 2219 2379 rescri-

1180 2387 1343 2426 bendum
1367 2387 1437 2426 effe
1464 2402 1526 2437 per
1543 2390 1700 2438 lapidem
1722 2393 1840 2439 jurare
1854 2400 1995 2438 paratus
2014 2391 2103 2429 sum.
2134 2391 2218 2428 Nec

1184 2440 1283 2477 enim
1306 2439 1433 2477 dubito
1449 2468 1458 2484 ‚
1486 2442 1575 2487 quin
1597 2442 1766 2479 hocloco
1789 2443 1929 2479 macula
1950 2442 2054 2479 subsit
2076 2441 2221 2479 aChal·

1184 2492 1374 2538 cograpbis
1399 2491 1561 2539 profecta
1577 2520 1586 2535 ,
1617 2495 1677 2541 qui
1702 2501 1937 2541 properantes
1965 2505 2008 2529 ex
2028 2493 2119 2537 seni,
2147 2500 2221 2529 tra-

1178 2540 1283 2588 jeflis
1304 2543 1412 2578 literis
1438 2544 1603 2580 fecerunt
1627 2542 1713 2592 nesi,
1742 2544 1826 2581 dein
1848 2546 1970 2581 minus
1999 2544 2220 2591 perspicaces

1182 2604 1376 2640 operarum
1400 2592 1638 2631 Corredlores
1660 2595 1828 2644 ablegato
1847 2600 1866 2632 S
1889 2596 1974 2632 &in
1997 2595 2071 2641 ejus
2090 2594 2217 2631 locum

1181 2643 1334 2681 suffe&o
1359 2650 1387 2680 C
1405 2643 1486 2680 effin
1497 2654 1626 2682 xerunt
1650 2645 1853 2683 diffitionem
1879 2646 1975 2682 illam
1999 2644 2092 2687 neci,
2121 2655 2218 2692 quae

1180 2694 1260 2741 ipfis
1282 2694 1518 2732 occasionem
1539 2695 1639 2733 dedit
1672 2697 1806 2745 Stygiae
1829 2707 1893 2744 pro
1925 2699 2035 2743 Stygio
2053 2695 2224 2732 substitu-

1181 2745 1277 2782 endi.
1332 2746 1396 2781 Per
1419 2745 1585 2793 Stygium
1609 2756 1731 2784 autem
1760 2748 1880 2784 senem
1906 2747 2054 2783 Charon
2088 2745 2225 2784 intelli-

1183 2797 1281 2843 gitur
1301 2796 1392 2832 Orci
1419 2796 1604 2841 Portitor,
1632 2810 1745 2844 quem
1777 2798 1911 2835 Graeci
1935 2798 2072 2834 Po‘e‘tae
2098 2808 2220 2837 venun-

1185 2847 1248 2891 γίιν
1272 2847 1309 2883 &
1342 2847 1547 2887 νεκυσςόλσν
1568 2858 1705 2885 vocant
1729 2877 1737 2891 ‚
1781 2857 1819 2885 ut
1850 2849 2034 2896 eleganter
2063 2848 2223 2885 Ovidius

1185 2897 1315 2934 dixerit
1336 2899 1492 2934 membra
1518 2899 1757 2945 semicremata
1774 2900 1867 2946 serre
1887 2898 2082 2947 Stygioseni
2097 2926 2106 2942 ‚
2127 2910 2224 2946 quo-

1185 2949 1281 2985 niam
1306 2949 1377 2996 ipse
1401 2950 1599 2997 ferruginea
1626 2949 1803 2992 l'ubvet‘lat
1834 2959 1966 2997 corpora
1998 2951 2119 2997 cymba
2145 2976 2154 2991 ‚
2181 2956 2221 2986 ut

1185 2999 1233 3035 est
1251 2999 1348 3047 apud
1370 3000 1564 3048 Virgilium
1590 3001 1650 3037 lib.
1670 3013 1723 3038 VI.
1751 3003 1976 3049 Quanquam
1999 3011 2067 3036 nec
2089 3010 2224 3044 corpo⁴

1186 3061 1221 3087 ra
1236 3067 1254 3093 ,-
1276 3062 1369 3099 quae
1397 3051 1599 3098 sepulturae
1622 3049 1841 3088 mandamur
1856 3080 1864 3095 ‚
1893 3052 1950 3088 sed
1976 3051 2116 3087 umbras
2131 3050 2225 3084 dun-

1187 3110 1312 3144 taxat,
1342 3102 1528 3137 simulacra
1547 3128 1557 3145 ,
1584 3100 1717 3149 spedira
1739 3130 1749 3144 ‚
1788 3104 1985 3151 imagines,
2017 3104 2052 3136 ὅ(
2078 3108 2114 3135 ut
2139 3099 2223 3135 Ho-

1079 3150 1138 3187 Ille
1192 3155 1281 3189 meri
1309 3152 1425 3188 verbis
1453 3160 1532 3188 utar
1554 3163 1597 3188 ex
1621 3151 1752 3201 Odyff.
1779 3152 1837 3189 lib-
1870 3165 1911 3189 υ.
1942 3153 2072 3197 βροτῶν
2089 3148 2224 3185 εἴδωλα

108 3212 230 3238 ,αωιεηα
248 3200 369 3249 sonitu
391 3197 563 3249 flammae
594 3196 765 3235 excitatus
789 3200 921 3247 ,quod
946 3201 1086 3250 gladius
1111 3204 1142 3240 ei
1194 3203 1388 3250 καμόντων,
1404 3200 1785 3252 hominumfimulacra
1807 3213 2042 3246 mortuorum,
2070 3199 2115 3237 de
2137 3200 2222 3247 qui?

1660 3253 1694 3290 X
2071 3281 2073 3283 .
2163 3248 2228 3289 bus
