2547 3708
248 130 307 186 18

752 123 814 180 P.
889 117 1311 178 OVIDII
1385 116 1920 177 NASONIS

534 224 833 297 Nullaque,
872 239 1009 293 quae
1023 219 1214 293 possit,
1251 219 1455 290 scriptis
1480 230 1563 272 tot
1580 217 1834 282 millibus,
1863 215 2027 273 exstat

609 299 793 352 Litera
818 294 1040 350 Nasonis
1057 331 1072 356 ‚
1111 293 1505 364 sanguinolenta
1526 291 1644 360 legi.

372 375 421 444 '5
534 371 654 426 Nec
680 385 1002 441 quemquam
1032 365 1225 432 nostri,
1264 364 1359 419 nisi
1386 381 1503 425 me,
1543 361 1734 415 laesere
1756 361 1943 417 libelli:

618 442 856 498 Artificis
881 440 1036 513 periit
1064 456 1187 493 cum
1215 450 1372 508 caput
1398 440 1533 490 Arte
1558 436 1661 489 sua.

2240 537 2392 593 Unus

253 671 617 722 Dionysio,Plinio,
649 668 868 712 Plutarcho,
895 666 1047 710 Solino,
1071 664 1295 709 Censorino,
1349 674 1421 712 qua
1449 675 1677 713 quemquam
1706 662 1884 701 laeserim.
1937 662 1995 700 Est
2025 669 2148 701 autem
2178 663 2222 702 ab
2250 673 2396 712 aetate„

255 725 438 767 Eusebio,
466 724 609 760 Tzetze
632 749 642 764 ,
680 720 789 756 Suida
814 746 823 763 ‚
861 719 994 767 quinto
1022 728 1175 765 quoque
1195 728 1294 753 anno

257 787 336 814 non
357 775 486 812 exaesto
502 801 511 817 ‚
539 771 599 809 sed
630 773 781 809 ineunte
803 769 974 806 celebrari
996 767 1114 805 solitas
1144 766 1296 804 constet.

258 827 518 875 Quamobrem
543 822 689 861 aliunde
717 819 874 868 petenda
903 820 970 856 erit
991 818 1059 856 illis
1078 816 1296 860 auetoritan

257 879 442 915 Attamen
458 887 528 924 ego
551 874 656 912 facile
676 871 839 909 adducor
854 898 864 914 ‚
891 870 981 908 utin
1003 880 1133 906 eorum
1154 868 1299 905 senten-

258 929 348 966 tiam
380 927 531 976 ped-ibus
562 936 642 962 eam
670 951 680 968 ‚
718 930 910 971 propterea
939 920 1042 970 quod
1074 932 1152 957 non
1180 919 1297 956 solum

261 978 402 1018 Poetae
419 1007 428 1023 ,
454 977 514 1015 sed
535 977 644 1013 etiarn
674 972 872 1018 Hffiorici,
900 973 1101 1015 Rhetores,
1132 971 1170 1007 ὅ(
1190 970 1301 1016 Juris-

260 1029 418 1067 consulti
446 1028 556 1066 lustro
589 1025 712 1075 paffim
745 1036 812 1073 pro
844 1023 1104 1072 quinquennio
1139 1029 1302 1059 utuntur.

260 1079 418 1119 Tacitus
440 1079 539 1117 enim
575 1077 633 1115 lib.
653 1089 731 1114 xvi.
768 1074 908 1112 Annal.
938 1072 1076 1121 lustrale
1105 1081 1303 1117 certamen,

260 1143 330 1181 pro
353 1129 619 1180 quinquennali
640 1128 744 1165 dixit.
771 1127 922 1164 Pacatus
934 1124 1160 1172 Panegyrico
1175 1123 1304 1172 ‚quin-

262 1183 470 1232 quennium
497 1208 506 1224 ‚
543 1191 620 1230 quo
651 1179 840 1215 Maximus
872 1177 1075 1225 Imperium
1107 1176 1145 1212 in
1180 1174 1307 1212 Galliis

263 1239 535 1282 occupaverat,
563 1230 702 1274 lustrale
731 1228 909 1278 justitium
940 1234 1064 1265 vocat.
1101 1226 1307 1264 Eumenius

266 1285 379 1322 etiam
403 1284 567 1320 Oratione
587 1292 644 1330 pro
666 1278 900 1328 restaurandis
921 1277 1072 1322 scholis,
1102 1277 1309 1314 Constanti-

265 1347 358 1374 num
380 1362 390 1378 ,
419 1335 481 1383 qui
502 1334 641 1371 civibus
663 1330 917 1369 Aeduensibus
939 1329 1183 1378 quinquennii
1196 1328 1306 1366 tribu·

264 1394 302 1423 ta
322 1385 519 1430 relaxarat,
548 1383 595 1421 sic
615 1383 833 1430 alloquitur:
863 1381 1030 1430 Qinque
1054 1393 1228 1416 annorum
1249 1392 1309 1415 no-

266 1436 318 1473 his
338 1437 470 1485 reliqua
495 1432 648 1483 remisisti
671 1450 680 1470 ι
709 1439 738 1469 O
761 1431 905 1480 lustrum
924 1430 1082 1468 omnibus
1101 1430 1214 1468 luslris
1226 1430 1308 1476 feli-

265 1487 348 1524 eius.
379 1490 522 1524 Notum
547 1498 596 1522 eit
618 1493 801 1533 praeterea
825 1484 883 1520 vel
903 1495 947 1519 ex
971 1482 1155 1519 Cicerone
1176 1480 1234 1518 lib.
1256 1493 1311 1518 vi.

266 1538 415 1586 Epistola
433 1550 466 1574 2.
495 1536 542 1573 ad
561 1537 727 1573 Atticum
742 1562 753 1579 ,
784 1535 821 1571 &
843 1534 913 1582 leg.
937 1546 981 1571 11.
1010 1532 1236 1580 Epistolarnm
1262 1532 1310 1569 ad

265 1588 497 1630 Familiares,
527 1599 611 1626 cum
636 1587 679 1624 ad
703 1585 877 1623 Coelium
894 1583 1013 1621 scribit
1030 1593 1175 1632 tempus
1197 1583 1284 1620 illud
1299 1610 1309 1627 ,

266 1639 314 1677 ad
334 1641 436 1688 quod
458 1638 647 1687 veetigalia
672 1638 884 1675 locabantur
908 1663 918 1678 ‚
955 1635 1104 1672 lustrum
1127 1634 1312 1682 appellari.

270 1690 389 1737 Quod
411 1690 561 1738 quidem
584 1689 737 1736 spatium
762 1686 980 1724 Callistratus
1010 1685 1032 1722 l.
1056 1699 1122 1722 non
1144 1684 1311 1734 intelligi-

269 1750 350 1785 tur,
372 1741 414 1789 ff.
437 1740 572 1789 dejure
591 1739 661 1786 fisci
683 1767 693 1783 ,
721 1738 841 1775 modo
870 1738 1169 1786 quinquennium
1186 1764 1196 1780 ,
1226 1748 1310 1773 mo-

268 1792 319 1830 do
347 1793 496 1829 lustrum
527 1789 695 1839 appellat.
746 1789 881 1837 Neque
913 1800 1001 1825 vero
1027 1796 1171 1824 tanturn
1195 1787 1310 1824 veeti-

267 1842 360 1892 galia
376 1870 385 1886 ‚
414 1841 473 1878 sed
491 1843 601 1878 etiam
622 1840 766 1888 praedia
783 1840 912 1876 omnia
932 1839 970 1875 ὅ(
1002 1838 1136 1875 urbana
1157 1839 1193 1874 sc
1213 1838 1314 1876 rusti-

271 1905 338 1937 ca,
367 1901 507 1929 veteres
528 1892 562 1928 in
583 1891 881 1939 quinquennium
909 1890 1031 1926 locare
1058 1888 1243 1932 solebant,
1274 1896 1315 1926 ut

273 1955 320 1981 ex
341 1943 482 1990 Higeni
502 1941 594 1978 libro
621 1941 665 1977 de
690 1941 886 1978 Limitibus
904 1949 1015 1988 patet.
1068 1938 1160 1977 Illud
1188 1947 1313 1977 autem

269 1994 427 2042 spatium
450 1992 643 2028 locationis
661 1992 807 2027 luilrum
829 1991 956 2027 itidem
979 1989 1227 2035 Jurisconsulti
1247 2002 1316 2027 vo-

275 2053 382 2087 cant,
411 2045 447 2079 in
477 2042 579 2089 queis
608 2041 790 2088 Ulpianus
812 2041 881 2087 leg.
900 2051 956 2076 1v.
978 2041 1010 2080 ἕ.
1031 2054 1082 2076 res
1094 2040 1252 2088 pignori,
1279 2042 1316 2088 ff.

277 2095 319 2131 de
337 2093 407 2130 reb.
429 2092 547 2128 credit.
570 2091 600 2138 fi
620 2101 698 2127 cert.
717 2100 782 2136 pet.
803 2092 840 2126 8<
860 2090 926 2136 lege
950 2102 1007 2137 30.
1033 2088 1070 2137 ff.
1093 2090 1132 2125 de
1151 2089 1253 2138 legat.
1277 2099 1310 2137 3.

275 2143 482 2190 Celsusleg.
495 2153 614 2178 vaii.
630 2139 790 2189 §.ulaff
803 2139 973 2186 defurtis.
1001 2141 1102 2175 Hinc
1122 2141 1232 2175 etiam
1255 2140 1311 2174 lu-

271 2195 378 2245 strale
412 2205 540 2229 aarum
562 2191 704 2228 dietum
721 2218 731 2234 ‚
753 2191 798 2227 de
819 2201 896 2237 quo
927 2189 1050 2225 titulus
1072 2201 1117 2225 rr.
1147 2186 1205 2224 lib.
1223 2187 1308 2223 cod.

275 2245 367 2296 quod
380 2243 501 2295 quinto
511 2255 641 2291 quoque
652 2238 1259 2288 annopendebatur.Porro‚lustrum
1274 2239 1310 2274 in

278 2306 398 2333 veteri
420 2291 599 2331 Gloffario
614 2320 624 2336 ‚
647 2293 749 2341 quod
765 2292 946 2328 Henricus
962 2289 1163 2337 Stephanus
1186 2288 1316 2332 edidit,

277 2345 521 2389 πευτκετηρῑς
560 2344 770 2391 exponitur.
833 2340 903 2379 Sed
934 2342 972 2378 &
1014 2340 1194 2378 Asconius
1229 2339 1318 2376 Pae-

279 2398 406 2436 dianus
428 2396 465 2432 in
485 2396 643 2444 primam
666 2394 856 2431 Ciceronis
875 2392 1061 2428 eletionem
1083 2398 1211 2428 contra
1223 2390 1319 2426 Ver-

279 2459 358 2487 rem
376 2475 384 2490 ,
410 2457 504 2494 quae
537 2446 731 2482 Divinatio
762 2444 856 2480 dieta
879 2443 948 2485 est,
979 2442 1158 2479 Censores
1177 2441 1319 2489 comple-

281 2509 316 2535 to
350 2495 586 2547 quinquennio
616 2495 734 2531 urbem
769 2494 911 2535 lustrare
939 2492 1062 2530 solitos
1101 2493 1162 2528 ait.
1215 2490 1319 2538 Quid

280 2545 463 2597 apertius?
493 2546 662 2583 Lustrum
679 2546 776 2581 enim
798 2556 842 2580 ex
858 2556 903 2580 eo
918 2543 1057 2580 dietum
1076 2569 1086 2586 ,
1098 2541 1199 2590 quod
1212 2540 1320 2589 quin·
1352 2536 1354 2538 ’

280 2606 321 2636 to
344 2608 498 2647 quoque
515 2608 615 2633 anno
645 2597 767 2632 Roma
788 2594 992 2631 lustraretur
1007 2621 1016 2635 ‚
1044 2592 1164 2630 innuit
1188 2592 1318 2629 Livius

282 2649 343 2688 lib.
371 2663 401 2686 i.
426 2650 463 2685 δὲ
494 2649 587 2684 clare
615 2645 723 2683 tradit
752 2645 908 2682 Isidorus
939 2643 1125 2692 Etymolog.
1152 2641 1212 2679 lib.
1232 2653 1317 2679 xxv.

284 2708 356 2748 cap.
379 2709 437 2748 37.
466 2698 635 2745 Itemque
669 2696 814 2732 Servius
838 2722 848 2737 ‚
883 2695 984 2742 cujus
1007 2696 1100 2731 inter
1121 2693 1317 2730 Gramma-

280 2751 375 2787 ticos
397 2760 472 2785 non
495 2748 675 2795 postrema
697 2745 745 2783 est
765 2744 981 2788 auctoritas,
1009 2745 1046 2781 in
1059 2743 1118 2780 lib.
1139 2742 1318 2780 1.AEneid.

281 2801 336 2838 his
361 2799 499 2836 verbis:
529 2797 688 2844 Lustrum
720 2797 852 2833 diHum
874 2823 884 2837 ,
923 2795 1013 2844 quod
1037 2795 1103 2842 post
1125 2795 1322 2844 quinquen-

286 2851 383 2887 nium
405 2862 630 2898 unaquaeque
661 2847 789 2883 civitas
819 2845 1033 2893 lustrabatur
1054 2859 1065 2887 ;
1095 2844 1180 2881 licet
1200 2845 1319 2881 Varro

286 2901 311 2939 ὰ
331 2900 475 2943 luendo,
504 2900 538 2936 id
558 2898 627 2942 est,
655 2897 857 2939 solvendo,
884 2896 1039 2933 lustrum.
1056 2896 1156 2931 ducit
1178 2922 1188 2938 ,
1216 2895 1319 2942 quod

286 2952 418 3001 quinto
450 2961 601 2997 quoque
630 2959 730 2985 anno
768 2946 958 2994 veciigalia
991 2947 1029 2983 8<
1066 2945 1160 2982 ultro
1192 2946 1324 2982 tributa

287 3014 350 3051 per
373 3001 552 3038 Censores
580 2998 886 3046 persolvebantur.
947 2997 996 3034 Ut
1027 3005 1065 3034 ut
1089 2995 1151 3035 sit.
1180 2997 1323 3033 intuere

286 3053 434 3101 propius
455 3052 491 3088 in
522 3050 607 3088 illud
642 3049 791 3086 Asconii
821 3047 978 3096 completo
999 3047 1255 3097 quinquennio,
1287 3048 1324 3084 ὃς

285 3106 324 3141 in
345 3103 382 3140 id
404 3102 516 3139 Servii
543 3101 609 3148 post
631 3099 907 3149 quinquennium
926 3114 939 3142 ς
974 3098 1110 3135 Ietisne
1129 3098 1245 3135 modo
1268 3098 1324 3135 in-

287 3151 412 3191 ficias?
443 3152 710 3189 SALVAGNJUS.

341 3217 376 3240 2.
405 3209 515 3239 Omne
532 3203 606 3249 fuit
629 3200 751 3250 Musae
771 3213 908 3238 carmen
930 3199 1061 3236 inerme
1081 3198 1212 3248 meae.]
1265 3198 1324 3237 Ad

288 3253 388 3293 hunc
408 3266 521 3304 usque
543 3253 641 3294 diem
660 3265 708 3292 ne
728 3252 885 3292 litteram
901 3250 1051 3302 quidem
1071 3262 1183 3292 unam
1192 3250 1325 3300 scripti,

1351 715 1390 752 ὃ(
1410 716 1572 752 moribus
1592 715 1658 752 suis
1682 716 1854 752 narratio.
1882 713 2052 752 CiorAN.

1389 785 1436 831 3.
1466 775 1643 824 Nullaque
1663 790 1750 825 quae
1765 775 1895 825 poffit.]
1943 777 1982 814 Id
2004 777 2117 824 ipsum
2140 777 2329 826 profitetur
2350 780 2390 817 δε

1352 824 1428 862 aliis
1449 825 1537 864 locis
1553 854 1561 870 ‚
1591 835 1630 864 ut
1651 826 1846 864 verisimile
1862 827 1901 864 sit
1918 855 1928 872 ,
1950 829 2138 866 neminem
2159 830 2326 876 privatim
2350 830 2396 868 ab

1353 873 1429 931 ipso
1450 876 1583 914 laesum
1599 905 1608 920 ,
1638 878 1675 914 in
1696 888 1741 914 eo
1762 877 1853 915 libro
1869 906 1878 922 ‚
1906 890 2017 928 quem
2037 906 2047 923 ,
2072 880 2227 916 authore
2255 879 2392 926 Fabio,

1355 938 1391 963 in
1417 927 1533 965 malos
1552 928 1684 965 Poeras
1706 927 1881 967 ediderat.
1919 930 2099 967 Succurrit
2119 930 2295 967 hocloco
2317 942 2398 969 me-

1360 977 1506 1015 miniffe
1539 979 1701 1027 argentei
1731 980 1859 1016 calami
1885 991 1963 1018 non
1994 981 2114 1018 multo
2144 989 2227 1018 ante
2257 992 2398 1020 annum
2458 995 2460 997 ’

1361 1041 1483 1066 MDXL.
1522 1029 1583 1067 sub
1614 1029 1771 1077 antiquis
1810 1031 1921 1068 ruinis
1949 1031 1985 1068 in
2024 1032 2212 1069 Pannonia
2241 1031 2402 1079 reperti,

1360 1090 1445 1117 cum
1478 1081 1546 1117 liac
1574 1080 1809 1128 inscriptione
1837 1108 1848 1126 ,
1882 1082 2006 1119 Ovidii
2038 1083 2186 1130 Nasonis
2219 1081 2399 1128 calamus,

1359 1143 1473 1179 quem
1491 1130 1636 1169 Isabella
1657 1131 1868 1170 Pannoniae
1888 1133 2030 1181 Regina
2058 1134 2096 1170 &
2128 1132 2275 1180 plurimi
2303 1133 2404 1171 face-

1360 1194 1423 1238 re,
1453 1184 1491 1220 δε
1513 1183 1681 1220 Tauruni
1705 1209 1716 1227 ,
1750 1194 1845 1231 quae
1875 1184 1923 1221 est
1955 1184 2036 1221 urbs
2056 1184 2237 1221 inferioris
2254 1184 2401 1221 Panno-

1362 1244 1468 1278 niae,
1498 1233 1583 1271 viris
1606 1233 1752 1271 eruditis
1771 1234 1960 1272 ostendere
1979 1235 2136 1278 solebat,
2165 1242 2205 1270 ut
2225 1233 2399 1282 scriptum

1364 1283 1512 1333 reliquit
1541 1285 1719 1322 Hercules
1753 1285 1931 1323 Ciofanus
1967 1286 2002 1322 iri
2034 1285 2164 1322 Ovidii
2194 1285 2301 1328 vita;
2340 1296 2405 1322 cu-

1359 1335 1419 1384 jus
1449 1338 1559 1373 etiam
1585 1336 1714 1373 calami
1746 1337 1917 1373 meminit
1948 1336 2098 1373 Coelius
2128 1335 2405 1382 Calcagninus,

1364 1388 1403 1474 iSn
1436 1398 1478 1424 ea
1509 1387 1635 1435 Elegia
1661 1413 1671 1430 ,
1706 1397 1777 1436 qua
1815 1388 2032 1436 Scytharum
2070 1398 2191 1424 mores
2229 1385 2404 1425 describit.

1391 1449 1564 1476 ALVAGN.

1419 1515 1452 1553 3.
1479 1506 1617 1555 Scriptis
1635 1515 1685 1543 tot
1707 1504 1897 1555 millibus]
1928 1506 1986 1544 Sic
2003 1505 2065 1544 lib.
2087 1519 2131 1544 11.
2151 1504 2262 1544 Trist.
2276 1506 2360 1554 567.

1419 1574 1514 1605 Inter
1531 1580 1581 1606 tet
1599 1569 1732 1619 populi,
1759 1579 1809 1606 tot
1821 1570 1940 1617 scripti
1963 1569 2076 1607 millia
2101 1568 2226 1617 nostri,

1366 1670 1398 1704 C
1469 1623 1583 1667 §luem
1597 1622 1662 1668 sua
1683 1619 1834 1670 Calliope
1856 1622 1988 1669 laeserit
2003 1647 2014 1666 ,
2041 1633 2132 1658 unus
2154 1634 2220 1658 ero.

1380 1681 1536 1709 ,ἰοὶ-ΑΝ.

1427 1749 1460 1781 4.
1499 1735 1766 1785 Sanguinolenta
1795 1735 1894 1784 legi]
1952 1734 2065 1783 Quasi
2105 1733 2150 1770 de
2180 1733 2256 1770 telo
2284 1733 2409 1782 loqui-

1365 1794 1443 1824 tur:
1473 1788 1613 1824 nullum
1634 1799 1812 1836 umquam
1834 1786 1991 1823 versibus
2012 1785 2102 1822 meis
2122 1784 2297 1821 sauciavi:
2326 1784 2411 1821 riul-

1368 1837 1435 1874 liu's
1467 1837 1637 1886 sanguine
1675 1839 1895 1876 maduerunt
1935 1836 2055 1873 versus
2095 1836 2182 1871 mei.
2238 1834 2409 1872 Cromn-

1371 1888 1525 1925 Adludit
1550 1889 1594 1926 ad
1611 1888 1646 1927 id
1666 1917 1677 1935 ‚
1708 1889 1811 1938 quod
1842 1887 2001 1937 sequitur
2032 1886 2079 1924 de
2106 1884 2334 1923 Archilocho
2353 1883 2410 1928 >is-

1375 1951 1434 1986 52.

1424 2004 1549 2040 Τιήέῖα
1572 2001 1757 2051 Lycambeo
1770 2001 1939 2051 sanguine
1960 2000 2030 2036 tela
2051 1997 2188 2036 rubent.

1372 2055 1572 2094 BERSMAN.
2447 2093 2451 2096 γ

1424 2123 1454 2162 5.
1484 2114 1562 2161 Nisi
1581 2127 1633 2149 me
1652 2111 1813 2159 laesere]
1854 2110 1933 2159 Nisi
1947 2122 2005 2146 nos
2023 2108 2136 2155 Jureti
2150 2135 2161 2152 ,
2190 2108 2228 2145 &
2248 2115 2318 2146 tres
2338 2108 2410 2147 alii.
2446 2104 2449 2105 ⁷

1367 2165 1513 2199 Hiems.
1559 2162 1639 2208 Ego
1664 2173 1753 2197 vero
1776 2174 1830 2196 me
1858 2159 2092 2197 retinendum
2118 2167 2208 2206 puto
2231 2187 2241 2203 ‚
2270 2170 2317 2196 ne
2339 2168 2410 2197 tres

1368 2224 1478 2250 voces
1501 2211 1521 2248 a
1543 2225 1566 2248 n
1588 2212 1803 2259 incipientes
1823 2211 1856 2248 se
1877 2210 2147 2258 subsequantur.
2168 2211 2231 2258 qui
2252 2223 2309 2246 nos
2329 2209 2410 2247 sub-

1373 2264 1582 2305 stituerunt,
1611 2262 1804 2299 credebant
1821 2261 1857 2299 id
1878 2262 1995 2308 aptius
2015 2272 2218 2308 congruere
2240 2272 2324 2298 cum
2349 2273 2410 2297 no-

1365 2314 1443 2361 stri.
1462 2314 1522 2350 sed
1551 2313 1838 2361 frequentissime
1873 2311 2032 2349 Ovidius
2063 2311 2100 2347 ἃ
2131 2309 2190 2348 alii
2213 2324 2270 2347 nos
2293 2312 2328 2348 ὃ(
2356 2325 2412 2349 me

1374 2367 1411 2402 in
1432 2364 1568 2401 eodem
1598 2363 1701 2402 versu
1729 2363 1975 2411 conjungunt.
2003 2361 2050 2400 sic
2078 2362 2138 2400 lib.
2165 2372 2218 2400 iv.
2245 2361 2354 2400 Trist.
2373 2374 2410 2401 x.

1379 2425 1464 2464 119.

1600 2482 1651 2514 Tu
1672 2490 1728 2514 nos
1746 2476 1886 2513 abducis
1905 2476 1948 2513 ab
1964 2475 2042 2522 Istro
2057 2503 2068 2521 ,

1476 2535 1516 2566 In
1536 2528 1712 2579 medioque
1732 2529 1819 2567 mihi
1837 2528 1901 2565 das
1925 2527 2079 2566 Helicone
2098 2526 2223 2566 locum.

1374 2612 1428 2638 iv.
1454 2599 1542 2637 Fast.
1565 2598 1665 2647 863ss

1427 2665 1533 2700 Dicia
1556 2662 1653 2699 Pales
1675 2660 1792 2698 nobis:
1820 2660 1911 2698 idem
1937 2658 2077 2697 vinalia
2094 2657 2210 2695 dicam

1372 2728 1463 2765 nihil
1484 2727 1709 2777 frequentius
1728 2725 1823 2774 apud
1842 2725 2086 2774 Propertium.
2106 2721 2154 2760 sic
2175 2723 2234 2761 lib.
2253 2735 2281 2762 1.
2308 2721 2419 2772 Eleg..

1377 2791 1450 2817 ΧΠ.

1429 2841 1529 2892 Qcid
1549 2840 1637 2877 mihi
1653 2839 1796 2888 defidiae
1816 2851 1884 2874 non
1902 2837 1997 2887 ceffas
2013 2835 2136 2885 fingere
2157 2835 2284 2872 crimen
2296 2861 2308 2880 ‚

1481 2893 1583 2942 Quod
1604 2891 1715 2935 saciat
1739 2890 1831 2927 nobis
1845 2890 1974 2937 conscia
1995 2894 2103 2925 Roma
2122 2894 2281 2924 moram?

1380 2957 1465 2995 vide
1485 2956 1530 2993 de
1558 2955 1623 2992 liac
1655 2953 1816 3001 enallage
1842 2964 2084 2991 numerorum
2105 2948 2269 2989 Passerat.
2288 2948 2333 2988 ad
2352 2949 2411 2990 illa

1380 3006 1558 3057 Propertii
1580 3019 1605 3042 1.
1630 3006 1731 3054 Eleg.
1756 3018 1790 3043 x.

1434 3082 1514 3113 Non
1524 3075 1639 3123 solam
1657 3074 1779 3118 vestros
1801 3074 1906 3111 didici
1922 3072 2056 3110 reticere
2075 3072 2202 3108 dolores
2214 3099 2225 3116 ‚

1481 3127 1538 3172 Est
1558 3127 1728 3175 quiddam
1747 3126 1784 3162 in
1803 3126 1895 3162 nohis
1914 3124 2051 3171 majus,
2078 3124 2186 3160 amice
2199 3150 2209 3167 ,
2232 3122 2313 3169 fide.

1382 3195 1420 3232 δε
1440 3194 1483 3231 ad
1504 3207 1566 3232 ιιι,
1582 3208 1608 3232 1.
1628 3205 1691 3244 47.
1720 3195 1757 3232 &
1772 3193 1866 3231 alibi.
1886 3192 1932 3228 fic
1952 3191 2120 3229 dicebant
2141 3200 2281 3228 veteres
2299 3189 2417 3235 absen-

1381 3257 1414 3285 te
1434 3246 1550 3293 nobis,
1575 3259 1643 3296 pro
1666 3259 1720 3284 me
1740 3246 1777 3283 ὅ(
1797 3243 1939 3284 similia.
1959 3251 2052 3281 ratio
2071 3242 2143 3289 est,
2171 3243 2257 3293 quia
2274 3254 2350 3280 non
2373 3241 2418 3279 ad

2289 3303 2422 3333 nume·
