<?xml version="1.0" encoding="UTF-8"?>
<!DOCTYPE html PUBLIC "-//W3C//DTD XHTML 1.0 Transitional//EN"
    "http://www.w3.org/TR/xhtml1/DTD/xhtml1-transitional.dtd">
<html xmlns="http://www.w3.org/1999/xhtml" xml:lang="en" lang="en">
 <head>
  <title>
</title>
<meta http-equiv="Content-Type" content="text/html;charset=utf-8" />
  <meta name='ocr-system' content='tesseract 3.04.00' />
  <meta name='ocr-capabilities' content='ocr_page ocr_carea ocr_par ocr_line ocrx_word'/>
</head>
<body>
  <div class='ocr_page' id='page_1' title='image "./publiiovidiinaso04ovid_0231.png"; bbox 0 0 2547 3708; ppageno 0'>
   <div class='ocr_carea' id='block_1_1' title="bbox 587 107 2155 223">
    <p class='ocr_par' dir='ltr' id='par_1_1' title="bbox 587 107 2155 223">
     <span class='ocr_line' id='line_1_1' title="bbox 587 107 2155 223; baseline 0.003 -37"><span class='ocrx_word' id='word_1_1' title='bbox 587 107 1445 198; x_wconf 10' lang='lat' dir='ltr'><strong>i-PERJ.MASSON.</strong></span> <span class='ocrx_word' id='word_1_2' title='bbox 2052 168 2155 223; x_wconf 32' lang='lat'><strong>51⁴</strong></span> 
     </span>
    </p>
   </div>
   <div class='ocr_carea' id='block_1_2' title="bbox 209 228 1066 300">
    <p class='ocr_par' dir='ltr' id='par_1_2' title="bbox 209 228 1066 300">
     <span class='ocr_line' id='line_1_2' title="bbox 209 228 1066 300; baseline -0.022 -7"><span class='ocrx_word' id='word_1_3' title='bbox 209 244 326 292; x_wconf 82' lang='lat' dir='ltr'><em>Inter</em></span> <span class='ocrx_word' id='word_1_4' title='bbox 344 237 414 287; x_wconf 90' lang='lat' dir='ltr'><strong>bis</strong></span> <span class='ocrx_word' id='word_1_5' title='bbox 439 231 603 300; x_wconf 88' lang='lat' dir='ltr'><strong>quinos</strong></span> <span class='ocrx_word' id='word_1_6' title='bbox 625 229 718 295; x_wconf 82' lang='lat' dir='ltr'><strong>ufics</strong></span> <span class='ocrx_word' id='word_1_7' title='bbox 740 230 884 278; x_wconf 81' lang='lat' dir='ltr'><em>honore</em></span> <span class='ocrx_word' id='word_1_8' title='bbox 908 228 1066 277; x_wconf 87' lang='lat' dir='ltr'><strong>Viros.</strong></span> 
     </span>
    </p>
   </div>
   <div class='ocr_carea' id='block_1_3' title="bbox 4 306 2130 1289">
    <p class='ocr_par' dir='ltr' id='par_1_3' title="bbox 17 306 2124 524">
     <span class='ocr_line' id='line_1_3' title="bbox 19 306 2122 381; baseline -0.005 -6"><span class='ocrx_word' id='word_1_9' title='bbox 19 325 206 379; x_wconf 87' lang='lat' dir='ltr'>Etenim</span> <span class='ocrx_word' id='word_1_10' title='bbox 221 355 236 381; x_wconf 91' lang='lat'>‚</span> <span class='ocrx_word' id='word_1_11' title='bbox 271 319 348 367; x_wconf 90' lang='lat' dir='ltr'><strong>uti·</strong></span> <span class='ocrx_word' id='word_1_12' title='bbox 364 314 507 363; x_wconf 90' lang='lat' dir='ltr'><strong>modo</strong></span> <span class='ocrx_word' id='word_1_13' title='bbox 530 310 1097 370; x_wconf 78' lang='lat' dir='ltr'><strong>vidimus,Decemviratus</strong></span> <span class='ocrx_word' id='word_1_14' title='bbox 1121 306 1198 355; x_wconf 89' lang='lat' dir='ltr'><strong>ille</strong></span> <span class='ocrx_word' id='word_1_15' title='bbox 1219 324 1321 372; x_wconf 87' lang='lat' dir='ltr'><strong>pars</strong></span> <span class='ocrx_word' id='word_1_16' title='bbox 1346 325 1440 361; x_wconf 75' lang='lat' dir='ltr'><strong>erat</strong></span> <span class='ocrx_word' id='word_1_17' title='bbox 1451 313 1816 378; x_wconf 74' lang='lat' dir='ltr'><strong>ngntiviratus,</strong></span> <span class='ocrx_word' id='word_1_18' title='bbox 1851 330 1989 380; x_wconf 90' lang='lat' dir='ltr'><strong>quem</strong></span> <span class='ocrx_word' id='word_1_19' title='bbox 2013 317 2122 365; x_wconf 89' lang='lat' dir='ltr'><strong>ado-</strong></span> 
     </span>
     <span class='ocr_line' id='line_1_4' title="bbox 17 373 2124 446; baseline -0.006 -5"><span class='ocrx_word' id='word_1_20' title='bbox 17 393 255 446; x_wconf 77' lang='lat' dir='ltr'><strong>lescente8‚</strong></span> <span class='ocrx_word' id='word_1_21' title='bbox 289 385 337 431; x_wconf 90' lang='lat' dir='ltr'><strong>in</strong></span> <span class='ocrx_word' id='word_1_22' title='bbox 361 383 551 430; x_wconf 84' lang='lat' dir='ltr'><strong>Senatus</strong></span> <span class='ocrx_word' id='word_1_23' title='bbox 581 376 704 443; x_wconf 88' lang='lat' dir='ltr'><strong>spem</strong></span> <span class='ocrx_word' id='word_1_24' title='bbox 727 377 903 423; x_wconf 90' lang='lat' dir='ltr'><strong>Latum</strong></span> <span class='ocrx_word' id='word_1_25' title='bbox 927 373 1126 423; x_wconf 87' lang='lat' dir='ltr'><strong>Clavum</strong></span> <span class='ocrx_word' id='word_1_26' title='bbox 1149 389 1388 438; x_wconf 77' lang='lat' dir='ltr'><strong>gerentes,</strong></span> <span class='ocrx_word' id='word_1_27' title='bbox 1423 378 1675 428; x_wconf 80' lang='lat' dir='ltr'><strong>necessario</strong></span> <span class='ocrx_word' id='word_1_28' title='bbox 1699 379 2001 446; x_wconf 83' lang='lat' dir='ltr'>suscipiebant</span> <span class='ocrx_word' id='word_1_29' title='bbox 2023 416 2039 441; x_wconf 83' lang='lat'><strong>,</strong></span> <span class='ocrx_word' id='word_1_30' title='bbox 2071 397 2124 428; x_wconf 84' lang='lat' dir='ltr'><strong>ut</strong></span> 
     </span>
     <span class='ocr_line' id='line_1_5' title="bbox 17 440 1464 524; baseline -0.015 -21"><span class='ocrx_word' id='word_1_31' title='bbox 17 455 180 524; x_wconf 87' lang='lat' dir='ltr'><strong>gradus</strong></span> <span class='ocrx_word' id='word_1_32' title='bbox 200 450 254 498; x_wconf 91' lang='lat' dir='ltr'><strong>ad</strong></span> <span class='ocrx_word' id='word_1_33' title='bbox 281 445 544 496; x_wconf 88' lang='lat' dir='ltr'><strong>Senatorios</strong></span> <span class='ocrx_word' id='word_1_34' title='bbox 565 443 765 490; x_wconf 85' lang='lat' dir='ltr'>honores</span> <span class='ocrx_word' id='word_1_35' title='bbox 788 440 911 488; x_wconf 86' lang='lat' dir='ltr'><strong>effet.</strong></span> <span class='ocrx_word' id='word_1_36' title='bbox 1461 486 1464 487; x_wconf 13' lang='lat'><em>⁷</em></span> 
     </span>
    </p>

    <p class='ocr_par' dir='ltr' id='par_1_4' title="bbox 4 503 2130 1289">
     <span class='ocr_line' id='line_1_6' title="bbox 80 503 2124 573; baseline -0.005 -7"><span class='ocrx_word' id='word_1_37' title='bbox 80 521 233 567; x_wconf 86' lang='lat' dir='ltr'><em>Decem</em></span> <span class='ocrx_word' id='word_1_38' title='bbox 255 516 444 560; x_wconf 81' lang='lat' dir='ltr'><strong>virorum</strong></span> <span class='ocrx_word' id='word_1_39' title='bbox 468 507 594 573; x_wconf 90' lang='lat' dir='ltr'><strong>quod</strong></span> <span class='ocrx_word' id='word_1_40' title='bbox 621 507 762 554; x_wconf 89' lang='lat' dir='ltr'><strong>fuerit</strong></span> <span class='ocrx_word' id='word_1_41' title='bbox 787 521 981 564; x_wconf 91' lang='lat' dir='ltr'><strong>munus,</strong></span> <span class='ocrx_word' id='word_1_42' title='bbox 1009 506 1106 569; x_wconf 87' lang='lat' dir='ltr'><strong>jam</strong></span> <span class='ocrx_word' id='word_1_43' title='bbox 1131 503 1185 551; x_wconf 88' lang='lat' dir='ltr'><strong>ad</strong></span> <span class='ocrx_word' id='word_1_44' title='bbox 1209 520 1380 554; x_wconf 87' lang='lat' dir='ltr'><strong>annum</strong></span> <span class='ocrx_word' id='word_1_45' title='bbox 1405 507 1684 572; x_wconf 88' lang='lat' dir='ltr'><strong>superiorem</strong></span> <span class='ocrx_word' id='word_1_46' title='bbox 1711 511 1891 572; x_wconf 59' lang='lat' dir='ltr'><strong>(n‘r‘II.)</strong></span> <span class='ocrx_word' id='word_1_47' title='bbox 1920 526 1976 557; x_wconf 83' lang='lat' dir='ltr'><strong>ex</strong></span> <span class='ocrx_word' id='word_1_48' title='bbox 2001 511 2124 557; x_wconf 90' lang='lat' dir='ltr'><strong>Dio-</strong></span> 
     </span>
     <span class='ocr_line' id='line_1_7' title="bbox 15 569 2130 637; baseline -0.005 -4"><span class='ocrx_word' id='word_1_49' title='bbox 15 600 73 634; x_wconf 89' lang='lat' dir='ltr'><strong>ne</strong></span> <span class='ocrx_word' id='word_1_50' title='bbox 94 581 377 636; x_wconf 89' lang='lat' dir='ltr'><strong>audivimus,</strong></span> <span class='ocrx_word' id='word_1_51' title='bbox 412 587 465 623; x_wconf 92' lang='lat' dir='ltr'><strong>ut</strong></span> <span class='ocrx_word' id='word_1_52' title='bbox 485 588 652 637; x_wconf 85' lang='lat' dir='ltr'><strong>nempe</strong></span> <span class='ocrx_word' id='word_1_53' title='bbox 677 569 1084 618; x_wconf 81' lang='lat' dir='ltr'><strong>centumviralibus</strong></span> <span class='ocrx_word' id='word_1_54' title='bbox 1103 570 1291 633; x_wconf 88' lang='lat' dir='ltr'><strong>judiciis</strong></span> <span class='ocrx_word' id='word_1_55' title='bbox 1324 570 1605 636; x_wconf 68' lang='lat' dir='ltr'><strong>praeessent,</strong></span> <span class='ocrx_word' id='word_1_56' title='bbox 1640 575 1761 622; x_wconf 88' lang='lat' dir='ltr'><strong>unde</strong></span> <span class='ocrx_word' id='word_1_57' title='bbox 1782 576 1982 637; x_wconf 75' lang='lat' dir='ltr'><strong>stiluz&#39;bus</strong></span> <span class='ocrx_word' id='word_1_58' title='bbox 2002 576 2130 637; x_wconf 73' lang='lat' dir='ltr'><em>judi-</em></span> 
     </span>
     <span class='ocr_line' id='line_1_8' title="bbox 14 633 2125 711; baseline -0.006 -13"><span class='ocrx_word' id='word_1_59' title='bbox 14 638 153 698; x_wconf 70' lang='lat' dir='ltr'><strong>eandis</strong></span> <span class='ocrx_word' id='word_1_60' title='bbox 174 643 329 711; x_wconf 83' lang='lat' dir='ltr'><strong>paffim</strong></span> <span class='ocrx_word' id='word_1_61' title='bbox 350 643 398 689; x_wconf 90' lang='lat' dir='ltr'><strong>in</strong></span> <span class='ocrx_word' id='word_1_62' title='bbox 419 637 644 703; x_wconf 87' lang='lat' dir='ltr'>lapidibus</span> <span class='ocrx_word' id='word_1_63' title='bbox 668 633 1006 694; x_wconf 88' lang='lat' dir='ltr'><strong>inscribuntur,</strong></span> <span class='ocrx_word' id='word_1_64' title='bbox 1042 635 1170 699; x_wconf 90' lang='lat' dir='ltr'><strong>quod</strong></span> <span class='ocrx_word' id='word_1_65' title='bbox 1191 635 1248 682; x_wconf 89' lang='lat' dir='ltr'><strong>de</strong></span> <span class='ocrx_word' id='word_1_66' title='bbox 1269 636 1427 684; x_wconf 87' lang='lat' dir='ltr'><strong>litibus</strong></span> <span class='ocrx_word' id='word_1_67' title='bbox 1446 638 1720 702; x_wconf 86' lang='lat' dir='ltr'><strong>judicarent.</strong></span> <span class='ocrx_word' id='word_1_68' title='bbox 1789 639 1842 686; x_wconf 89' lang='lat' dir='ltr'><strong>Id</strong></span> <span class='ocrx_word' id='word_1_69' title='bbox 1864 639 2009 703; x_wconf 88' lang='lat' dir='ltr'><strong>ipsum</strong></span> <span class='ocrx_word' id='word_1_70' title='bbox 2029 641 2125 703; x_wconf 83' lang='lat' dir='ltr'><strong>jam</strong></span> 
     </span>
     <span class='ocr_line' id='line_1_9' title="bbox 15 698 2126 768; baseline -0.005 -6"><span class='ocrx_word' id='word_1_71' title='bbox 15 713 140 763; x_wconf 62' lang='lat' dir='ltr'><strong>doen</strong></span> <span class='ocrx_word' id='word_1_72' title='bbox 167 711 252 759; x_wconf 89' lang='lat' dir='ltr'><strong>viri</strong></span> <span class='ocrx_word' id='word_1_73' title='bbox 277 725 334 756; x_wconf 82' lang='lat' dir='ltr'><strong>ex</strong></span> <span class='ocrx_word' id='word_1_74' title='bbox 359 703 626 767; x_wconf 89' lang='lat' dir='ltr'><strong>Pomponio</strong></span> <span class='ocrx_word' id='word_1_75' title='bbox 649 698 933 764; x_wconf 88' lang='lat' dir='ltr'><strong>probarunt,</strong></span> <span class='ocrx_word' id='word_1_76' title='bbox 968 701 1047 762; x_wconf 88' lang='lat' dir='ltr'><strong>qui</strong></span> <span class='ocrx_word' id='word_1_77' title='bbox 1074 699 1176 762; x_wconf 89' lang='lat' dir='ltr'><strong>lege</strong></span> <span class='ocrx_word' id='word_1_78' title='bbox 1201 715 1244 746; x_wconf 84' lang='lat'><strong>2.</strong></span> <span class='ocrx_word' id='word_1_79' title='bbox 1265 700 1323 747; x_wconf 89' lang='lat' dir='ltr'><strong>de</strong></span> <span class='ocrx_word' id='word_1_80' title='bbox 1343 703 1481 765; x_wconf 89' lang='lat' dir='ltr'><strong>Orig.</strong></span> <span class='ocrx_word' id='word_1_81' title='bbox 1490 705 1630 766; x_wconf 84' lang='lat' dir='ltr'><strong>juris:</strong></span> <span class='ocrx_word' id='word_1_82' title='bbox 1660 706 1825 752; x_wconf 79' lang='lat' dir='ltr'><strong>Deinde</strong></span> <span class='ocrx_word' id='word_1_83' title='bbox 1845 704 1911 767; x_wconf 89' lang='lat' dir='ltr'><strong>(id</strong></span> <span class='ocrx_word' id='word_1_84' title='bbox 1932 703 1997 750; x_wconf 91' lang='lat' dir='ltr'><strong>est</strong></span> <span class='ocrx_word' id='word_1_85' title='bbox 2021 704 2126 768; x_wconf 88' lang='lat' dir='ltr'><strong>post</strong></span> 
     </span>
     <span class='ocr_line' id='line_1_10' title="bbox 14 763 2128 835; baseline -0.004 -10"><span class='ocrx_word' id='word_1_86' title='bbox 14 780 277 828; x_wconf 82' lang='lat' dir='ltr'>Praeturam</span> <span class='ocrx_word' id='word_1_87' title='bbox 306 770 587 835; x_wconf 84' lang='lat' dir='ltr'><strong>peregrinam</strong></span> <span class='ocrx_word' id='word_1_88' title='bbox 604 800 621 826; x_wconf 87' lang='lat'><strong>,</strong></span> <span class='ocrx_word' id='word_1_89' title='bbox 654 764 861 827; x_wconf 88' lang='lat' dir='ltr'><strong>adeoque</strong></span> <span class='ocrx_word' id='word_1_90' title='bbox 882 763 988 826; x_wconf 85' lang='lat' dir='ltr'><strong>post</strong></span> <span class='ocrx_word' id='word_1_91' title='bbox 1010 764 1102 810; x_wconf 89' lang='lat' dir='ltr'><strong>An.</strong></span> <span class='ocrx_word' id='word_1_92' title='bbox 1126 764 1191 811; x_wconf 91' lang='lat' dir='ltr'><strong>U.</strong></span> <span class='ocrx_word' id='word_1_93' title='bbox 1217 763 1274 810; x_wconf 90' lang='lat' dir='ltr'><strong>C.</strong></span> <span class='ocrx_word' id='word_1_94' title='bbox 1297 765 1444 824; x_wconf 81' lang='grc' dir='ltr'>ΒΧ.)</span> <span class='ocrx_word' id='word_1_95' title='bbox 1479 784 1570 815; x_wconf 87' lang='lat' dir='ltr'><strong>cum</strong></span> <span class='ocrx_word' id='word_1_96' title='bbox 1594 770 1688 830; x_wconf 75' lang='lat' dir='ltr'><strong>effi2t</strong></span> <span class='ocrx_word' id='word_1_97' title='bbox 1711 771 1951 831; x_wconf 81' lang='lat' dir='ltr'><strong>neceffarius</strong></span> <span class='ocrx_word' id='word_1_98' title='bbox 1976 770 2128 832; x_wconf 85' lang='lat' dir='ltr'><strong>Magi-</strong></span> 
     </span>
     <span class='ocr_line' id='line_1_11' title="bbox 4 829 2129 906; baseline -0.004 -16"><span class='ocrx_word' id='word_1_99' title='bbox 4 844 196 906; x_wconf 82' lang='lat' dir='ltr'><strong>stratus,</strong></span> <span class='ocrx_word' id='word_1_100' title='bbox 227 841 299 902; x_wconf 85' lang='lat' dir='ltr'><strong>qui</strong></span> <span class='ocrx_word' id='word_1_101' title='bbox 320 836 460 898; x_wconf 80' lang='lat' dir='ltr'><strong>hastae</strong></span> <span class='ocrx_word' id='word_1_102' title='bbox 476 831 704 895; x_wconf 69' lang='lat' dir='ltr'><strong>praeeſjet,</strong></span> <span class='ocrx_word' id='word_1_103' title='bbox 735 830 958 875; x_wconf 81' lang='lat' dir='ltr'><strong>decemviri</strong></span> <span class='ocrx_word' id='word_1_104' title='bbox 981 829 1123 875; x_wconf 78' lang='lat' dir='ltr'><strong>litibus</strong></span> <span class='ocrx_word' id='word_1_105' title='bbox 1141 829 1384 889; x_wconf 83' lang='lat' dir='ltr'><strong>judicandis</strong></span> <span class='ocrx_word' id='word_1_106' title='bbox 1399 831 1505 894; x_wconf 65' lang='lat' dir='ltr'><strong>fient</strong></span> <span class='ocrx_word' id='word_1_107' title='bbox 1534 833 1726 894; x_wconf 81' lang='lat' dir='ltr'><strong>instituti.</strong></span> <span class='ocrx_word' id='word_1_108' title='bbox 1797 836 1863 881; x_wconf 91' lang='lat' dir='ltr'><strong>At</strong></span> <span class='ocrx_word' id='word_1_109' title='bbox 1897 850 1993 881; x_wconf 90' lang='lat' dir='ltr'><strong>non</strong></span> <span class='ocrx_word' id='word_1_110' title='bbox 2017 834 2129 894; x_wconf 86' lang='lat' dir='ltr'><strong>soli,</strong></span> 
     </span>
     <span class='ocr_line' id='line_1_12' title="bbox 18 891 2128 960; baseline -0.004 -6"><span class='ocrx_word' id='word_1_111' title='bbox 18 906 90 955; x_wconf 88' lang='lat' dir='ltr'><strong>sed</strong></span> <span class='ocrx_word' id='word_1_112' title='bbox 117 921 222 952; x_wconf 85' lang='lat' dir='ltr'><strong>cum</strong></span> <span class='ocrx_word' id='word_1_113' title='bbox 249 905 493 958; x_wconf 88' lang='lat' dir='ltr'><strong>Praetore,</strong></span> <span class='ocrx_word' id='word_1_114' title='bbox 526 897 606 960; x_wconf 91' lang='lat' dir='ltr'><strong>qui</strong></span> <span class='ocrx_word' id='word_1_115' title='bbox 638 910 715 941; x_wconf 89' lang='lat' dir='ltr'><strong>eos</strong></span> <span class='ocrx_word' id='word_1_116' title='bbox 747 894 796 941; x_wconf 90' lang='lat' dir='ltr'><strong>in</strong></span> <span class='ocrx_word' id='word_1_117' title='bbox 829 891 1074 939; x_wconf 88' lang='lat' dir='ltr'>confilium</span> <span class='ocrx_word' id='word_1_118' title='bbox 1109 892 1387 956; x_wconf 84' lang='lat' dir='ltr'><strong>adhibebat,</strong></span> <span class='ocrx_word' id='word_1_119' title='bbox 1423 897 1751 960; x_wconf 87' lang='lat' dir='ltr'><strong>praefuerunt·,</strong></span> <span class='ocrx_word' id='word_1_120' title='bbox 1784 899 1856 945; x_wconf 91' lang='lat' dir='ltr'><strong>uti</strong></span> <span class='ocrx_word' id='word_1_121' title='bbox 1892 898 2014 946; x_wconf 60' lang='lat' dir='ltr'><strong>recte</strong></span> <span class='ocrx_word' id='word_1_122' title='bbox 2041 898 2128 945; x_wconf 92' lang='lat' dir='ltr'><strong>do-</strong></span> 
     </span>
     <span class='ocr_line' id='line_1_13' title="bbox 14 957 2128 1026; baseline -0.005 -7"><span class='ocrx_word' id='word_1_123' title='bbox 14 970 229 1019; x_wconf 66' lang='lat' dir='ltr'><strong>&amp;iffimus</strong></span> <span class='ocrx_word' id='word_1_124' title='bbox 258 959 698 1023; x_wconf 86' lang='lat' dir='ltr'><strong>consultiffimusque</strong></span> <span class='ocrx_word' id='word_1_125' title='bbox 730 959 909 1006; x_wconf 82' lang='lat' dir='ltr'><strong>Gerard.</strong></span> <span class='ocrx_word' id='word_1_126' title='bbox 933 959 1078 1005; x_wconf 79' lang='lat' dir='ltr'><strong>Noodt</strong></span> <span class='ocrx_word' id='word_1_127' title='bbox 1110 957 1189 1019; x_wconf 88' lang='lat' dir='ltr'><strong>(a)</strong></span> <span class='ocrx_word' id='word_1_128' title='bbox 1212 959 1397 1024; x_wconf 84' lang='lat' dir='ltr'><strong>colligit</strong></span> <span class='ocrx_word' id='word_1_129' title='bbox 1424 977 1481 1008; x_wconf 87' lang='lat' dir='ltr'><strong>ex</strong></span> <span class='ocrx_word' id='word_1_130' title='bbox 1507 961 1660 1008; x_wconf 90' lang='lat' dir='ltr'><strong>Plinio</strong></span> <span class='ocrx_word' id='word_1_131' title='bbox 1687 963 1895 1026; x_wconf 79' lang='lat' dir='ltr'><strong>juniore,</strong></span> <span class='ocrx_word' id='word_1_132' title='bbox 1929 962 2040 1010; x_wconf 89' lang='lat' dir='ltr'><strong>Lib.</strong></span> <span class='ocrx_word' id='word_1_133' title='bbox 2062 963 2128 1011; x_wconf 87' lang='lat' dir='ltr'><strong>V.</strong></span> 
     </span>
     <span class='ocr_line' id='line_1_14' title="bbox 14 1023 2129 1099; baseline -0.005 -14"><span class='ocrx_word' id='word_1_134' title='bbox 14 1034 164 1099; x_wconf 88' lang='lat' dir='ltr'><strong>Epist.</strong></span> <span class='ocrx_word' id='word_1_135' title='bbox 186 1049 287 1080; x_wconf 72' lang='lat' dir='ltr'><strong>xm.</strong></span> <span class='ocrx_word' id='word_1_136' title='bbox 321 1029 571 1076; x_wconf 86' lang='lat' dir='ltr'><strong>scribente:</strong></span> <span class='ocrx_word' id='word_1_137' title='bbox 595 1025 796 1088; x_wconf 75' lang='lat' dir='ltr'><strong>sedebant</strong></span> <span class='ocrx_word' id='word_1_138' title='bbox 816 1023 980 1084; x_wconf 80' lang='lat' dir='ltr'><strong>judiees</strong></span> <span class='ocrx_word' id='word_1_139' title='bbox 1001 1026 1028 1083; x_wconf 86' lang='lat'><strong>,&#39;</strong></span> <span class='ocrx_word' id='word_1_140' title='bbox 1050 1024 1299 1072; x_wconf 80' lang='lat' dir='ltr'><strong>Decemviri</strong></span> <span class='ocrx_word' id='word_1_141' title='bbox 1322 1028 1351 1058; x_wconf 36' lang='grc' dir='ltr'><strong>ᾗ</strong></span> <span class='ocrx_word' id='word_1_142' title='bbox 1372 1038 1603 1087; x_wconf 85' lang='lat' dir='ltr'><strong>venerant,</strong></span> <span class='ocrx_word' id='word_1_143' title='bbox 1637 1027 1965 1090; x_wconf 68' lang='lat' dir='ltr'><strong>obversabantur</strong></span> <span class='ocrx_word' id='word_1_144' title='bbox 1996 1030 2129 1075; x_wconf 86' lang='lat' dir='ltr'><strong>advo-</strong></span> 
     </span>
     <span class='ocr_line' id='line_1_15' title="bbox 15 1089 2129 1160; baseline -0.004 -12"><span class='ocrx_word' id='word_1_145' title='bbox 15 1104 101 1147; x_wconf 78' lang='lat' dir='ltr'><strong>cati</strong></span> <span class='ocrx_word' id='word_1_146' title='bbox 114 1132 130 1157; x_wconf 88' lang='lat'><strong>,</strong></span> <span class='ocrx_word' id='word_1_147' title='bbox 152 1100 363 1160; x_wconf 79' lang='lat' dir='ltr'><strong>silentium</strong></span> <span class='ocrx_word' id='word_1_148' title='bbox 386 1097 575 1157; x_wconf 81' lang='lat' dir='ltr'><strong>longum,</strong></span> <span class='ocrx_word' id='word_1_149' title='bbox 606 1089 773 1137; x_wconf 88' lang='lat' dir='ltr'><strong>tandem</strong></span> <span class='ocrx_word' id='word_1_150' title='bbox 794 1090 824 1135; x_wconf 75' lang='lat' dir='ltr'><strong>a</strong></span> <span class='ocrx_word' id='word_1_151' title='bbox 849 1090 1053 1137; x_wconf 86' lang='lat' dir='ltr'><strong>Praetore</strong></span> <span class='ocrx_word' id='word_1_152' title='bbox 1082 1093 1281 1149; x_wconf 78' lang='lat' dir='ltr'><strong>nuncius,</strong></span> <span class='ocrx_word' id='word_1_153' title='bbox 1314 1093 1586 1140; x_wconf 75' lang='lat' dir='ltr'><strong>dimittuntur</strong></span> <span class='ocrx_word' id='word_1_154' title='bbox 1611 1096 1873 1141; x_wconf 80' lang='lat' dir='ltr'><strong>centumviri.</strong></span> <span class='ocrx_word' id='word_1_155' title='bbox 1940 1094 2034 1140; x_wconf 85' lang='lat' dir='ltr'><strong>Hoc</strong></span> <span class='ocrx_word' id='word_1_156' title='bbox 2048 1093 2129 1155; x_wconf 85' lang='lat' dir='ltr'><strong>fa-</strong></span> 
     </span>
     <span class='ocr_line' id='line_1_16' title="bbox 18 1155 2129 1218; baseline -0.002 -7"><span class='ocrx_word' id='word_1_157' title='bbox 18 1170 78 1211; x_wconf 69' lang='lat' dir='ltr'><strong>tto</strong></span> <span class='ocrx_word' id='word_1_158' title='bbox 105 1173 320 1210; x_wconf 84' lang='lat' dir='ltr'><strong>commotus</strong></span> <span class='ocrx_word' id='word_1_159' title='bbox 341 1161 550 1216; x_wconf 79' lang='lat' dir='ltr'><strong>Praetor,</strong></span> <span class='ocrx_word' id='word_1_160' title='bbox 585 1157 656 1218; x_wconf 86' lang='lat' dir='ltr'><strong>qui</strong></span> <span class='ocrx_word' id='word_1_161' title='bbox 678 1155 1045 1201; x_wconf 82' lang='lat' dir='ltr'><strong>centumviralibus</strong></span> <span class='ocrx_word' id='word_1_162' title='bbox 1069 1157 1303 1218; x_wconf 83' lang='lat' dir='ltr'><strong>praefidet,</strong></span> <span class='ocrx_word' id='word_1_163' title='bbox 1339 1156 1433 1205; x_wconf 74' lang='grc' dir='ltr'><strong>δῖε.</strong></span> <span class='ocrx_word' id='word_1_164' title='bbox 1469 1157 1602 1205; x_wconf 74' lang='lat' dir='ltr'><strong>idem</strong></span> <span class='ocrx_word' id='word_1_165' title='bbox 1626 1158 1694 1206; x_wconf 91' lang='lat' dir='ltr'><strong>X.</strong></span> <span class='ocrx_word' id='word_1_166' title='bbox 1719 1159 1927 1208; x_wconf 90' lang='lat' dir='ltr'><strong>virorum</strong></span> <span class='ocrx_word' id='word_1_167' title='bbox 1963 1174 2129 1207; x_wconf 80' lang='lat' dir='ltr'><strong>munus</strong></span> 
     </span>
     <span class='ocr_line' id='line_1_17' title="bbox 17 1218 1222 1289; baseline -0.009 -11"><span class='ocrx_word' id='word_1_168' title='bbox 17 1228 189 1278; x_wconf 85' lang='lat' dir='ltr'><strong>indicat</strong></span> <span class='ocrx_word' id='word_1_169' title='bbox 215 1227 428 1289; x_wconf 89' lang='lat' dir='ltr'><strong>Scriptor</strong></span> <span class='ocrx_word' id='word_1_170' title='bbox 451 1224 648 1270; x_wconf 88' lang='lat' dir='ltr'><strong>incertus</strong></span> <span class='ocrx_word' id='word_1_171' title='bbox 672 1218 890 1282; x_wconf 87' lang='lat' dir='ltr'><strong>†Paneg.</strong></span> <span class='ocrx_word' id='word_1_172' title='bbox 915 1219 970 1265; x_wconf 90' lang='lat' dir='ltr'><strong>ad</strong></span> <span class='ocrx_word' id='word_1_173' title='bbox 990 1218 1222 1267; x_wconf 86' lang='lat' dir='ltr'><strong>Pisonem.</strong></span> 
     </span>
    </p>
   </div>
   <div class='ocr_carea' id='block_1_4' title="bbox 144 1298 1638 1433">
    <p class='ocr_par' dir='ltr' id='par_1_5' title="bbox 144 1298 1638 1433">
     <span class='ocr_line' id='line_1_18' title="bbox 146 1298 1638 1366; baseline -0.006 -12"><span class='ocrx_word' id='word_1_174' title='bbox 146 1307 228 1355; x_wconf 87' lang='lat' dir='ltr'><strong>Seu</strong></span> <span class='ocrx_word' id='word_1_175' title='bbox 249 1304 423 1366; x_wconf 80' lang='lat' dir='ltr'><strong>trepidos</strong></span> <span class='ocrx_word' id='word_1_176' title='bbox 441 1302 614 1362; x_wconf 80' lang='lat' dir='ltr'><strong>adjura</strong></span> <span class='ocrx_word' id='word_1_177' title='bbox 637 1298 797 1345; x_wconf 88' lang='lat' dir='ltr'><strong>decem</strong></span> <span class='ocrx_word' id='word_1_178' title='bbox 823 1301 928 1346; x_wconf 85' lang='lat' dir='ltr'><strong>citat</strong></span> <span class='ocrx_word' id='word_1_179' title='bbox 948 1299 1069 1360; x_wconf 83' lang='lat' dir='ltr'><strong>hasta</strong></span> <span class='ocrx_word' id='word_1_180' title='bbox 1091 1300 1302 1347; x_wconf 90' lang='lat' dir='ltr'><strong>virorum</strong></span> <span class='ocrx_word' id='word_1_181' title='bbox 1317 1335 1334 1361; x_wconf 87' lang='lat'><strong>,</strong></span> <span class='ocrx_word' id='word_1_182' title='bbox 1615 1308 1638 1331; x_wconf 67' lang='lat'><strong>⁸·</strong></span> 
     </span>
     <span class='ocr_line' id='line_1_19' title="bbox 144 1363 1123 1433; baseline -0.008 -15"><span class='ocrx_word' id='word_1_183' title='bbox 144 1372 209 1418; x_wconf 90' lang='lat' dir='ltr'><strong>Et</strong></span> <span class='ocrx_word' id='word_1_184' title='bbox 215 1371 395 1433; x_wconf 85' lang='lat' dir='ltr'><strong>firmare</strong></span> <span class='ocrx_word' id='word_1_185' title='bbox 405 1368 530 1430; x_wconf 84' lang='lat' dir='ltr'><strong>jubet</strong></span> <span class='ocrx_word' id='word_1_186' title='bbox 554 1378 752 1413; x_wconf 91' lang='lat' dir='ltr'><strong>centeno</strong></span> <span class='ocrx_word' id='word_1_187' title='bbox 772 1363 930 1429; x_wconf 91' lang='lat' dir='ltr'><strong>judice</strong></span> <span class='ocrx_word' id='word_1_188' title='bbox 951 1365 1123 1426; x_wconf 77' lang='lat' dir='ltr'><strong>cauſjas.</strong></span> 
     </span>
    </p>
   </div>
   <div class='ocr_carea' id='block_1_5' title="bbox 18 1442 2144 2542">
    <p class='ocr_par' dir='ltr' id='par_1_6' title="bbox 18 1442 2136 1640">
     <span class='ocr_line' id='line_1_20' title="bbox 18 1442 2134 1511; baseline -0.002 -14"><span class='ocrx_word' id='word_1_189' title='bbox 18 1446 304 1498; x_wconf 88' lang='lat' dir='ltr'><strong>Eorumdem</strong></span> <span class='ocrx_word' id='word_1_190' title='bbox 332 1450 427 1511; x_wconf 85' lang='lat' dir='ltr'><strong>jura</strong></span> <span class='ocrx_word' id='word_1_191' title='bbox 450 1443 613 1492; x_wconf 89' lang='lat' dir='ltr'><strong>Caesar</strong></span> <span class='ocrx_word' id='word_1_192' title='bbox 637 1442 872 1508; x_wconf 87' lang='lat' dir='ltr'><strong>Augustus</strong></span> <span class='ocrx_word' id='word_1_193' title='bbox 895 1443 1050 1502; x_wconf 85' lang='lat' dir='ltr'><strong>auxit,</strong></span> <span class='ocrx_word' id='word_1_194' title='bbox 1084 1445 1259 1508; x_wconf 83' lang='lat' dir='ltr'><strong>quippe</strong></span> <span class='ocrx_word' id='word_1_195' title='bbox 1284 1444 1394 1509; x_wconf 91' lang='lat' dir='ltr'><strong>qui,</strong></span> <span class='ocrx_word' id='word_1_196' title='bbox 1429 1453 1639 1492; x_wconf 85' lang='lat' dir='ltr'><strong>narrante</strong></span> <span class='ocrx_word' id='word_1_197' title='bbox 1665 1444 1894 1493; x_wconf 88' lang='lat' dir='ltr'><strong>Suetonio</strong></span> <span class='ocrx_word' id='word_1_198' title='bbox 1921 1444 2012 1508; x_wconf 87' lang='lat' dir='ltr'><strong>(b),</strong></span> <span class='ocrx_word' id='word_1_199' title='bbox 2054 1461 2134 1492; x_wconf 75' lang='lat' dir='ltr'><strong>au-</strong></span> 
     </span>
     <span class='ocr_line' id='line_1_21' title="bbox 18 1508 2136 1575; baseline -0.001 -14"><span class='ocrx_word' id='word_1_200' title='bbox 18 1513 123 1565; x_wconf 67' lang='lat' dir='ltr'><strong>&amp;or</strong></span> <span class='ocrx_word' id='word_1_201' title='bbox 155 1512 243 1560; x_wconf 88' lang='lat' dir='ltr'><strong>fuit</strong></span> <span class='ocrx_word' id='word_1_202' title='bbox 265 1547 281 1572; x_wconf 89' lang='lat'><strong>,</strong></span> <span class='ocrx_word' id='word_1_203' title='bbox 324 1516 359 1557; x_wconf 90' lang='lat' dir='ltr'>C</span> <span class='ocrx_word' id='word_1_204' title='bbox 360 1511 677 1558; x_wconf 85' lang='lat' dir='ltr'><strong>entumviralem</strong></span> <span class='ocrx_word' id='word_1_205' title='bbox 710 1508 900 1571; x_wconf 86' lang='lat' dir='ltr'><strong>hastam,</strong></span> <span class='ocrx_word' id='word_1_206' title='bbox 933 1523 1058 1571; x_wconf 82' lang='lat' dir='ltr'><strong>quam</strong></span> <span class='ocrx_word' id='word_1_207' title='bbox 1085 1510 1328 1575; x_wconf 57' lang='lat' dir='ltr'><strong>,Quaestum</strong></span> <span class='ocrx_word' id='word_1_208' title='bbox 1350 1510 1496 1573; x_wconf 69' lang='lat' dir='ltr'><strong>funtti</strong></span> <span class='ocrx_word' id='word_1_209' title='bbox 1526 1510 1814 1573; x_wconf 84' lang='lat' dir='ltr'><strong>consueverant</strong></span> <span class='ocrx_word' id='word_1_210' title='bbox 1844 1527 1975 1575; x_wconf 86' lang='lat' dir='ltr'><strong>cogere</strong></span> <span class='ocrx_word' id='word_1_211' title='bbox 1989 1544 2005 1571; x_wconf 89' lang='lat'><strong>,</strong></span> <span class='ocrx_word' id='word_1_212' title='bbox 2038 1512 2136 1559; x_wconf 87' lang='lat' dir='ltr'><strong>De·</strong></span> 
     </span>
     <span class='ocr_line' id='line_1_22' title="bbox 20 1581 408 1640; baseline -0.01 -14"><span class='ocrx_word' id='word_1_213' title='bbox 20 1581 195 1627; x_wconf 84' lang='lat' dir='ltr'><strong>cemviri</strong></span> <span class='ocrx_word' id='word_1_214' title='bbox 215 1587 408 1640; x_wconf 85' lang='lat' dir='ltr'><strong>cogerent.</strong></span> 
     </span>
    </p>

    <p class='ocr_par' dir='ltr' id='par_1_7' title="bbox 20 1637 2143 2282">
     <span class='ocr_line' id='line_1_23' title="bbox 88 1637 2137 1702; baseline 0 -13"><span class='ocrx_word' id='word_1_215' title='bbox 88 1641 165 1689; x_wconf 87' lang='lat' dir='ltr'><strong>Cl.</strong></span> <span class='ocrx_word' id='word_1_216' title='bbox 199 1657 309 1688; x_wconf 88' lang='lat' dir='ltr'><strong>vero</strong></span> <span class='ocrx_word' id='word_1_217' title='bbox 343 1640 569 1688; x_wconf 87' lang='lat' dir='ltr'><strong>Graevius</strong></span> <span class='ocrx_word' id='word_1_218' title='bbox 600 1638 662 1697; x_wconf 81' lang='lat' dir='ltr'><strong>(c)</strong></span> <span class='ocrx_word' id='word_1_219' title='bbox 696 1637 950 1699; x_wconf 85' lang='lat' dir='ltr'><strong>affirmans,</strong></span> <span class='ocrx_word' id='word_1_220' title='bbox 984 1639 1283 1700; x_wconf 79' lang='lat' dir='ltr'><strong>Decemviros,</strong></span> <span class='ocrx_word' id='word_1_221' title='bbox 1319 1655 1413 1688; x_wconf 90' lang='lat' dir='ltr'><strong>non</strong></span> <span class='ocrx_word' id='word_1_222' title='bbox 1445 1640 1568 1688; x_wconf 90' lang='lat' dir='ltr'><strong>secus</strong></span> <span class='ocrx_word' id='word_1_223' title='bbox 1601 1657 1653 1688; x_wconf 85' lang='lat' dir='ltr'><strong>ac</strong></span> <span class='ocrx_word' id='word_1_224' title='bbox 1689 1656 1849 1689; x_wconf 86' lang='lat' dir='ltr'><strong>omnes</strong></span> <span class='ocrx_word' id='word_1_225' title='bbox 1868 1639 2056 1702; x_wconf 88' lang='lat' dir='ltr'><strong>Judices</strong></span> <span class='ocrx_word' id='word_1_226' title='bbox 2085 1639 2137 1689; x_wconf 69' lang='lat' dir='ltr'><strong>&amp;c</strong></span> 
     </span>
     <span class='ocr_line' id='line_1_24' title="bbox 21 1704 2138 1770; baseline -0 -16"><span class='ocrx_word' id='word_1_227' title='bbox 21 1705 383 1766; x_wconf 88' lang='lat' dir='ltr'><strong>Centumviros,</strong></span> <span class='ocrx_word' id='word_1_228' title='bbox 406 1706 537 1768; x_wconf 82' lang='lat' dir='ltr'><strong>fuiffe</strong></span> <span class='ocrx_word' id='word_1_229' title='bbox 562 1707 786 1765; x_wconf 82' lang='lat' dir='ltr'><strong>privatos,</strong></span> <span class='ocrx_word' id='word_1_230' title='bbox 821 1705 893 1751; x_wconf 79' lang='lat' dir='ltr'><strong>hoc</strong></span> <span class='ocrx_word' id='word_1_231' title='bbox 917 1704 999 1766; x_wconf 86' lang='lat' dir='ltr'><strong>est,</strong></span> <span class='ocrx_word' id='word_1_232' title='bbox 1032 1706 1161 1752; x_wconf 88' lang='lat' dir='ltr'><strong>nullos</strong></span> <span class='ocrx_word' id='word_1_233' title='bbox 1184 1705 1497 1769; x_wconf 84' lang='lat' dir='ltr'><strong>Magistratus,</strong></span> <span class='ocrx_word' id='word_1_234' title='bbox 1520 1710 1610 1769; x_wconf 86' lang='lat' dir='ltr'><strong>fine</strong></span> <span class='ocrx_word' id='word_1_235' title='bbox 1642 1710 1809 1769; x_wconf 82' lang='lat' dir='ltr'><strong>imperio</strong></span> <span class='ocrx_word' id='word_1_236' title='bbox 1840 1707 1895 1760; x_wconf 72' lang='lat'><strong>&amp;³</strong></span> <span class='ocrx_word' id='word_1_237' title='bbox 1909 1707 2138 1770; x_wconf 79' lang='lat' dir='ltr'><strong>potestate,</strong></span> 
     </span>
     <span class='ocr_line' id='line_1_25' title="bbox 20 1769 2139 1834; baseline -0 -14"><span class='ocrx_word' id='word_1_238' title='bbox 20 1773 277 1820; x_wconf 79' lang='lat' dir='ltr'><strong>revincitur</strong></span> <span class='ocrx_word' id='word_1_239' title='bbox 297 1771 371 1819; x_wconf 89' lang='lat' dir='ltr'><strong>vel</strong></span> <span class='ocrx_word' id='word_1_240' title='bbox 392 1786 449 1818; x_wconf 82' lang='lat' dir='ltr'><strong>ex</strong></span> <span class='ocrx_word' id='word_1_241' title='bbox 473 1769 572 1816; x_wconf 92' lang='lat' dir='ltr'><strong>solo</strong></span> <span class='ocrx_word' id='word_1_242' title='bbox 585 1771 834 1833; x_wconf 88' lang='lat' dir='ltr'><strong>Pomponii</strong></span> <span class='ocrx_word' id='word_1_243' title='bbox 861 1771 967 1817; x_wconf 93' lang='lat' dir='ltr'><strong>loco</strong></span> <span class='ocrx_word' id='word_1_244' title='bbox 986 1771 1078 1834; x_wconf 86' lang='lat' dir='ltr'><strong>jam</strong></span> <span class='ocrx_word' id='word_1_245' title='bbox 1103 1771 1317 1833; x_wconf 85' lang='lat' dir='ltr'><strong>prolatO,</strong></span> <span class='ocrx_word' id='word_1_246' title='bbox 1350 1773 1430 1819; x_wconf 91' lang='lat' dir='ltr'><strong>ubi</strong></span> <span class='ocrx_word' id='word_1_247' title='bbox 1453 1771 1614 1819; x_wconf 90' lang='lat' dir='ltr'><strong>diserte</strong></span> <span class='ocrx_word' id='word_1_248' title='bbox 1635 1771 1699 1819; x_wconf 91' lang='lat' dir='ltr'><strong>X.</strong></span> <span class='ocrx_word' id='word_1_249' title='bbox 1728 1773 1918 1821; x_wconf 87' lang='lat' dir='ltr'><strong>Viratus</strong></span> <span class='ocrx_word' id='word_1_250' title='bbox 1941 1785 2139 1820; x_wconf 90' lang='lat' dir='ltr'><strong>vocatur</strong></span> 
     </span>
     <span class='ocr_line' id='line_1_26' title="bbox 26 1836 2140 1900; baseline -0.001 -14"><span class='ocrx_word' id='word_1_251' title='bbox 26 1837 320 1900; x_wconf 85' lang='lat' dir='ltr'><strong>Magistratus.</strong></span> <span class='ocrx_word' id='word_1_252' title='bbox 388 1837 533 1882; x_wconf 91' lang='lat' dir='ltr'><strong>Hunc</strong></span> <span class='ocrx_word' id='word_1_253' title='bbox 571 1851 850 1899; x_wconf 89' lang='lat' dir='ltr'><strong>omnemque</strong></span> <span class='ocrx_word' id='word_1_254' title='bbox 876 1836 1269 1898; x_wconf 88' lang='lat' dir='ltr'><strong>Vigintiviratum</strong></span> <span class='ocrx_word' id='word_1_255' title='bbox 1304 1838 1353 1883; x_wconf 92' lang='lat' dir='ltr'><strong>in</strong></span> <span class='ocrx_word' id='word_1_256' title='bbox 1389 1838 1579 1885; x_wconf 90' lang='lat' dir='ltr'><strong>Senatus</strong></span> <span class='ocrx_word' id='word_1_257' title='bbox 1612 1837 1806 1884; x_wconf 86' lang='lat' dir='ltr'><strong>arbitrio</strong></span> <span class='ocrx_word' id='word_1_258' title='bbox 1836 1836 1916 1884; x_wconf 92' lang='lat' dir='ltr'><strong>sub</strong></span> <span class='ocrx_word' id='word_1_259' title='bbox 1940 1837 2140 1885; x_wconf 90' lang='lat' dir='ltr'><strong>Tiberio</strong></span> 
     </span>
     <span class='ocr_line' id='line_1_27' title="bbox 27 1898 2138 1966; baseline 0 -17"><span class='ocrx_word' id='word_1_260' title='bbox 27 1899 191 1958; x_wconf 77' lang='lat' dir='ltr'><strong>fuisse,</strong></span> <span class='ocrx_word' id='word_1_261' title='bbox 222 1901 362 1948; x_wconf 89' lang='lat' dir='ltr'><strong>docet</strong></span> <span class='ocrx_word' id='word_1_262' title='bbox 383 1901 608 1959; x_wconf 86' lang='lat' dir='ltr'><strong>Tacitus,</strong></span> <span class='ocrx_word' id='word_1_263' title='bbox 643 1899 729 1960; x_wconf 77' lang='lat' dir='ltr'><strong>(d)</strong></span> <span class='ocrx_word' id='word_1_264' title='bbox 765 1916 872 1946; x_wconf 89' lang='lat' dir='ltr'><strong>cum</strong></span> <span class='ocrx_word' id='word_1_265' title='bbox 908 1900 1092 1960; x_wconf 85' lang='lat' dir='ltr'><strong>scribit,</strong></span> <span class='ocrx_word' id='word_1_266' title='bbox 1127 1916 1232 1947; x_wconf 90' lang='lat' dir='ltr'><strong>eum</strong></span> <span class='ocrx_word' id='word_1_267' title='bbox 1267 1898 1293 1948; x_wconf 71' lang='lat' dir='ltr'><strong>a</strong></span> <span class='ocrx_word' id='word_1_268' title='bbox 1324 1903 1535 1950; x_wconf 87' lang='lat' dir='ltr'><strong>Patribus</strong></span> <span class='ocrx_word' id='word_1_269' title='bbox 1567 1902 1884 1966; x_wconf 81' lang='lat' dir='ltr'><strong>postulaviffe‚</strong></span> <span class='ocrx_word' id='word_1_270' title='bbox 1918 1913 1971 1948; x_wconf 92' lang='lat' dir='ltr'><strong>ut</strong></span> <span class='ocrx_word' id='word_1_271' title='bbox 1990 1903 2138 1949; x_wconf 45' lang='lat' dir='ltr'><strong>*Nero</strong></span> 
     </span>
     <span class='ocr_line' id='line_1_28' title="bbox 29 1964 2143 2028; baseline 0 -16"><span class='ocrx_word' id='word_1_272' title='bbox 29 1964 301 2013; x_wconf 81' lang='lat' dir='ltr'><strong>Germanici</strong></span> <span class='ocrx_word' id='word_1_273' title='bbox 334 1964 455 2012; x_wconf 86' lang='lat' dir='ltr'><strong>filius</strong></span> <span class='ocrx_word' id='word_1_274' title='bbox 487 1980 650 2013; x_wconf 70' lang='lat' dir='ltr'><strong>munere</strong></span> <span class='ocrx_word' id='word_1_275' title='bbox 683 1966 903 2023; x_wconf 76' lang='lat' dir='ltr'><strong>capeſjendi</strong></span> <span class='ocrx_word' id='word_1_276' title='bbox 925 1966 1258 2026; x_wconf 81' lang='lat' dir='ltr'><strong>Viginti-viratus</strong></span> <span class='ocrx_word' id='word_1_277' title='bbox 1269 1965 1520 2028; x_wconf 79' lang='lat' dir='ltr'><strong>solveretur.</strong></span> <span class='ocrx_word' id='word_1_278' title='bbox 1588 1967 1780 2014; x_wconf 88' lang='lat' dir='ltr'><strong>Scilicet</strong></span> <span class='ocrx_word' id='word_1_279' title='bbox 1813 1966 2032 2028; x_wconf 88' lang='lat' dir='ltr'><strong>Princeps</strong></span> <span class='ocrx_word' id='word_1_280' title='bbox 2065 1965 2143 2012; x_wconf 87' lang='lat' dir='ltr'><strong>ille</strong></span> 
     </span>
     <span class='ocr_line' id='line_1_29' title="bbox 28 2024 2139 2092; baseline 0.002 -18"><span class='ocrx_word' id='word_1_281' title='bbox 28 2028 182 2076; x_wconf 85' lang='lat' dir='ltr'><strong>statim</strong></span> <span class='ocrx_word' id='word_1_282' title='bbox 208 2027 312 2090; x_wconf 88' lang='lat' dir='ltr'><strong>post</strong></span> <span class='ocrx_word' id='word_1_283' title='bbox 341 2026 536 2090; x_wconf 78' lang='lat' dir='ltr'><strong>Augusti</strong></span> <span class='ocrx_word' id='word_1_284' title='bbox 557 2025 739 2072; x_wconf 91' lang='lat' dir='ltr'><strong>obitum</strong></span> <span class='ocrx_word' id='word_1_285' title='bbox 758 2028 833 2089; x_wconf 91' lang='lat' dir='ltr'><strong>jus</strong></span> <span class='ocrx_word' id='word_1_286' title='bbox 854 2024 1055 2091; x_wconf 88' lang='lat' dir='ltr'><strong>eligendi</strong></span> <span class='ocrx_word' id='word_1_287' title='bbox 1081 2030 1383 2092; x_wconf 84' lang='lat' dir='ltr'><strong>Magistratus</strong></span> <span class='ocrx_word' id='word_1_288' title='bbox 1407 2047 1432 2077; x_wconf 88' lang='lat' dir='ltr'><strong>a</strong></span> <span class='ocrx_word' id='word_1_289' title='bbox 1454 2029 1640 2092; x_wconf 90' lang='lat' dir='ltr'><strong>Populo</strong></span> <span class='ocrx_word' id='word_1_290' title='bbox 1661 2030 1717 2077; x_wconf 90' lang='lat' dir='ltr'><strong>ad</strong></span> <span class='ocrx_word' id='word_1_291' title='bbox 1741 2031 1960 2078; x_wconf 84' lang='lat' dir='ltr'><strong>Senatum</strong></span> <span class='ocrx_word' id='word_1_292' title='bbox 1987 2046 2139 2078; x_wconf 87' lang='lat' dir='ltr'><strong>remo-</strong></span> 
     </span>
     <span class='ocr_line' id='line_1_30' title="bbox 29 2088 2142 2155; baseline 0.001 -16"><span class='ocrx_word' id='word_1_293' title='bbox 29 2098 183 2149; x_wconf 83' lang='lat' dir='ltr'><strong>verat,</strong></span> <span class='ocrx_word' id='word_1_294' title='bbox 219 2105 274 2138; x_wconf 90' lang='lat' dir='ltr'><strong>ut</strong></span> <span class='ocrx_word' id='word_1_295' title='bbox 296 2103 400 2138; x_wconf 90' lang='lat' dir='ltr'><strong>ante</strong></span> <span class='ocrx_word' id='word_1_296' title='bbox 427 2092 627 2138; x_wconf 87' lang='lat' dir='ltr'><strong>Tacitus</strong></span> <span class='ocrx_word' id='word_1_297' title='bbox 650 2088 712 2151; x_wconf 81' lang='lat' dir='ltr'><strong>(e)</strong></span> <span class='ocrx_word' id='word_1_298' title='bbox 737 2094 961 2138; x_wconf 84' lang='lat' dir='ltr'><strong>narravit:</strong></span> <span class='ocrx_word' id='word_1_299' title='bbox 999 2090 1103 2139; x_wconf 80' lang='lat' dir='ltr'><strong>Tum</strong></span> <span class='ocrx_word' id='word_1_300' title='bbox 1120 2097 1305 2154; x_wconf 82' lang='lat' dir='ltr'><strong>primum</strong></span> <span class='ocrx_word' id='word_1_301' title='bbox 1337 2097 1357 2141; x_wconf 79' lang='grc' dir='ltr'><em>ὲ</em></span> <span class='ocrx_word' id='word_1_302' title='bbox 1377 2109 1514 2155; x_wconf 85' lang='lat' dir='ltr'><strong>campo</strong></span> <span class='ocrx_word' id='word_1_303' title='bbox 1537 2095 1718 2141; x_wconf 82' lang='lat' dir='ltr'><strong>Comitia</strong></span> <span class='ocrx_word' id='word_1_304' title='bbox 1741 2095 1803 2140; x_wconf 84' lang='lat' dir='ltr'><strong>ad</strong></span> <span class='ocrx_word' id='word_1_305' title='bbox 1818 2095 1977 2141; x_wconf 82' lang='lat' dir='ltr'><strong>Patres</strong></span> <span class='ocrx_word' id='word_1_306' title='bbox 1999 2105 2142 2141; x_wconf 81' lang='lat' dir='ltr'><strong>trans-</strong></span> 
     </span>
     <span class='ocr_line' id='line_1_31' title="bbox 29 2155 2142 2221; baseline 0.001 -17"><span class='ocrx_word' id='word_1_307' title='bbox 29 2157 121 2204; x_wconf 87' lang='lat' dir='ltr'><strong>lata</strong></span> <span class='ocrx_word' id='word_1_308' title='bbox 141 2155 260 2219; x_wconf 81' lang='lat' dir='ltr'><strong>sunt.</strong></span> <span class='ocrx_word' id='word_1_309' title='bbox 327 2158 452 2202; x_wconf 91' lang='lat' dir='ltr'><strong>Nam</strong></span> <span class='ocrx_word' id='word_1_310' title='bbox 475 2157 534 2201; x_wconf 85' lang='lat' dir='ltr'><strong>ad</strong></span> <span class='ocrx_word' id='word_1_311' title='bbox 551 2170 642 2200; x_wconf 89' lang='lat' dir='ltr'><strong>eam</strong></span> <span class='ocrx_word' id='word_1_312' title='bbox 663 2156 799 2214; x_wconf 81' lang='lat' dir='ltr'><strong>diem,</strong></span> <span class='ocrx_word' id='word_1_313' title='bbox 832 2161 906 2218; x_wconf 80' lang='lat' dir='ltr'><strong>etfi</strong></span> <span class='ocrx_word' id='word_1_314' title='bbox 919 2158 1126 2218; x_wconf 81' lang='lat' dir='ltr'><strong>potiffima</strong></span> <span class='ocrx_word' id='word_1_315' title='bbox 1144 2160 1321 2206; x_wconf 83' lang='lat' dir='ltr'><strong>arbitrio</strong></span> <span class='ocrx_word' id='word_1_316' title='bbox 1343 2161 1578 2219; x_wconf 69' lang='lat' dir='ltr'><strong>Prinez&#39;ffl&#39;s,</strong></span> <span class='ocrx_word' id='word_1_317' title='bbox 1615 2158 1817 2220; x_wconf 79' lang='lat' dir='ltr'><strong>quaedam</strong></span> <span class='ocrx_word' id='word_1_318' title='bbox 1839 2168 1979 2206; x_wconf 88' lang='lat' dir='ltr'><strong>tamen</strong></span> <span class='ocrx_word' id='word_1_319' title='bbox 1991 2160 2142 2221; x_wconf 77' lang='lat' dir='ltr'><strong>studiis</strong></span> 
     </span>
     <span class='ocr_line' id='line_1_32' title="bbox 31 2218 964 2282; baseline -0.011 -13"><span class='ocrx_word' id='word_1_320' title='bbox 31 2218 229 2269; x_wconf 74' lang='lat' dir='ltr'><strong>Tribuum</strong></span> <span class='ocrx_word' id='word_1_321' title='bbox 241 2221 432 2282; x_wconf 86' lang='lat' dir='ltr'><strong>fiebant,</strong></span> <span class='ocrx_word' id='word_1_322' title='bbox 467 2218 558 2265; x_wconf 87' lang='lat' dir='ltr'><strong>&amp;c.</strong></span> <span class='ocrx_word' id='word_1_323' title='bbox 957 2252 964 2255; x_wconf 85' lang='lat'><strong>.</strong></span> 
     </span>
    </p>

    <p class='ocr_par' dir='ltr' id='par_1_8' title="bbox 31 2283 2144 2542">
     <span class='ocr_line' id='line_1_33' title="bbox 59 2283 2142 2350; baseline 0.002 -18"><span class='ocrx_word' id='word_1_324' title='bbox 59 2288 62 2289; x_wconf 46' lang='lat'><em>⁷</em></span> <span class='ocrx_word' id='word_1_325' title='bbox 98 2284 240 2333; x_wconf 93' lang='lat' dir='ltr'><strong>Aliud</strong></span> <span class='ocrx_word' id='word_1_326' title='bbox 272 2283 466 2347; x_wconf 88' lang='lat' dir='ltr'><strong>superest</strong></span> <span class='ocrx_word' id='word_1_327' title='bbox 493 2284 819 2330; x_wconf 80' lang='lat' dir='ltr'><strong>Decemviratus</strong></span> <span class='ocrx_word' id='word_1_328' title='bbox 845 2283 1174 2348; x_wconf 89' lang='lat' dir='ltr'><strong>privilegium,</strong></span> <span class='ocrx_word' id='word_1_329' title='bbox 1208 2286 1333 2350; x_wconf 90' lang='lat' dir='ltr'><strong>quod</strong></span> <span class='ocrx_word' id='word_1_330' title='bbox 1369 2287 1449 2335; x_wconf 84' lang='lat' dir='ltr'><strong>hic</strong></span> <span class='ocrx_word' id='word_1_331' title='bbox 1477 2285 1618 2335; x_wconf 82' lang='lat' dir='ltr'><strong>fufius</strong></span> <span class='ocrx_word' id='word_1_332' title='bbox 1649 2288 1949 2337; x_wconf 89' lang='lat' dir='ltr'><strong>enarrandum</strong></span> <span class='ocrx_word' id='word_1_333' title='bbox 1986 2289 2142 2349; x_wconf 84' lang='lat' dir='ltr'><strong>venit,</strong></span> 
     </span>
     <span class='ocr_line' id='line_1_34' title="bbox 36 2347 2144 2418; baseline 0.001 -20"><span class='ocrx_word' id='word_1_334' title='bbox 36 2365 144 2398; x_wconf 90' lang='lat' dir='ltr'><strong>cum</strong></span> <span class='ocrx_word' id='word_1_335' title='bbox 166 2350 222 2397; x_wconf 90' lang='lat' dir='ltr'><strong>ab</strong></span> <span class='ocrx_word' id='word_1_336' title='bbox 246 2349 424 2398; x_wconf 90' lang='lat' dir='ltr'><strong>Ovidio</strong></span> <span class='ocrx_word' id='word_1_337' title='bbox 451 2347 507 2395; x_wconf 87' lang='lat' dir='ltr'><strong>fit</strong></span> <span class='ocrx_word' id='word_1_338' title='bbox 541 2348 825 2407; x_wconf 90' lang='lat' dir='ltr'><strong>indicatum,</strong></span> <span class='ocrx_word' id='word_1_339' title='bbox 862 2365 914 2395; x_wconf 91' lang='lat' dir='ltr'><strong>ac</strong></span> <span class='ocrx_word' id='word_1_340' title='bbox 949 2349 1010 2395; x_wconf 84' lang='lat' dir='ltr'><strong>ad·</strong></span> <span class='ocrx_word' id='word_1_341' title='bbox 1035 2351 1131 2413; x_wconf 91' lang='lat' dir='ltr'><strong>ejus</strong></span> <span class='ocrx_word' id='word_1_342' title='bbox 1161 2350 1390 2398; x_wconf 85' lang='lat' dir='ltr'><strong>honorem</strong></span> <span class='ocrx_word' id='word_1_343' title='bbox 1423 2352 1623 2418; x_wconf 68' lang='lat' dir='ltr'><strong>spectet,</strong></span> <span class='ocrx_word' id='word_1_344' title='bbox 1657 2369 1743 2401; x_wconf 90' lang='lat' dir='ltr'><strong>nec</strong></span> <span class='ocrx_word' id='word_1_345' title='bbox 1774 2353 1874 2402; x_wconf 88' lang='lat' dir='ltr'><strong>satis</strong></span> <span class='ocrx_word' id='word_1_346' title='bbox 1907 2354 2144 2418; x_wconf 87' lang='lat' dir='ltr'><strong>hucusque</strong></span> 
     </span>
     <span class='ocr_line' id='line_1_35' title="bbox 37 2409 2141 2526; baseline 0.003 -65"><span class='ocrx_word' id='word_1_347' title='bbox 37 2409 183 2463; x_wconf 58' lang='lat' dir='ltr'><strong>doetis</strong></span> <span class='ocrx_word' id='word_1_348' title='bbox 207 2414 541 2526; x_wconf 70' lang='lat' dir='ltr'><strong>Interpretigbus</strong></span> <span class='ocrx_word' id='word_1_349' title='bbox 564 2413 853 2461; x_wconf 58' lang='lat' dir='ltr'><strong>intellectum</strong></span> <span class='ocrx_word' id='word_1_350' title='bbox 877 2412 1032 2461; x_wconf 89' lang='lat' dir='ltr'><strong>fuerit.</strong></span> <span class='ocrx_word' id='word_1_351' title='bbox 1066 2415 1141 2462; x_wconf 89' lang='lat' dir='ltr'><strong>En</strong></span> <span class='ocrx_word' id='word_1_352' title='bbox 1165 2418 1367 2479; x_wconf 88' lang='lat' dir='ltr'><strong>primum</strong></span> <span class='ocrx_word' id='word_1_353' title='bbox 1392 2417 1484 2482; x_wconf 85' lang='lat' dir='ltr'><strong>ipsa</strong></span> <span class='ocrx_word' id='word_1_354' title='bbox 1507 2419 1682 2467; x_wconf 76' lang='lat' dir='ltr'><strong>Poetae</strong></span> <span class='ocrx_word' id='word_1_355' title='bbox 1706 2419 1873 2480; x_wconf 86' lang='lat' dir='ltr'><strong>verba,</strong></span> <span class='ocrx_word' id='word_1_356' title='bbox 1895 2420 1934 2468; x_wconf 92' lang='lat' dir='ltr'>F</span> <span class='ocrx_word' id='word_1_357' title='bbox 1937 2419 2015 2468; x_wconf 88' lang='lat' dir='ltr'><strong>ast.</strong></span> <span class='ocrx_word' id='word_1_358' title='bbox 2031 2419 2141 2468; x_wconf 89' lang='lat' dir='ltr'><strong>Lib.</strong></span> 
     </span>
     <span class='ocr_line' id='line_1_36' title="bbox 31 2479 520 2542; baseline -0.004 -15"><span class='ocrx_word' id='word_1_359' title='bbox 31 2479 128 2529; x_wconf 71' lang='lat' dir='ltr'><strong>JV.</strong></span> <span class='ocrx_word' id='word_1_360' title='bbox 150 2494 262 2528; x_wconf 89' lang='lat' dir='ltr'><strong>vers.</strong></span> <span class='ocrx_word' id='word_1_361' title='bbox 291 2491 434 2542; x_wconf 80' lang='lat'>377-3</span> <span class='ocrx_word' id='word_1_362' title='bbox 475 2494 520 2540; x_wconf 91' lang='lat'><strong>4.</strong></span> 
     </span>
    </p>
   </div>
   <div class='ocr_carea' id='block_1_6' title="bbox 164 2555 1371 2815">
    <p class='ocr_par' dir='ltr' id='par_1_9' title="bbox 164 2555 1371 2684">
     <span class='ocr_line' id='line_1_37' title="bbox 164 2555 1371 2622; baseline 0.005 -20"><span class='ocrx_word' id='word_1_363' title='bbox 164 2555 329 2604; x_wconf 88' lang='lat' dir='ltr'><strong>Tertia</strong></span> <span class='ocrx_word' id='word_1_364' title='bbox 346 2558 420 2603; x_wconf 86' lang='lat' dir='ltr'><strong>lux</strong></span> <span class='ocrx_word' id='word_1_365' title='bbox 455 2556 653 2618; x_wconf 84' lang='lat' dir='ltr'><strong>(memini)</strong></span> <span class='ocrx_word' id='word_1_366' title='bbox 689 2555 834 2604; x_wconf 87' lang='lat' dir='ltr'><strong>Ludis</strong></span> <span class='ocrx_word' id='word_1_367' title='bbox 853 2567 971 2603; x_wconf 86' lang='lat' dir='ltr'><strong>erat:</strong></span> <span class='ocrx_word' id='word_1_368' title='bbox 1007 2566 1056 2604; x_wconf 85' lang='lat' dir='ltr'><strong>at</strong></span> <span class='ocrx_word' id='word_1_369' title='bbox 1076 2558 1183 2606; x_wconf 80' lang='lat' dir='ltr'><strong>mihi</strong></span> <span class='ocrx_word' id='word_1_370' title='bbox 1201 2560 1371 2622; x_wconf 82' lang='lat' dir='ltr'><strong>quidam</strong></span> 
     </span>
     <span class='ocr_line' id='line_1_38' title="bbox 233 2620 1062 2684; baseline 0.002 -16"><span class='ocrx_word' id='word_1_371' title='bbox 233 2621 443 2682; x_wconf 65' lang='lat' dir='ltr'><strong>Spectanti</strong></span> <span class='ocrx_word' id='word_1_372' title='bbox 454 2621 619 2684; x_wconf 71' lang='lat' dir='ltr'><strong>finior,</strong></span> <span class='ocrx_word' id='word_1_373' title='bbox 655 2620 934 2684; x_wconf 82' lang='lat' dir='ltr'><strong>contiguusque</strong></span> <span class='ocrx_word' id='word_1_374' title='bbox 952 2624 1062 2681; x_wconf 80' lang='lat' dir='ltr'><strong>loco,</strong></span> 
     </span>
    </p>

    <p class='ocr_par' dir='ltr' id='par_1_10' title="bbox 173 2685 1339 2815">
     <span class='ocr_line' id='line_1_39' title="bbox 173 2685 1339 2750; baseline 0.007 -20"><span class='ocrx_word' id='word_1_375' title='bbox 173 2685 290 2731; x_wconf 88' lang='lat' dir='ltr'><strong>Haec</strong></span> <span class='ocrx_word' id='word_1_376' title='bbox 304 2719 321 2745; x_wconf 87' lang='lat'><strong>,</strong></span> <span class='ocrx_word' id='word_1_377' title='bbox 353 2689 443 2745; x_wconf 79' lang='lat' dir='ltr'><strong>ait,</strong></span> <span class='ocrx_word' id='word_1_378' title='bbox 475 2689 550 2734; x_wconf 82' lang='lat' dir='ltr'><strong>illa</strong></span> <span class='ocrx_word' id='word_1_379' title='bbox 572 2688 657 2734; x_wconf 88' lang='lat' dir='ltr'><strong>dies</strong></span> <span class='ocrx_word' id='word_1_380' title='bbox 671 2720 687 2746; x_wconf 86' lang='lat'><strong>,</strong></span> <span class='ocrx_word' id='word_1_381' title='bbox 719 2688 887 2747; x_wconf 79' lang='lat' dir='ltr'><strong>Libycis</strong></span> <span class='ocrx_word' id='word_1_382' title='bbox 909 2703 991 2750; x_wconf 88' lang='lat' dir='ltr'><strong>qua</strong></span> <span class='ocrx_word' id='word_1_383' title='bbox 1013 2687 1171 2750; x_wconf 73' lang='lat' dir='ltr'><strong>Caesar</strong></span> <span class='ocrx_word' id='word_1_384' title='bbox 1191 2693 1235 2737; x_wconf 88' lang='lat' dir='ltr'><strong>in</strong></span> <span class='ocrx_word' id='word_1_385' title='bbox 1257 2694 1339 2738; x_wconf 79' lang='lat' dir='ltr'><strong>oris</strong></span> 
     </span>
     <span class='ocr_line' id='line_1_40' title="bbox 240 2748 1204 2815; baseline 0.009 -23"><span class='ocrx_word' id='word_1_386' title='bbox 240 2748 412 2808; x_wconf 88' lang='lat' dir='ltr'><strong>Perfida</strong></span> <span class='ocrx_word' id='word_1_387' title='bbox 432 2755 684 2813; x_wconf 80' lang='lat' dir='ltr'><strong>magnanimi</strong></span> <span class='ocrx_word' id='word_1_388' title='bbox 701 2753 886 2800; x_wconf 81' lang='lat' dir='ltr'><strong>contudit</strong></span> <span class='ocrx_word' id='word_1_389' title='bbox 903 2769 1025 2801; x_wconf 85' lang='lat' dir='ltr'><strong>arma</strong></span> <span class='ocrx_word' id='word_1_390' title='bbox 1041 2753 1204 2815; x_wconf 88' lang='lat' dir='ltr'><strong>Jubae.</strong></span> 
     </span>
    </p>
   </div>
   <div class='ocr_carea' id='block_1_7' title="bbox 104 2819 2147 2978">
    <p class='ocr_par' dir='ltr' id='par_1_11' title="bbox 104 2819 2147 2978">
     <span class='ocr_line' id='line_1_41' title="bbox 104 2819 2147 2951; baseline 0.01 -40"><span class='ocrx_word' id='word_1_391' title='bbox 104 2873 167 2951; x_wconf 52' lang='grc' dir='ltr'><strong>ἑῇ)</strong></span> <span class='ocrx_word' id='word_1_392' title='bbox 190 2870 266 2935; x_wconf 60' lang='grc' dir='ltr'><strong>οΒιῗ</strong></span> <span class='ocrx_word' id='word_1_393' title='bbox 294 2870 564 2935; x_wconf 62' lang='lat' dir='ltr'><strong>iurisdictione</strong></span> <span class='ocrx_word' id='word_1_394' title='bbox 585 2877 674 2923; x_wconf 86' lang='lat' dir='ltr'><strong>Lib.</strong></span> <span class='ocrx_word' id='word_1_395' title='bbox 694 2879 725 2921; x_wconf 92' lang='lat'><strong>1.</strong></span> <span class='ocrx_word' id='word_1_396' title='bbox 747 2893 783 2921; x_wconf 90' lang='lat' dir='ltr'><strong>c.</strong></span> <span class='ocrx_word' id='word_1_397' title='bbox 799 2893 861 2923; x_wconf 65' lang='grc' dir='ltr'><strong>ιι.</strong></span> <span class='ocrx_word' id='word_1_398' title='bbox 1363 2819 1414 2867; x_wconf 85' lang='lat' dir='ltr'>G</span> <span class='ocrx_word' id='word_1_399' title='bbox 1450 2833 1477 2866; x_wconf 65' lang='grc' dir='ltr'><strong>Ζ</strong></span> <span class='ocrx_word' id='word_1_400' title='bbox 2035 2819 2147 2870; x_wconf 67' lang='lat' dir='ltr'><strong>Dux</strong></span> 
     </span>
     <span class='ocr_line' id='line_1_42' title="bbox 158 2925 1424 2978; baseline 0.009 -12"><span class='ocrx_word' id='word_1_401' title='bbox 158 2925 225 2967; x_wconf 83' lang='lat' dir='ltr'><strong>Sic</strong></span> <span class='ocrx_word' id='word_1_402' title='bbox 247 2937 286 2966; x_wconf 83' lang='lat' dir='ltr'><strong>in</strong></span> <span class='ocrx_word' id='word_1_403' title='bbox 308 2928 466 2978; x_wconf 73' lang='lat' dir='ltr'><strong>aliquot</strong></span> <span class='ocrx_word' id='word_1_404' title='bbox 487 2926 614 2970; x_wconf 84' lang='lat' dir='ltr'><strong>MSS.</strong></span> <span class='ocrx_word' id='word_1_405' title='bbox 634 2943 732 2973; x_wconf 87' lang='lat' dir='ltr'><strong>cum</strong></span> <span class='ocrx_word' id='word_1_406' title='bbox 750 2934 792 2975; x_wconf 88' lang='lat' dir='ltr'><strong>in</strong></span> <span class='ocrx_word' id='word_1_407' title='bbox 810 2932 897 2976; x_wconf 74' lang='lat' dir='ltr'><strong>aliis</strong></span> <span class='ocrx_word' id='word_1_408' title='bbox 921 2935 1130 2978; x_wconf 87' lang='lat' dir='ltr'><strong>habeatur:</strong></span> <span class='ocrx_word' id='word_1_409' title='bbox 1159 2936 1424 2978; x_wconf 83' lang='lat' dir='ltr'><strong>Centumviri.</strong></span> 
     </span>
    </p>
   </div>
   <div class='ocr_carea' id='block_1_8' title="bbox 23 2977 2147 3088">
    <p class='ocr_par' dir='ltr' id='par_1_12' title="bbox 23 2977 2147 3088">
     <span class='ocr_line' id='line_1_43' title="bbox 23 2977 2147 3046; baseline 0.007 -27"><span class='ocrx_word' id='word_1_410' title='bbox 23 3025 27 3032; x_wconf 48' lang='lat'>‚</span> <span class='ocrx_word' id='word_1_411' title='bbox 77 2981 126 3042; x_wconf 47' lang='lat'><strong>·†</strong></span> <span class='ocrx_word' id='word_1_412' title='bbox 154 2977 251 3020; x_wconf 87' lang='lat' dir='ltr'><strong>Nec</strong></span> <span class='ocrx_word' id='word_1_413' title='bbox 271 2977 412 3042; x_wconf 61' lang='lat' dir='ltr'><strong>Ovidii</strong></span> <span class='ocrx_word' id='word_1_414' title='bbox 435 2993 510 3020; x_wconf 90' lang='lat' dir='ltr'><strong>nec</strong></span> <span class='ocrx_word' id='word_1_415' title='bbox 532 2979 686 3023; x_wconf 87' lang='lat' dir='ltr'><strong>Lucani</strong></span> <span class='ocrx_word' id='word_1_416' title='bbox 708 2997 808 3038; x_wconf 86' lang='lat' dir='ltr'><strong>opus</strong></span> <span class='ocrx_word' id='word_1_417' title='bbox 825 2987 902 3030; x_wconf 78' lang='lat' dir='ltr'><strong>effe</strong></span> <span class='ocrx_word' id='word_1_418' title='bbox 928 2989 1115 3044; x_wconf 88' lang='lat' dir='ltr'><strong>deinceps</strong></span> <span class='ocrx_word' id='word_1_419' title='bbox 1142 2991 1423 3046; x_wconf 76' lang='lat' dir='ltr'><strong>ostendemuS,</strong></span> <span class='ocrx_word' id='word_1_420' title='bbox 1452 2991 1615 3035; x_wconf 82' lang='lat' dir='ltr'><strong>interim</strong></span> <span class='ocrx_word' id='word_1_421' title='bbox 1634 2990 1726 3034; x_wconf 85' lang='lat' dir='ltr'><strong>vide</strong></span> <span class='ocrx_word' id='word_1_422' title='bbox 1746 2989 1867 3045; x_wconf 79' lang='lat' dir='ltr'><strong>Lipfii</strong></span> <span class='ocrx_word' id='word_1_423' title='bbox 1889 2997 1975 3034; x_wconf 89' lang='lat' dir='ltr'><strong>not.</strong></span> <span class='ocrx_word' id='word_1_424' title='bbox 1998 2989 2048 3033; x_wconf 87' lang='lat' dir='ltr'><strong>ad</strong></span> <span class='ocrx_word' id='word_1_425' title='bbox 2063 2990 2147 3035; x_wconf 83' lang='lat' dir='ltr'><strong>Ta-</strong></span> 
     </span>
     <span class='ocr_line' id='line_1_44' title="bbox 52 3031 698 3088; baseline 0.002 -12"><span class='ocrx_word' id='word_1_426' title='bbox 52 3040 118 3076; x_wconf 77' lang='lat' dir='ltr'><strong>cit.</strong></span> <span class='ocrx_word' id='word_1_427' title='bbox 140 3033 292 3076; x_wconf 84' lang='lat' dir='ltr'><strong>Annal.</strong></span> <span class='ocrx_word' id='word_1_428' title='bbox 314 3031 403 3074; x_wconf 77' lang='lat' dir='ltr'><strong>Lib.</strong></span> <span class='ocrx_word' id='word_1_429' title='bbox 427 3032 551 3076; x_wconf 88' lang='lat' dir='ltr'><strong>XIV.</strong></span> <span class='ocrx_word' id='word_1_430' title='bbox 575 3048 612 3076; x_wconf 90' lang='lat' dir='ltr'><strong>c.</strong></span> <span class='ocrx_word' id='word_1_431' title='bbox 637 3049 698 3088; x_wconf 81' lang='lat'><strong>14.</strong></span> 
     </span>
    </p>
   </div>
   <div class='ocr_carea' id='block_1_9' title="bbox 106 3085 1120 3305">
    <p class='ocr_par' dir='ltr' id='par_1_13' title="bbox 106 3085 1120 3305">
     <span class='ocr_line' id='line_1_45' title="bbox 106 3085 586 3141; baseline 0.008 -15"><span class='ocrx_word' id='word_1_432' title='bbox 106 3086 171 3139; x_wconf 87' lang='lat' dir='ltr'><strong>(b)</strong></span> <span class='ocrx_word' id='word_1_433' title='bbox 197 3085 244 3127; x_wconf 87' lang='lat' dir='ltr'><strong>In</strong></span> <span class='ocrx_word' id='word_1_434' title='bbox 267 3087 371 3141; x_wconf 76' lang='lat' dir='ltr'><strong>Aug.</strong></span> <span class='ocrx_word' id='word_1_435' title='bbox 395 3100 431 3131; x_wconf 84' lang='lat' dir='ltr'><strong>c.</strong></span> <span class='ocrx_word' id='word_1_436' title='bbox 452 3100 586 3130; x_wconf 75' lang='lat' dir='ltr'><strong>xxxvl.</strong></span> 
     </span>
     <span class='ocr_line' id='line_1_46' title="bbox 107 3139 1120 3244; baseline 0.015 -12"><span class='ocrx_word' id='word_1_437' title='bbox 107 3140 184 3244; x_wconf 55' lang='lat' dir='ltr'><strong>lii)</strong></span> <span class='ocrx_word' id='word_1_438' title='bbox 204 3139 481 3237; x_wconf 50' lang='lat' dir='ltr'><strong>‘Xffiffnil&#39;</strong></span> <span class='ocrx_word' id='word_1_439' title='bbox 493 3141 676 3240; x_wconf 39' lang='lat' dir='ltr'><strong>sisegaffi</strong></span> <span class='ocrx_word' id='word_1_440' title='bbox 697 3144 838 3201; x_wconf 75' lang='lat' dir='ltr'><strong>Antiq.</strong></span> <span class='ocrx_word' id='word_1_441' title='bbox 858 3147 1036 3197; x_wconf 80' lang='lat' dir='ltr'><strong>Roman.</strong></span> <span class='ocrx_word' id='word_1_442' title='bbox 1117 3154 1120 3155; x_wconf 18' lang='lat'><em>⁷</em></span> 
     </span>
     <span class='ocr_line' id='line_1_47' title="bbox 112 3211 713 3305; baseline 0.017 -21"><span class='ocrx_word' id='word_1_443' title='bbox 112 3245 178 3298; x_wconf 79' lang='lat' dir='ltr'><strong>(e)</strong></span> <span class='ocrx_word' id='word_1_444' title='bbox 204 3246 353 3291; x_wconf 78' lang='lat' dir='ltr'><strong>Annal.</strong></span> <span class='ocrx_word' id='word_1_445' title='bbox 374 3247 463 3292; x_wconf 83' lang='lat' dir='ltr'><strong>Lib.</strong></span> <span class='ocrx_word' id='word_1_446' title='bbox 483 3249 516 3293; x_wconf 85' lang='lat'><strong>1.</strong></span> <span class='ocrx_word' id='word_1_447' title='bbox 536 3227 574 3292; x_wconf 42' lang='lat' dir='ltr'><strong>c..</strong></span> <span class='ocrx_word' id='word_1_448' title='bbox 593 3229 658 3305; x_wconf 39' lang='lat'><strong>1¹5.</strong></span> <span class='ocrx_word' id='word_1_449' title='bbox 673 3211 713 3253; x_wconf 54' lang='lat'><strong>9⁸</strong></span> 
     </span>
    </p>
   </div>
  </div>
 </body>
</html>
