2547 3708
360 188 454 226 zoe
870 162 1925 224 DEDICATIONEs'wr

360 269 526 316 roedus
546 265 714 316 David.
783 266 949 315 Homo
975 283 1082 315 cum
1114 268 1160 314 in
1185 266 1362 314 honore
1388 267 1495 316 esset
1518 283 1614 316 non
1643 265 1952 324 intellexerit,
1990 260 2283 328 comparatus
2308 259 2372 309 est
2397 257 2479 327 juff-

364 335 534 382 mentis
563 332 880 397 insipientibus
915 334 966 381 &
994 333 1148 379 fimilis
1180 331 1322 379 Faetus
1354 332 1420 380 est
1453 334 1573 381 illis·
1621 331 1861 398 Fugienda
1890 329 2040 396 igitur
2075 326 2161 373 effe
2183 327 2477 391 summopere

367 401 478 447 vitia
500 400 548 446 in
568 398 719 445 beluas
741 398 949 444 homines
970 397 1341 445 transformantia
1364 399 1536 446 cecinit
1561 397 1778 446 Ovidius.
1847 393 2135 443 Admirando
2161 395 2301 441 etiam
2326 394 2476 441 artifi-

367 466 443 511 cio
465 465 682 526 Pelignus
709 463 850 509 Vates
876 463 1103 510 auditores
1138 462 1338 525 alliciens
1372 463 1581 511 delestat.
1651 463 1778 510 Nam
1812 473 1939 508 tanta
1961 459 2198 507 venustate
2221 458 2276 505 ad
2302 457 2473 507 fabulas

365 529 619 576 recitandas
662 528 802 574 varias
831 529 1090 575 introducit
1119 527 1326 591 personas
1354 546 1364 575 :
1425 541 1478 575 nt
1508 544 1598 574 una
1630 527 1782 574 fabula
1811 542 1869 573 ex
1897 526 1983 573 alia
2018 524 2218 588 pendere
2248 522 2470 571 videatur.

366 593 612 640 Praeclaris
647 593 842 655 denique
863 592 1265 642 adinventionibus
1287 592 1335 639 ὃ(
1358 592 1490 639 rebus
1512 591 1628 639 scitu
1651 590 1922 656 digniffimis
1945 606 2064 653 opus
2084 604 2336 647 exornans,
2371 589 2471 634 nul-

367 658 410 704 la
440 673 640 721 unquam
673 673 825 705 rerum
857 657 1158 718 difficultate,
1193 657 1323 704 nullo
1347 658 1541 704 obrutus
1573 656 1776 722 pondere
1808 655 2058 719 superatur.
2126 655 2253 700 Nam
2287 652 2483 700 coelum*

370 736 508 769 terras
542 722 590 769 &
619 737 814 787 aequora
847 723 1089 781 describit,
1125 725 1282 787 Reges
1314 735 1458 769 armat
1493 724 1541 769 in
1563 722 1705 769 bella:
1741 721 1942 784 virgines
1963 718 2086 766 sertis
2113 718 2160 764 ὃς
2186 716 2378 763 floribus
2403 717 2480 764 in-
2531 751 2534 755 .

370 785 540 852 fignit,
573 787 699 834 astus
723 788 967 835 hominum
993 805 1078 852 pro
1103 788 1321 851 qualitate
1341 787 1576 851 designat,
1609 787 1758 833 irritat
1781 797 2043 848 torpentes,
2077 780 2249 830 defides
2274 782 2474 841 animat,

371 852 634 900 temerarios
657 852 890 916 deprimit.
953 854 1201 901 Virtutum
1224 853 1447 916 elegantia
1469 852 1667 916 insignes
1692 851 1944 898 honoribus
1969 848 2018 895 &
2041 848 2251 912 praemiis
2273 846 2498 894 donanszzw
2531 890 2533 895 .

369 930 546 963 ceteros
567 933 727 964 eorum
750 918 967 981 exemplo
988 916 1044 964 ad
1069 918 1288 964 virtutem
1313 918 1456 964 allicit
1474 950 1488 974 ,
1513 917 1728 981 egregios
1751 914 1954 980 quosque
1974 913 2147 959 meritis
2167 911 2355 959 extollit
2379 911 2490 957 law·
2529 919 2547 964 j-

369 981 528 1041 dibus,
562 997 658 1028 non
681 983 941 1045 quempiam
966 982 1120 1029 debita
1145 982 1545 1029 commendatione
1568 981 1820 1028 defraudat.
1887 979 1952 1026 Et
1975 992 2305 1040 nonnunquam
2328 975 2370 1022 se
2394 992 2475 1023 ve·
2534 975 2547 1013 ὐ

369 1046 512 1093 ritatis
543 1045 653 1092 adeo
687 1047 880 1094 exhibet
913 1061 1162 1094 amatorem
1200 1047 1246 1093 ὃς
1279 1046 1540 1111 praesertim
1565 1047 1613 1092 in
1635 1044 1869 1092 nonnullis
1890 1043 2070 1090 nostrae
2109 1040 2218 1088 fidei
2240 1040 2485 1088 consenta--
2534 1046 2537 1101 ζ

368 1111 490 1169 neis,
524 1112 739 1173 primaria
775 1111 867 1159 scil.
903 1112 1062 1159 mundi
1096 1112 1302 1176 origine,
1337 1112 1537 1158 hominis
1565 1110 1620 1157 ad
1648 1111 1740 1157 Dei
1763 1110 2010 1171 imaginem
2035 1105 2368 1170 produfifionc,
2403 1121 2483 1152 ae--
2535 1115 2543 1148 ε·

370 1176 476 1221 tatis
510 1191 692 1234 aureae,
727 1192 863 1239 quam
887 1177 1177 1224 innocentiae
1203 1177 1368 1223 statum
1392 1176 1618 1235 dicimus,
1650 1173 1984 1237 descriptione,
2020 1171 2181 1218 diluvii
2210 1170 2472 1217 inundatio·
2497 1183 2501 1189 ·
2534 1183 2544 1198 ·³

369 1254 456 1299 ne,
492 1239 752 1303 Gigantum
785 1241 992 1305 proelio,
1024 1241 1212 1288 aliarum
1249 1257 1435 1305 quoque
1472 1240 1721 1287 multarum
1755 1254 1905 1285 rerum
1943 1234 2289 1284 elaboratiffima
2312 1235 2489 1281 recita-2
2534 1237 2547 1287 '5

370 1306 528 1363 tione,
560 1317 615 1351 ut
646 1305 760 1351 mihi
800 1308 955 1369 paucis
991 1307 1179 1353 mutatis
1211 1305 1382 1370 priscus
1416 1305 1493 1352 ille
1522 1305 1756 1369 legislator
1782 1303 1939 1350 Moses
1971 1302 2027 1349 de
2061 1300 2294 1363 scripturis
2318 1299 2487 1347 faustis·
2534 1309 2543 1341 ’-

370 1367 581 1414 differens
606 1370 826 1416 videatur.
882 1371 1022 1417 Unde
1045 1371 1258 1435 augurari
1292 1371 1525 1434 poflumus
1557 1383 1635 1416 aut
1658 1369 2005 1433 Pythagoram,
2027 1366 2107 1430 qui
2131 1364 2475 1427 Memphiticos
2532 1362 2547 1428 ᾖ,

371 1445 497 1479 vates
517 1431 627 1479 adiit
643 1467 659 1492 ,
693 1448 770 1480 aut
792 1435 1031 1482 Platonem
1046 1469 1063 1494 ,
1098 1437 1177 1499 qui
1202 1436 1251 1483 &
1272 1436 1390 1482 inter
1416 1448 1586 1483 ceteras
1607 1434 1730 1481 orbis
1754 1433 2014 1497 provincias
2035 1432 2173 1477 etiam
2200 1431 2476 1494 Aegyptum
2538 1454 2547 1493 ‚j

373 1497 436 1543 ob
459 1497 711 1546 divinarum
736 1499 1131 1563 humanarumque
1152 1516 1301 1546 rerum
1325 1501 1597 1564 ampliorem
1622 1500 1838 1546 notitiam
1862 1497 2147 1562 penetravit,
2173 1493 2341 1540 Libros
2363 1494 2491 1540 Mo·—
2544 1500 2547 1515 ¹

370 1561 513 1607 sa'icos
544 1560 830 1627 septuaginta
860 1566 1163 1629 interpretum
1195 1564 1485 1612 traduffione
1517 1565 1572 1611 ab
1596 1564 1783 1612 Hebrea
1819 1563 1866 1609 in
1891 1563 2118 1609 Graecam
2154 1559 2387 1622 linguam,
2421 1569 2478 1605 ut
2533 1583 2535 1593 ‹

371 1626 630 1672 Ptolomaei
652 1628 943 1693 Philadelphi
968 1629 1204 1677 satisfieret
1226 1629 1477 1691 desiderio,
1512 1628 1660 1677 versos
1681 1627 1863 1692 legiss‘e,
1886 1643 1944 1673 ex
1967 1625 2133 1672 divinis
2159 1639 2345 1686 quoque
2369 1623 2476 1670 lite·
2534 1659 2535 1670 2

372 1691 432 1737 ris
466 1691 732 1738 nonnullam
768 1694 853 1739 suis
882 1694 1096 1756 operibus
1130 1695 1382 1755 inseruisse,
1415 1710 1557 1758 quae,
1591 1707 1669 1741 aut
1698 1696 1833 1740 etiam
1862 1690 1947 1755 ipsi
1971 1690 2073 1737 libri
2097 1688 2328 1745 Mosa'i'ci,
2358 1687 2415 1750 ad
2431 1702 2480 1734 e-
2534 1712 2536 1726 2

373 1753 631 1802 ruditiffimi
666 1757 1103 1823 ingeniofiflimique
1134 1762 1302 1823 poetae
1324 1759 1491 1808 Ovidii
1525 1759 1740 1806 notitiam
1780 1755 2017 1820 pervenire
2037 1764 2310 1819 potuerunt.
2380 1753 2497 1816 Igj..-
2543 1753 2547 1771 ¹

374 1832 453 1866 tur
489 1820 536 1866 δί
569 1818 603 1866 fi
634 1821 750 1867 mihi
777 1823 823 1868 in
845 1823 937 1870 hoc
960 1823 1070 1871 sacri
1095 1825 1253 1887 jejunii
1277 1824 1619 1889 quadragenarii
1641 1837 1853 1885 tempore
1875 1820 1997 1884 apud
2024 1817 2369 1866 vetustiffimam
2393 1816 2497 1864 Al--
2534 1835 2547 1875 ς’

372 1884 626 1956 lobrogum
659 1885 850 1946 urbem,
885 1888 1222 1952 quae·Eusebio
1260 1890 1372 1936 teste
1402 1892 1527 1952 prius
1548 1889 1750 1946 Bienna,
1783 1901 1908 1932 nunc
1936 1885 2118 1932 Vienna
2154 1893 2478 1944 nuncupatur,

373 1947 533 1995 dlurna
565 1949 619 1996 ad
651 1952 878 2015 populum
913 1953 1256 2000 declamationis
1277 1954 1568 2000 solicitudine
1590 1965 1851 2015 occupato,
1884 1951 1972 1996 otii
1994 1947 2109 1994 nihil
2133 1960 2258 2003 erat3
2293 1947 2388 1992 sum
2411 1959 2487 1993 ta*

372 2029 481 2059 men
514 2013 771 2063 subfuratus
805 2017 921 2063 mihi
953 2016 1038 2082 ips1
1074 2019 1398 2082 aliquantulam
1433 2018 1655 2082 temporis
1688 2016 1947 2074 morulam,
1992 2025 2044 2060 ut
2081 2025 2186 2059 tuae
2219 2010 2478 2058 celsitudini

373 2078 602 2126 Virorum
636 2079 890 2129 doetiffime
911 2099 961 2129 ac
983 2083 1371 2147 eloquentiffime,
1406 2099 1499 2129 non
1521 2085 1746 2146 denegem
1771 2082 1950 2138 omnia,
1984 2093 2099 2140 quae
2123 2075 2334 2138 praestari
2357 2092 2381 2121 a
2405 2090 2485 2121 me

373 2156 557 2203 queant.
624 2145 736 2190 Feci
769 2147 950 2209 itaque,
985 2148 1110 2212 quod
1148 2162 1390 2212 tantopere
1423 2148 1644 2212 efflagitas
1676 2163 1772 2193 non
1810 2145 1959 2192 minus
1989 2141 2183 2188 libenter
2217 2156 2351 2202 quam
2373 2139 2477 2187 dili-

374 2218 554 2269 genter.
620 2209 968 2258 Praeclarissima
1001 2212 1218 2275 siquidem
1255 2215 1302 2259 in
1339 2213 1508 2260 fabulas
1535 2208 1970 2273 Metamorphoseos
1996 2204 2159 2252 Ovidii
2190 2203 2483 2251 eruditifiimi·

373 2270 819 2336 eloquentissimique
843 2276 927 2321 viri
942 2277 1172 2324 LaC‘cantii
1187 2278 1406 2323 Firmiani
1422 2276 1557 2322 Coeli
1577 2287 1848 2338 argumenta
1870 2287 1978 2318 cum
2004 2269 2232 2316 brevitate
2257 2281 2358 2316 turn
2379 2269 2489 2324 elo,-¹>

376 2335 487 2396 quio
527 2335 786 2384 admiranda
807 2372 822 2397 ,
866 2356 981 2405 quae
1015 2342 1168 2404 legens
1193 2375 1208 2400 ,
1254 2340 1337 2387 etfi
1367 2356 1452 2403 pro
1488 2340 1711 2402 temporis
1745 2337 1933 2400 penuria
1967 2351 2061 2381 non
2090 2334 2326 2397 perlegens
2347 2367 2363 2393 ,
2407 2334 2478 2380 ni·

378 2398 632 2447 hilominus
668 2418 692 2447 a
728 2414 881 2449 tantae
919 2407 1178 2451 autoritatis
1210 2406 1311 2451 viro
1334 2405 1451 2451 nihil
1473 2421 1570 2450 non
1593 2403 1787 2467 dignum
1811 2401 2006 2449 locst-ione
2029 2397 2281 2463 proceffiffe
2309 2398 2478 2445 intelli·

375 2478 516 2525 gens,
552 2477 604 2511 ut
635 2468 804 2528 po‘e'tae
834 2466 1054 2514 sententia
1080 2486 1104 2515 a
1136 2470 1298 2515 nostris
1337 2470 1582 2531 praecipue
1607 2466 1987 2514 declamatoribus
2013 2481 2106 2510 uno
2133 2464 2312 2526 legatur
2334 2463 2478 2509 intui·
2542 2477 2544 2518 ς

375 2539 456 2583 tu,
492 2527 746 2576 fabularum
771 2531 1034 2594 allegoriam
1061 2549 1392 2595 nonnunquam
1419 2533 1584 2579 addens
1607 2532 1716 2579 huic
1739 2532 1868 2594 operi
1892 2528 2123 2576 inserenda
2146 2528 2362 2574 indicavi.
2396 2528 2480 2573 Ttt
2538 2543 2545 2568 s

374 2603 528 2638 autem
556 2593 906 2642 Generosiffime
940 2613 992 2643 ac
1014 2596 1398 2644 observantissime
1422 2597 1657 2656 Domine,
1692 2597 1766 2642 cui
1791 2595 1952 2643 Ovidii
1975 2591 2383 2654 Metamorphofin
2404 2603 2497 2638 tit-2

375 2671 560 2719 cunque
580 2658 632 2703 ad
659 2659 833 2706 Christi
856 2661 1119 2724 mysterium
1137 2661 1678 2723 t1⁴adu&am,jucundam
1704 2660 1803 2708 fore
1830 2658 2081 2706 firmiffime
2103 2656 2295 2704 confido
2310 2691 2325 2715 ,
2341 2671 2479 2719 quam

376 2735 484 2765 cum
507 2721 594 2767 tibi
620 2723 856 2787 quippiam
883 2726 968 2771 oti-i
995 2726 1202 2773 relictum
1227 2726 1365 2774 fuerit
1388 2742 1495 2772 cum
1522 2724 1852 2789 Champerodo
1878 2724 2064 2782 nostr0,
2099 2721 2220 2769 Viro
2245 2721 2294 2767 &
2312 2719 2496 2767 d0&is-›

377 2782 494 2830 fimo
521 2784 568 2830 &
592 2787 990 2849 eloquentiffimo,
1015 2791 1231 2854 perleges.
1299 2793 1435 2852 Opus
1459 2807 1570 2836 vero
1597 2791 1801 2836 nostrum
1829 2789 1903 2834 cui
1928 2787 2178 2847 Triumphus
2199 2786 2496 2846 Apostolorum·
2526 2811 2528 2816 ·

377 2849 426 2893 de
453 2851 560 2894 Deis
579 2855 751 2913 expulsts
768 2854 933 2900 titulus
953 2856 1046 2912 est3
1085 2855 1131 2901 ὃς
1163 2855 1193 2901 fi
1221 2855 1476 2901 multorum
1501 2855 1744 2901 do&orum
1772 2854 1945 2916 judicio
1969 2850 2276 2898 emittendum
2299 2850 2480 2906 veniat,
2538 2859 2539 2862 ’

376 2927 475 2957 mea
508 2925 660 2984 tamen
692 2916 910 2964 sententia
946 2935 1053 2965 cum
1089 2919 1282 2982 amplius
1312 2921 1583 2967 maturuerit
1608 2953 1623 2978 ,
1670 2919 1857 2965 Horatii
1888 2916 2081 2963 consilio
2114 2913 2338 2961 suadentis
2362 2947 2378 2972 ,
2423 2927 2483 2959 ne
2538 2936 2540 2944 ν

376 2979 708 3047 praecipitetur
743 2980 912 3041 editio,
958 2983 1006 3028 in
1039 2995 1138 3029 tuas
1177 3000 1333 3031 manus
1368 3000 1500 3048 quam
1536 2982 1944 3029 emendatissimum
1980 2980 2161 3036 veniet,
2205 2993 2321 3038 quae
2355 2990 2478 3023 nunc
2540 3010 2541 3030 3

376 3039 616 3111 offerimus
642 3043 763 3089 laeto
790 3057 841 3091 ut
869 3045 1009 3105 soles,
1043 3048 1179 3094 vultu
1206 3047 1396 3111 suscipe.
1466 3047 1722 3095 Obsecrans
1744 3061 1797 3094 ut
1820 3043 2119 3092 lllustriffimo
2140 3058 2193 3087 ac
2220 3041 2480 3094 Observan-
2540 3044 2541 3083 l

377 3103 545 3151 tissimo
566 3107 761 3153 Praesuli
783 3109 938 3157 nostro
962 3111 1258 3170 Matiscenfi,
1291 3111 1739 3175 praeclarissimarum
1767 3106 1992 3159 virtutum
2017 3105 2293 3154 lucidissimo
2322 3105 2481 3162 sideri,

376 3181 542 3231 patruo
579 3183 690 3230 tuo,
725 3173 798 3219 cui
836 3174 897 3222 ob
937 3178 1034 3239 ejus
1072 3177 1118 3221 in
1153 3192 1226 3222 me
1251 3178 1445 3223 maxima
1467 3176 1691 3224 beneficia
1708 3191 1786 3222 me
1807 3187 1961 3222 totum
1986 3171 2161 3230 debe0,
2195 3171 2329 3218 facias
2352 3184 2493 3215 com-·
2540 3173 2547 3191 ”

374 3233 655 3281 mendatum.
734 3237 863 3284 Vale.
919 3240 993 3286 Ex
1016 3240 1200 3287 Vienna
1224 3241 1362 3287 Anno
1388 3258 1412 3288 a
1437 3241 1652 3290 salutiferi
1682 3253 1838 3305 part-us
1858 3237 2054 3303 virginei
2081 3235 2325 3284 millesimo
2348 3234 2503 3295 quin-
2541 3271 2542 3282 ,

366 3297 623 3359 gent-esim
650 3301 831 3351 decimo
855 3319 931 3352 vt.
957 3304 1147 3354 Calend.
1172 3306 1358 3355 Martii.
2301 3295 2478 3359 EJUS·
2541 3335 2542 3340 ,
