2547 3708
354 164 453 201 222
622 186 624 189 .
874 138 1951 198 DEDICATIONE32'2'1*

352 242 513 305 seriae,
546 241 589 292 se
614 239 939 291 consolandam
964 241 1104 288 Arrio
1129 237 1411 304 philosopho
1435 237 1752 286 Alexandrino
1776 235 2016 299 praebuit:
2054 233 2103 281 in
2133 243 2277 295 eaque
2309 229 2480 291 orbitae,
2521 247 2524 293 ᾗ

354 321 399 356 te
445 308 698 358 masculum
742 308 948 361 animum
975 342 990 366 ,
1037 305 1299 369 feminaque
1358 306 1571 369 principe
1626 303 1816 368 dignam
1871 299 2178 347 constantiam
2220 295 2477 357 exhibuit-3

355 388 410 422 ut
436 393 550 440 quae
586 374 719 423 fimul
740 390 850 421 cum
872 376 1027 419 ¹cinere
1051 384 1190 433 atque
1221 369 1388 418 offibus
1420 370 1506 419 filii
1538 368 1750 416 dolorem
1775 365 1908 413 suurn
1933 367 2031 429 ejus
2052 360 2236 434 tumulo
2259 361 2478 434 intuleritg

355 439 490 489 Haec
526 440 552 488 ἐ
586 441 771 503 Vellejo
797 438 1072 495 Paterculo,
1108 437 1308 495 Seneca,
1343 436 1528 492 Plinio,
1564 434 1819 491 Suetoni0‚
1854 430 2081 478 Cornelio
2095 427 2302 485 Tacito,
2333 439 2481 490 epitoq
2524 449 2525 453 ¹

358 521 433 554 ma
457 508 584 554 Livii
605 507 653 552 in
679 519 825 568 pauca
849 503 1132 549 contulimus
1148 533 1164 558 ,
1199 513 1252 547 ut
1273 502 1478 564 apertior
1501 498 1633 546 vobis
1655 498 1767 547 effet
1790 497 1839 542 &
1862 495 2042 560 planior
2062 493 2118 540 ad
2139 490 2362 541 Ovidiani
2385 507 2483 555 cazh
2524 496 2525 500 ’

360 572 500 618 minis
527 569 886 634 explicationem
922 569 1010 613 via.
1077 564 1275 612 Habetis
1308 566 1461 613 brevis
1494 563 1640 611 libelli
1673 563 1864 610 brevem
1903 557 2338 624 praefatiunculam:
2373 571 2483 621 quae

363 648 519 682 tamen
545 649 707 682 vereor
733 647 788 678 ne
815 630 870 677 fit
894 646 1041 692 aequo
1068 630 1322 692 prolixior:
1360 630 1408 677 &
1436 630 1643 676 imitatus
1664 627 1898 675 existimer
1919 625 2062 672 malos
2083 622 2390 681 architectos,
2410 634 2483 670 aut
2531 638 2533 645 ¹

366 700 525 763 inepte
549 697 815 745 ambit-iosos
841 708 990 758 patres
1018 694 1238 753 familias,
1275 695 1354 758 qui
1382 711 1439 741 ne
1472 695 1519 741 in
1541 709 1589 739 re
1612 693 1803 757 angusta
1831 689 2075 739 videantur
2099 687 2292 752 anguste
2317 686 2483 734 habita·
2530 697 2534 756 ῖ-

361 780 440 824 re,
476 764 722 828 aliquando
748 761 899 825 parvis
920 758 1108 807 aedibus
1133 775 1300 822 magna
1322 760 1615 823 praestruunt
1639 756 1876 806 vestibula.
2506 756 2508 758 ’

721 875 1279 951 JOANNIS
1367 872 2130 931 PASSERAT11

885 977 943 1024 In
976 977 1156 1024 Ovmn
1193 977 1449 1025 Armorum
1471 975 1707 1041 judicium
1729 976 1974 1024 Praefatio.
2467 961 2485 1012 ἶν’
2528 974 2537 1001 '²

2447 1042 2481 1073 πὶ
2536 1043 2541 1066 3

369 1097 488 1209 N
503 1094 723 1159 Unquam
748 1093 848 1142 fore
871 1107 1077 1159 putaram
1093 1109 1174 1156 ,ut
1194 1095 1329 1143 semel
1350 1094 1580 1158 explicata
1593 1093 1912 1142 consolatione
1933 1093 1988 1141 ad
2011 1092 2195 1142 Liviam
2218 1089 2349 1156 super
2369 1104 2488 1139 mot*
2536 1134 2547 1152 ,

525 1173 573 1207 te
598 1160 770 1221 Drufi,
807 1160 1039 1209 Ovidium
1067 1161 1217 1209 rursus
1249 1162 1556 1224 attingerem:
1594 1176 1690 1207 non
1723 1160 1851 1224 quod
1885 1175 1990 1206 eum
2022 1158 2256 1207 auctorem
2291 1153 2489 1219 asperna}
2530 1150 2547 1205 ll

366 1243 466 1286 rer,
503 1241 641 1289 quem
668 1225 843 1289 semper
876 1225 1132 1273 existimavi
1169 1226 1431 1290 perbonum
1453 1225 1502 1273 &2
1525 1224 1773 1289 perutilem
1798 1224 1915 1289 stylo
1945 1223 2231 1289 juventutis:
2267 1219 2339 1267 sed
2371 1218 2490 1284 quod
2530 1238 2531 1246 ¹

367 1292 496 1339 istam
523 1306 711 1354 operam
738 1290 979 1338 arbitrarer
1000 1292 1049 1337 in
1073 1290 1415 1338 obscurioribus
1448 1289 1628 1353 scriptis
1653 1288 1929 1337 illustrandis
1960 1290 2122 1337 melius
2150 1285 2370 1334 collocari
2395 1282 2490 1349 pos<-
2531 1281 2547 1313 ’Τ

368 1355 425 1402 se.
497 1356 686 1403 Mutavi
724 1368 880 1403 tamen
914 1355 1192 1413 confilium3
1229 1372 1316 1403 nec
1354 1369 1601 1419 propterea
1636 1354 1835 1402 levitatis
1867 1355 1917 1402 &
1949 1353 2283 1402 inconstantiae
2319 1352 2493 1401 crimen
2531 1361 2540 1410 {j

371 1419 674 1485 pertimesco:
713 1421 826 1484 quin
851 1437 932 1468 vos
957 1437 1143 1485 quoque
1168 1422 1298 1485 spero
1327 1437 1477 1467 meam
1505 1422 1731 1467 rationem
1762 1419 1848 1466 effe
1872 1420 2177 1484 probaturos,
2215 1416 2295 1463 ubi
2333 1413 2421 1461 cur'
2449 1412 2494 1462 id
2533 1472 2534 1475 Ἰ

371 1485 528 1532 fecero
554 1485 838 1549 intelligetis.
882 1487 1092 1532 Primum
1115 1487 1349 1551 quaerenti
1377 1485 1494 1532 mihi
1520 1485 1568 1532 &
1592 1483 1965 1549 circunspicienti
1991 1483 2198 1531 libellum
2225 1482 2304 1545 qui
2329 1476 2500 1544 horulfi*
2526 1502 2535 1521 a·

373 1551 554 1598 dierum
587 1550 804 1597 brevitati
836 1551 1139 1611 conveniret,
1174 1552 1383 1598 occurrit
1418 1550 1534 1597 mihi
1561 1550 1672 1597 haec
1705 1549 1760 1595 de
1787 1548 1981 1596 Achillis
2011 1549 2147 1595 armis
2168 1547 2287 1593 inter
2308 1541 2497 1608 Ajace'th
2524 1562 2535 1595 η

374 1616 424 1663 ῧζ
450 1614 662 1678 Ulyssem
688 1616 934 1661 contentio
962 1617 1120 1677 paucis
1144 1615 1367 1681 descripta
1389 1615 1618 1662 versibus:
1657 1613 1881 1677 simulque
1906 1613 2090 1677 obje&a
2112 1610 2385 1659 Terentiani
2402 1609 2504 1673 Gef·
2531 1631 2536 1656 ε

375 1693 447 1727 tae
472 1679 666 1742 religio,
701 1696 789 1743 qua
814 1679 993 1726 facilius
1023 1696 1244 1739 moveor,
1279 1679 1407 1743 quod
1432 1696 1558 1727 meae
1586 1680 1709 1727 favet
1732 1679 1970 1743 ignaviae:
2009 1677 2260 1725 Interdixit
2283 1674 2496 1722 hariolus:
2532 1658 2536 1739 ξ

370 1743 624 1807 ,Haruspex
645 1745 794 1791 vetuit
817 1744 988 1808 aliquid
1013 1746 1171 1810 magni
1195 1757 1300 1792 ante
1324 1745 1537 1792 brumam
1565 1745 1784 1807 incipere.
1854 1742 2040 1790 Deinde
2062 1741 2117 1788 ab
2141 1739 2301 1789 officio
2327 1738 2499 1801 nostro,
2530 1748 2535 1797 4²

379 1808 681 1872 susceptaque
714 1809 1005 1872 eloquentiae
1039 1808 1315 1873 profeffione
1336 1843 1352 1869 ,
1396 1825 1492 1856 non
1526 1809 1592 1856 est
1627 1808 1673 1854 id
1703 1823 1885 1854 carmen
1921 1808 2120 1854 alienum
2146 1840 2161 1865 ,
2196 1807 2243 1851 in
2273 1820 2367 1866 quo
2397 1809 2537 1863 notai

378 1874 651 1923 Rhetorum
677 1887 920 1938 praecepta
944 1890 1082 1922 nemo
1105 1874 1352 1922 desideret:
1391 1872 1483 1920 five
1504 1874 1559 1920 ad
1585 1873 1724 1919 fidem
1749 1872 2029 1931 faciendam,
2065 1871 2156 1918 five
2179 1869 2232 1916 ad
2256 1868 2505 1932 Hediendos
2529 1869 2538 1908 ¹¹

379 1938 810 2003 permovendosque
833 1941 1010 1986 animos
1034 1955 1196 1986 eorum
1223 1940 1303 2002 qui
1329 1937 1546 1984 audiunt:
1584 1937 1834 2000 omnesque
1854 1936 2085 1983 fateantur
2108 1936 2194 1983 effe
2227 1928 2500 1980 verissimum
2527 1939 2537 1958 ·'

380 2003 508 2067 quod
533 2006 581 2050 in
607 2004 728 2051 libro
752 2005 908 2067 primo
931 2004 987 2050 de
1012 2005 1217 2051 Oratore
1240 2003 1396 2050 scribit
1421 2003 1613 2048 Marcus
1635 2002 1839 2048 Tullius.
1862 2003 2076 2063 finitimus
2096 2002 2152 2062 est
2175 2002 2331 2046 oratori
2354 2002 2502 2059 pobtaer,
2535 2012 2537 2023 ⁴

381 2072 561 2116 numeris
586 2070 817 2116 deviuffiior
829 2071 984 2130 paulo,
1017 2071 1237 2115 verborum
1259 2070 1424 2114 licentia
1447 2068 1614 2113 liberior
1634 2100 1650 2126 ,
1684 2069 1828 2113 multis
1850 2069 2024 2113 ornandi
2040 2067 2255 2128 generibus
2261 2064 2428 2125 fhcius,
2449 2061 2504 2110 'cic
2534 2074 2538 2131 f

372 2147 476 2195 pene
505 2148 617 2193 par,
651 2137 695 2180 in
729 2135 801 2179 hoc
822 2133 959 2195 ferme
989 2135 1124 2192 idern,
1163 2134 1270 2194 quod
1298 2134 1420 2178 nullis
1450 2130 1756 2194 circumscribat
1780 2133 1968 2178 terminis
1997 2145 2047 2176 ac
2072 2130 2244 2192 definiat
2264 2128 2340 2188 jus
2353 2123 2503 2189 suuni,
2536 2135 2537 2150 ³

381 2201 594 2259 quominus
618 2200 655 2242 ei
683 2200 830 2256 liceat,
864 2200 1005 2244 eadem
1029 2201 1105 2244 illa
1118 2197 1330 2259 facultate
1355 2197 1410 2249 δέ
1431 2200 1572 2256 copia,
1605 2198 1760 2257 vagari
1783 2210 1865 2256 qua
1886 2196 2003 2241 velit.
2047 2193 2111 2239 Et
2137 2194 2182 2239 in
2206 2191 2326 2238 libro
2351 2191 2501 2239 tertio.

389 2263 537 2310 Poetis
556 2261 610 2322 est
632 2278 722 2307 cum
747 2264 978 2309 oratoribus
994 2266 1186 2323 proxima
1207 2264 1404 2323 cognatio,
1441 2261 1561 2306 Item
1590 2260 1637 2305 in
1663 2262 1867 2305 Oratore
1889 2257 1944 2303 ad
1967 2259 2184 2303 Brutum.
2240 2258 2391 2303 Etiam
2407 2252 2500 2318 po?-
2535 2229 2539 2301 i

381 2337 452 2373 tae
473 2326 737 2388 quaestionem
758 2329 1020 2386 attulerunt,
1045 2329 1242 2388 quidnam
1267 2325 1374 2372 illud
1393 2325 1514 2384 effit,
1537 2339 1614 2385 quo
1642 2325 1717 2383 ipsi
1735 2323 1789 2368 ab
1810 2324 2040 2368 oratoribus
2065 2321 2306 2382 differrent:
2342 2324 2502 2370 numere
2529 2321 2538 2373 i.

390 2403 518 2438 antea
539 2391 791 2437 videbantur
817 2392 870 2443 ὃ]
894 2391 1042 2452 versu:
1078 2408 1183 2437 nunc
1205 2390 1319 2451 apud
1339 2399 1519 2435 oratores
1544 2403 1736 2434 numeras
1756 2388 1968 2434 increbuit.
2037 2388 2131 2432 Hoc
2155 2396 2294 2433 autem
2316 2380 2505 2450 laudabie
2536 2396 2539 2412 ¹

387 2459 466 2503 lior
491 2456 546 2516 est
563 2459 718 2516 poeta,
754 2456 862 2516 quod
881 2456 1077 2501 Oratoris
1111 2458 1294 2501 virtutes
1322 2453 1605 2515 peifiqaitur,
1638 2468 1728 2498 cum
1761 2467 1923 2498 nurnero
1941 2455 2003 2512 stt
2028 2452 2247 2512 astrifflor.
2316 2451 2383 2497 At
2415 2450 2510 2498 hoc
2536 2462 2547 2513 i

391 2522 562 2582 poe'ma
587 2522 633 2566 in
656 2521 848 2566 minutis
871 2519 1036 2565 scholis
1058 2519 1220 2564 tritum
1236 2552 1250 2577 ,
1286 2517 1335 2564 δί
1357 2518 1506 2580 pueris
1528 2516 1818 2563 decantatum
1834 2551 1849 2576 ,
1885 2533 2044 2578 parum
2069 2517 2204 2580 hujus
2229 2516 2323 2562 loci
2346 2514 2501 2578 ampl&
2536 2514 2547 2571 ἐξ

394 2585 603 2633 tudinem
628 2584 778 2630 decet.
815 2583 1089 2646 Improbum
1115 2582 1317 2639 facinus,
1351 2584 1398 2627 &
1424 2580 1812 2627 animadversione
1836 2580 2028 2644 dignum
2055 2579 2289 2628 censoria?
2324 2578 2503 2642 Ecquid
2536 2572 2547 2637 ἢ

391 2662 486 2697 tam
516 2650 772 2713 protritum
790 2682 805 2707 ,
840 2648 1005 2712 ecquid
1029 2659 1121 2693 tam
1151 2647 1474 2709 proculcatum
1498 2661 1632 2709 quam
1659 2646 1781 2692 urbis
1801 2645 1926 2705 viae,
1952 2661 2060 2709 quas
2085 2646 2220 2707 equi,
2238 2644 2408 2703 boves,
2428 2642 2503 2692 ast-

393 2716 472 2774 ni,
507 2714 654 2772 muli,
690 2713 989 2775 hominesque
1014 2712 1270 2770 clitellarii,
1303 2709 1467 2757 assidue
1489 2709 1681 2757 terunt?
1717 2710 1889 2757 Ideone
1913 2727 1986 2756 me
2007 2709 2261 2757 continebo
2284 2707 2502 2768 domi,n'e
2537 2710 2547 2768 1³

393 2778 524 2844 bipes
546 2777 776 2842 ingrediar
798 2780 917 2824 inter
939 2776 1250 2842 quadrupedes
1266 2810 1281 2835 ,
1317 2776 1365 2823 &
1385 2774 1547 2822 carebo
1569 2775 1789 2836 publico,
1824 2791 1880 2821 ne
1905 2776 2110 2822 minuam
2132 2774 2412 2838 majestatem
2435 2787 2502 2823 oa·
2538 2775 2539 2819 l

395 2844 545 2901 dinis,
583 2844 687 2903 vel,
721 2841 753 2889 fi
776 2842 961 2906 prodire
996 2842 1088 2888 huc
1126 2841 1292 2900 velim,
1327 2856 1471 2904 cogar
1501 2839 1738 2903 dignitatis
1771 2840 1943 2899 caussa,
1978 2857 2085 2886 cum
2112 2839 2248 2886 fimiis
2277 2839 2324 2884 &
2347 2838 2503 2885 felibus
2537 2847 2547 2897 !‘

398 2910 446 2955 in
472 2908 640 2972 tegulis
676 2907 939 2954 ambulare?
976 2908 1098 2954 Non
1122 2904 1355 2952 ascendam
1393 2905 1533 2963 illue,
1568 2906 1765 2968 opinor:
1803 2905 2020 2952 imitabor
2054 2906 2208 2970 potius
2233 2901 2503 2961 Chalciden·
2538 2906 2541 2963 i

400 2973 490 3019 sem
515 2973 581 3019 T.
607 2972 799 3031 Qintii
833 2971 1087 3034 hospitem:
1125 2984 1261 3032 atque
1284 2983 1337 3017 ut
1366 2970 1442 3017 ille
1465 2969 1607 3016 bellus
1631 2970 1856 3033 scitusque
1887 2972 2189 3028 convivator,
2224 2984 2331 3014 cum
2356 2966 2503 3029 lmpe-

398 3037 541 3090 ratori
566 3037 818 3095 Roman0,
852 3035 1036 3100 eiusque
1059 3036 1311 3098 praetoriae
1343 3036 1531 3082 cohorti
1565 3051 1757 3082 coenam
1781 3035 1937 3094 daret,
1971 3050 2111 3081 omne
2131 3049 2278 3097 genus
2301 3029 2503 3079 venatio·
2539 3037 2541 3058 ⁴

2540 3064 2542 3085 l

399 3104 471 3150 nis
489 3135 504 3161 ,
530 3100 818 3164 speciemque
848 3101 1019 3148 ferinae
1042 3101 1217 3160 carnis,
1252 3102 1385 3148 variis
1413 3099 1720 3148 condimentis
1744 3099 1951 3147 effinxit:
1990 3100 2067 3146 Sic
2097 3114 2189 3163 ego
2215 3097 2386 3147 easdem
2409 3094 2504 3141 istas
2540 3095 2547 3157 l

398 3167 609 3231 vulgares
644 3165 825 3228 epulas,
861 3180 913 3214 ut
944 3167 1148 3226 caeteri,
1184 3180 1350 3227 nempe
1384 3165 1646 3227 Ovidium,
1680 3166 1813 3214 vobis
1847 3179 2074 3229 apponam
2097 3197 2113 3222 ,
2148 3162 2219 3210 sed
2250 3162 2340 3209 alio
2373 3157 2503 3224 pasto
2539 3152 2547 3191 ⁴³

398 3233 630 3280 eondiam.
698 3230 842 3281 Libet
866 3232 988 3280 enim
1010 3229 1261 3299 magnifica
1286 3230 1423 3281 verba
1445 3230 1663 3293 fundere,
1694 3245 1747 3280 ut
1765 3227 1961 3295 gloriosi
1995 3230 2138 3294 coqui
2170 3228 2316 3277 solent
2341 3226 2387 3272 in
2411 3222 2504 3269 Co·
2540 3231 2547 3283 {3

2307 3285 2507 3339 moediis.
2541 3332 2543 3368 1

2532 2153 2539 2220 *Α
