2547 3708
343 138 431 199 135
852 118 1912 180 DEDICATIONESEGs

341 224 479 271 terim
511 235 688 272 taceam
721 221 1015 282 Arnoldum,
1047 223 1359 283 Rhenanum,
1395 224 1647 289 Sapidum,
1684 224 1997 280 Schurerum,
2030 221 2230 286 aliosque
2260 221 2474 274 sum'mos'*
2520 242 2545 277 υ

343 302 483 352 atque
506 287 783 336 dociliffimos
804 291 954 348 viros,
990 290 1069 352 qui
1095 304 1250 335 omues
1279 305 1337 335 ex
1368 291 1524 336 eadem
1560 290 1732 353 patria,
1767 289 2020 351 eademque
2043 288 2157 334 urbe
2192 303 2286 334 non
2310 290 2462 337 minus
2521 287 2522 323 3

348 355 513 414 multi,
548 371 682 419 quam
718 354 831 400 olim
862 371 919 401 ex
944 370 1067 416 equo
1092 355 1306 416 Trojano
1331 354 1469 402 duces
1501 356 1720 419 praeclari
1743 370 1796 400 ac
1827 352 2149 400 memorabiles
2170 352 2471 415 prodierunt:
2522 350 2523 357 ¹

349 420 510 478 Quare
532 437 638 467 cum
662 417 717 465 ad
741 419 853 464 haec
878 419 1020 466 studia
1043 435 1139 466 non
1161 418 1304 466 fastus
1332 419 1503 480 modo,
1538 420 1611 466 sed
1636 433 1793 477 natus,
1828 434 1924 464 non
1946 416 2026 464 usu
2053 430 2132 464 aut
2163 419 2472 465 exercitatio--

347 501 406 532 ne
429 499 608 532 tantum
640 483 912 547 prove5lus,
947 483 1017 530 sed
1036 487 1131 547 jam
1156 484 1261 530 inde
1282 484 1309 531 a
1332 486 1583 549 majoribus
1606 486 1698 532 tuis
1723 495 2020 548 procreatus,
2055 483 2173 529 hanc
2199 482 2330 529 velut
2354 483 2473 530 hae-‘

347 551 607 597 redit-ariam
631 548 855 612 quandam
883 550 1198 613 posscffionem
1220 552 1471 613 acceperis,
1494 550 1611 596 nihil
1635 548 1847 612 equidem
1872 549 2070 595 alienum
2085 581 2099 606 ,
2122 561 2201 593 aut
2225 548 2476 611 ingratum'

347 615 491 662 videri
513 615 599 662 tibi
624 614 866 672 existimO,
901 615 1124 678 quicquid
1145 616 1281 678 hujus
1302 616 1482 677 generis
1504 617 1531 660 a
1555 631 1786 678 quoquam
1810 614 1864 660 ad
1886 627 1933 660 te
1956 612 2293 677 proficiscetur.
2328 612 2461 673 Qid
2530 639 2533 644 ¹

347 683 471 727 enim
497 680 676 726 homini
704 678 873 736 doeio,
911 679 959 724 &
983 681 1105 726 inter
1129 680 1238 744 ipsas
1266 680 1421 726 Musas
1444 681 1574 727 velut
1597 680 1819 739 educato,
1855 682 1999 742 magis
2024 679 2254 743 peculiare
2275 693 2326 724 ac
2353 695 2462 741 pro·
2530 698 2532 719 2

348 747 502 810 prium
528 742 695 790 censeri
717 744 882 802 debet,
917 761 1051 806 quam
1077 744 1272 809 idipsum
1299 744 1425 808 quod
1448 761 1505 792 ex
1530 745 1674 791 literis
1698 757 1857 792 natum
1878 744 2020 801 adeO,
2054 755 2192 806 atque
2214 757 2474 807 acceptum·
2526 742 2534 771 *¹

349 809 436 856 fit?
470 810 627 856 Facies
647 809 796 873 igitur
819 809 1035 873 pristinae
1067 822 1204 873 atque
1237 823 1428 874 agnatae
1460 810 1740 857 humanitati
1773 823 1878 856 tuae
1902 811 2258 855 consentaneum
2275 842 2290 867 ,
2327 807 2358 856 fi
2381 826 2466 873 pa·
2534 822 2535 826 ’

349 875 475 920 tiaris
500 874 669 920 nostras
693 874 771 920 has
797 877 1243 934 commentationes,
1277 889 1362 922 tuo
1387 875 1467 922 sub
1495 876 1683 922 nomine
1717 876 1765 921 in
1796 875 1965 938 vulgus
1991 873 2322 920 commendari.
2389 876 2463 923 Ac

347 953 400 986 ut
427 952 604 986 caetera
629 938 846 1002 pleraque
869 939 1027 986 favore
1050 940 1290 999 constant,
1323 942 1387 987 ita
1408 957 1493 987 nos
1514 956 1700 1005 quoque
1720 939 1774 986 ad
1798 939 1960 986 similes
1983 939 2175 1001 posthac
2197 937 2372 986 labores
2395 939 2465 987 su·
2528 947 2540 1000 ς·

348 1003 603 1067 scipiendos
627 1005 865 1050 alacriores
886 1005 979 1068 ipse
1013 1005 1197 1065 reddes,
1233 1005 1266 1052 fi
1293 1021 1390 1052 earn
1418 1006 1475 1052 de
1505 1019 1554 1052 te
1592 1004 1980 1068 significationem
2016 1003 2219 1062 dederis,
2252 1015 2305 1049 ut
2339 1005 2464 1053 hunc

349 1069 716 1133 qualemcunque
729 1069 929 1116 laborem
954 1070 1160 1117 nostrum
1174 1085 1341 1133 ,quem
1363 1072 1410 1117 in
1430 1069 1680 1134 praesentia
1702 1069 1991 1116 offerendum
2005 1069 2091 1116 tibi
2113 1069 2355 1129 duximus,
2369 1087 2465 1118 non
2534 1073 2539 1126 ’ς

349 1135 544 1180 omnino
569 1137 801 1199 ingratum
827 1146 906 1180 aut
931 1135 1067 1181 etiam
1094 1134 1340 1182 molestum
1366 1136 1496 1182 fuiffe
1530 1135 1617 1182 tibi
1641 1135 1889 1181 videamus.
1923 1134 2055 1184 Vale.
2121 1135 2461 1195 Francoforto,
2535 1107 2542 1197 ,-

347 1199 404 1245 ad
428 1199 494 1246 X.
519 1199 620 1247 Cal.
643 1199 779 1247 Febr.
808 1200 948 1245 Anno
977 1199 1152 1246 Christi
1181 1201 1381 1248 Domini
1406 1200 1551 1248 nostri
1580 1200 1940 1247 M.D.XLIlI.
2470 1215 2475 1228 ³
2535 1206 2544 1216 ”

2534 1131 2544 1183 'b

678 1333 740 1418 J.
840 1333 1348 1398 MICYLLI
1445 1332 2127 1399 PRAEFATIO
2366 1286 2547 1471 ff?

1157 1476 1214 1522 In
1235 1475 1377 1523 libros
1399 1474 1655 1524 Fastorum.
2537 1503 2547 1609 ἕ

350 1608 437 1715 E
457 1604 595 1651 Dirae
632 1604 735 1651 sunt
764 1604 789 1650 a
812 1621 885 1651 me
919 1606 1044 1652 annis
1077 1604 1384 1670 superioribus
1410 1606 1752 1654 Annotationes
1790 1607 1836 1652 in
1871 1605 2038 1655 Ovidii
2064 1606 2469 1672 Metamorphoses
2533 1604 2547 1663 ἐξ

462 1669 706 1732 quaedam,
723 1685 832 1733 quas
853 1686 944 1733 ego
970 1683 1082 1717 tunc
1108 1672 1275 1734 partim
1302 1687 1357 1718 ex
1374 1671 1565 1718 Graecis
1591 1670 1921 1735 scriptoribus,
1937 1673 2103 1734 partim
2127 1673 2308 1719 aliunde
2331 1690 2467 1737 quae·
2533 1642 2547 1760 Ἥ

353 1736 458 1782 fitas
482 1747 617 1797 atque
640 1734 882 1794 colleehrs,
917 1735 1113 1783 aliorum
1139 1737 1485 1783 commentariis
1505 1737 1634 1784 velut
1659 1736 1845 1783 atnam-ii
1872 1738 1974 1783 vice
1998 1736 2269 1799 adjiciendas
2291 1739 2473 1802 putavi.⁴
2534 1753 2547 1779 ’κ

352 1801 441 1846 Eas
479 1800 623 1862 igitur
654 1816 762 1847 cum
798 1799 1008 1847 studiosis
1040 1799 1299 1864 praesertim
1333 1801 1587 1848 nostrarum
1621 1802 1855 1848 literarum
1878 1837 1894 1861 ,
1937 1817 2034 1848 non
2065 1803 2258 1848 omnino
2288 1803 2471 1851 inutiles
2534 1781 2547 1918 :i

350 1865 481 1911 fuifle
505 1863 808 1911 existimarem
825 1899 841 1924 ,
875 1865 1038 1912 eodem
1063 1866 1280 1930 exemplo
1307 1864 1355 1913 ὃς
1381 1879 1558 1913 caetera
1593 1865 1793 1929 ejusdem
1826 1867 1993 1930 poe'tae
2026 1881 2165 1930 opera
2194 1882 2469 1931 pervagatus
2534 1870 2547 1925 ζ,

351 1929 476 1988 sum,
512 1942 565 1974 ut
601 1945 716 1991 quae
752 1931 800 1976 in
832 1929 989 1976 iisdem
1022 1931 1279 1978 enarrandis
1313 1930 1367 1976 ab
1402 1932 1497 1977 aliis
1529 1947 1689 1995 parum
1726 1930 1974 1977 commode
1996 1930 2190 1990 tradita,
2224 1945 2304 1979 aut
2327 1932 2468 1980 etiam
2534 1921 2547 1986 l

351 1993 532 2057 prorsus
555 1995 801 2056 praeterita
822 2007 959 2056 atque
990 1995 1148 2041 omiffa
1171 1995 1470 2054 videbantur,
1505 2011 1665 2042 eorum
1692 1996 1909 2059 pleraque
1941 1995 2167 2059 prolixius
2190 2013 2242 2042 ac
2264 1997 2467 2060 planius,
2534 1987 2547 2039 *i

350 2059 502 2121 quoad
527 2058 625 2105 fieri
653 2059 1122 2122 poffet,explicarem
1139 2095 1153 2120 ,
1170 2060 1389 2124 quaedam
1413 2063 1549 2106 'etiam
1575 2061 1631 2106 de
1656 2060 1842 2125 integro
1863 2077 1915 2106 ac
1939 2077 2061 2108 nova
2085 2060 2466 2124 interpretatione
2503 2078 2509 2081 ·
2535 2011 2547 2153 i

352 2123 639 2170 illustrarem.
708 2124 986 2187 Qanquam
1009 2126 1153 2189 igitur
1173 2127 1222 2172 in
1246 2138 1375 2189 parte
1401 2127 1552 2189 operis
1574 2141 1735 2188 parum
1765 2124 1956 2172 fortassis
1984 2127 2232 2172 conveniat
2259 2126 2469 2189 praefari,
2536 2120 2547 2186 ἦ,

352 2187 616 2251 praesertim
640 2188 824 2250 quando
857 2204 952 2236 non
968 2191 1088 2253 justa
1110 2202 1247 2252 atque
1282 2191 1464 2253 integra
1489 2190 1863 2248 Commentaria,
1899 2189 1970 2235 sed
1994 2189 2337 2237 Annot'ationes
2367 2203 2468 2238 tan·
2535 2185 2547 2256 ξῐ

354 2266 457 2299 tum
483 2267 647 2314 paucas
670 2268 720 2298 ac
741 2251 899 2299 breves
925 2254 1134 2317 quasdam
1157 2254 1420 2300 scribimus:
1457 2256 1636 2301 veniam
1665 2266 1819 2300 tamen
1843 2253 2018 2300 dabunt
2040 2253 2174 2300 nobis
2199 2257 2370 2318 opinor
2395 2271 2470 2302 ae·
2541 2250 2544 2282 ¹

355 2318 435 2381 qui
468 2333 519 2363 ac
553 2316 664 2362 boni
691 2315 908 2376 leEmres,
945 2318 976 2364 fi
1000 2318 1055 2364 de
1083 2320 1177 2366 hoc
1203 2317 1300 2381 ipso
1328 2317 1674 2364 commentandi
1703 2333 1874 2383 genere
1911 2318 2125 2365 nonnihil
2157 2321 2204 2365 in
2236 2321 2467 2381 medium,
2541 2324 2544 2354 ⁵

355 2383 449 2428 hoc
472 2381 581 2427 loco
604 2380 869 2441 afferamus,
904 2399 999 2428 non
1020 2396 1201 2430 tantum
1226 2395 1279 2429 ut
1312 2383 1512 2429 nostram
1537 2383 1630 2429 hoc
1655 2382 1791 2446 paeto
1819 2383 2040 2442 caussam,
2075 2383 2339 2449 nostrasque
2365 2381 2466 2449 par-

354 2459 421 2493 tes
433 2459 645 2492 tueamur
660 2463 668 2492 :
685 2445 757 2492 sed
780 2458 833 2492 ut
856 2447 904 2492 in
917 2463 1166 2493 commune
1187 2447 1398 2493 omnium
1424 2464 1582 2495 eorum
1600 2482 1614 2506 ,
1631 2449 1709 2511 qui
1735 2449 1781 2493 in
1806 2448 1897 2494 hoc
1923 2447 2147 2495 scribendi
2174 2465 2343 2513 genere
2364 2467 2465 2499 Ver-

353 2510 531 2570 santur,
567 2510 767 2556 laborem
792 2527 844 2557 ac
867 2510 1068 2557 studium
1089 2511 1144 2557 ab
1165 2512 1330 2574 injuria
1353 2512 1402 2558 &
1426 2512 1764 2560 obtre<3³mti0ne
1787 2512 2086 2561 vindicemus.

422 2575 553 2621 Nam
579 2587 631 2621 ut
655 2574 775 2636 apud
799 2575 1138 2622 Callimachum
1165 2577 1350 2639 po‘e'tam
1367 2611 1382 2636 ,

539 2654 582 2698 o‘
606 2646 798 2714 φθόνῶ
821 2651 1097 2710 Α’πᾶλλωνΘ·
1122 2654 1192 2703 ἐπ’
1212 2650 1331 2704 ἔειπε
1355 2649 1576 2716 λσίθρλιῶ
1600 2651 1746 2715 εἶπεν,

539 2716 631 2766 Ov'n
656 2714 836 2777 ἄροιμσα
863 2719 933 2767 τόν
956 2719 1119 2779 οἰοιὸδν,
1155 2717 1200 2769 ἲς
1223 2715 1294 2772 εἶδ’
1310 2720 1386 2769 ἶσοι
1407 2721 1593 2779 vto'vr&
1617 2716 1782 2771 dada:

359 2805 541 2877 Eodem
573 2805 664 2852 fere
697 2807 838 2854 modo
869 2808 1080 2855 &hodie
1114 2811 1260 2875 vulgo
1297 2812 1504 2872 faciunt,
1541 2815 1620 2876 qui
1649 2814 1704 2860 de
1738 2813 1900 2860 nostris
1937 2813 2092 2860 studiis
2126 2813 2375 2878 nostrisque
2400 2814 2468 2862 his

360 2885 509 2930 operis
525 2870 733 2932 judicare
753 2871 1105 2921 consueverunt.
1142 2876 1314 2941 Neque
1336 2879 1457 2924 enim
1480 2878 1546 2925 illi
1571 2895 1624 2924 eo
1648 2878 1925 2942 respiciunt,
1959 2892 2117 2925 utrum
2141 2879 2262 2925 refile
2285 2895 2342 2925 an
2366 2886 2468 2944 per-

357 2949 543 2996 peram,
577 2934 624 2981 id
647 2935 772 2998 quod
798 2937 1076 2997 institueris,
1112 2956 1297 3005 peragas
1322 2959 1373 2988 ac
1400 2942 1618 3006 praestes:
1655 2944 1728 2990 sed
1756 2944 2003 2991 verborum
2040 2943 2389 2990 multitudinem
2415 2956 2468 2991 ut

358 2999 610 3070 pluri-mum
646 2998 877 3062 specstant,
913 3019 1246 3068 numerumque
1280 3023 1332 3054 ac
1365 3005 1556 3053 modum
1591 3009 1862 3072 paginarum
1898 3008 2159 3055 recensent:
2198 3008 2385 3070 perinde
2416 3020 2470 3059 ut
2538 3024 2541 3055 Q

359 3078 490 3125 pueri
512 3062 684 3124 solent,
719 3066 881 3128 quibus
906 3067 938 3114 fi
960 3085 1207 3131 pomorum
1229 3085 1309 3118 aut
1334 3087 1505 3118 nucum
1538 3088 1750 3120 acervum
1775 3089 2031 3138 proponas,
2066 3088 2123 3118 ex
2150 3073 2288 3120 altera
2314 3085 2467 3120 autem
2539 3070 2541 3123 i

359 3140 490 3189 parte
510 3130 745 3176 aureolum
768 3144 847 3178 aut
871 3147 1102 3195 gemmam
1132 3134 1356 3195 ostentes,
1391 3137 1445 3183 ad
1469 3136 1515 3182 id
1539 3140 1776 3200 protinus,
1812 3137 1937 3200 quod
1963 3139 2105 3199 majus
2128 3153 2179 3184 ac
2205 3138 2309 3200 plus
2328 3152 2467 3201 appa--
2539 3132 2541 3196 ξ

361 3204 455 3252 ret,
489 3192 727 3255 feruntur,
762 3211 1044 3262 numeroque
1067 3216 1118 3248 ac
1145 3201 1492 3266 magnitudine,
1524 3219 1617 3251 non
1643 3204 1897 3266 p1·etio·'aut
1923 3203 2151 3265 dignitate
2172 3201 2248 3249 sua
2268 3218 2335 3249 res
2357 3218 2466 3265 pro·
2540 3217 2541 3259 i

2340 3264 2463 3328 pofi-
2540 3265 2541 3314 l

2540 3345 2542 3372 ἱ
