2547 3708
892 140 1111 215 ΓΒ

1259 160 1283 216 I
1427 163 1478 218 S.

501 263 614 336 Qui
641 261 793 317 datus
816 259 890 315 est
915 261 1025 314 leto
1049 259 1288 331 conjugis
1315 264 1436 316 ense
1463 261 1596 318 suae.

235 337 245 343 “
285 358 386 408 325
427 337 693 410 Quosque
719 348 868 406 putas
893 331 1060 397 fidos,
1099 346 1155 386 ut
1187 333 1474 414 Larissaeus
1500 338 1727 404 AleuaS,

501 410 739 467 Vulnere
764 425 874 464 non
897 406 1033 460 fidos
1057 422 1336 477 experiare
1366 420 1476 490 tu0.

132 632 237 717 guod
256 633 423 674 Valerius
442 633 557 673 scribit
570 633 663 674 libro
683 643 788 689 nono
803 659 813 675 ‚
834 632 958 688 'capite
969 631 1130 690 secundo
1145 663 1156 680 ,

162 697 181 723 e
199 685 411 725 crudelitate
431 686 689 723 Barbarorumx
717 690 812 720 Sicut
828 683 882 720 tlli
903 685 1051 720 Barbari
1065 712 1074 727 ‚
1102 687 1157 722 in·

131 736 215 786 quit
227 766 237 781 ‚
267 751 347 787 quos
357 739 481 783 ferunt
498 736 733 773 mactatarum
750 733 918 782 pecudum
937 733 1159 777 intestinis&

134 786 319 836 vifteribus
353 787 463 836 egestis
499 786 650 822 homines
669 785 831 832 inserere,
860 785 912 821 ita
932 796 971 821 ut
990 785 1158 833 capitibus

133 840 378 877 tantummodo
405 836 596 875 emineant:
625 849 756 886 quoque
777 836 910 872 diutius
926 844 1049 884 poenae
1059 836 1157 884 suffi-

134 890 229 926 ciant
242 920 254 935 ‚
282 889 402 927 cibo&
420 889 550 936 potione
568 887 755 929 infoelicem
773 886 932 931 [viritum
950 896 1153 934 prorogant,

134 940 237 977 donec
257 940 351 976 intus
373 938 580 987 putrefacti,
605 936 735 974 laniati
753 940 839 985 sunt
857 937 902 972 ab
919 937 1130 974 animalibus
1145 967 1154 983 ‚

135 1005 222 1041 quae
246 989 374 1027 tabidis
400 988 438 1025 in
466 987 653 1036 corporibus
685 988 777 1035 nasci
807 987 924 1031 lolem.
978 988 1153 1027 Micrtr..

134 1042 250 1080 Vetus
278 1042 451 1087 interpres
480 1040 518 1077 δε
546 1039 624 1088 post
641 1050 726 1076 eum
757 1038 938 1075 Adrianus
957 1038 1154 1078 Turnebus

132 1091 455 1133 Adversariorum,
480 1089 538 1127 lib·
563 1101 614 1128 ix.
640 1100 718 1137 cap.
739 1101 797 1137 25.
829 1089 1025 1125 Hermiam
1047 1090 1154 1127 Atar-

132 1143 298 1181 nenfium
323 1142 567 1188 Tyrannum,
596 1139 992 1183 Artaxerxirebellem‚
1021 1140 1153 1178 intelli-

128 1203 243 1242 gunt,
271 1203 381 1241 quem
405 1190 528 1228 fraude
546 1192 840 1228 circumventum
863 1191 1039 1234 Mentor,
1067 1203 1154 1230 orae

131 1244 311 1282 Asiaticae
346 1241 571 1284 Praesentis,
600 1241 634 1278 in
655 1240 800 1278 vincula
816 1241 999 1289 conjecit,
1025 1242 1157 1279 autho-

129 1305 170 1333 re
202 1293 375 1331 Diodoro
404 1292 526 1329 Siculo
560 1291 730 1330 Biblioth.
764 1292 825 1329 lib.
855 1303 935 1329 xV1.
981 1300 1155 1340 extatque

128 1343 331 1383 Aristotelis
351 1343 585 1390 Epigramma
598 1369 608 1386 ,
636 1353 712 1389 quo
725 1341 917 1379 Hermiam
931 1341 1078 1389 perfidia
1091 1344 1154 1381 de-

127 1404 277 1444 ceptum
305 1422 314 1439 ,
354 1394 390 1430 &
408 1391 428 1430 a
454 1394 555 1442 Rege
574 1392 759 1430 Persarum
781 1393 1014 1431 interfeetum
1035 1422 1043 1436 ‚
1063 1406 1154 1433 con-

129 1447 307 1496 queritur.
355 1444 496 1481 Verum
530 1444 636 1481 Ianus
662 1443 862 1482 Parrhasius
884 1473 892 1485 ,
925 1444 976 1480 vir
993 1456 1150 1484 avorum

129 1496 337 1535 nostrorum
370 1495 551 1532 memoria
592 1495 817 1543 pereruditus
838 1522 848 1538 ‚
895 1493 956 1531 lib.
1018 1495 1065 1532 de
1079 1498 1150 1535 Re-

132 1547 198 1585 bus
220 1559 282 1596 per
312 1545 508 1593 Epistolam
542 1544 732 1593 quaesitis,
763 1545 922 1593 Epistola
950 1544 993 1582 ad
1019 1547 1150 1585 mode-

126 1598 222 1636 stum
237 1597 468 1636 Sacerdotem
480 1596 718 1634 Veicetinum
735 1625 744 1641 ,
771 1595 943 1645 Paetyam
956 1596 1147 1636 hominem

130 1649 282 1696 Lydum
316 1647 504 1696 significari
535 1655 638 1695 putat
660 1675 671 1691 ,
714 1649 778 1696 qui
807 1659 893 1684 cum
920 1647 1069 1696 supplex
1106 1650 1152 1688 ad

128 1700 244 1738 Chios
257 1696 495 1747 confugisset,
507 1698 599 1746 Regi
612 1697 793 1736 Persarum
808 1697 949 1736 deditus
969 1698 1010 1736 fit
1026 1709 1154 1749 ‚atque

128 1751 178 1788 ob
199 1750 236 1788 id
263 1751 364 1788 vicus
396 1751 574 1786 Atarneus
606 1757 731 1787 contra
761 1749 922 1786 Lesbum
955 1749 1058 1788 Chiis
1087 1763 1154 1799 pro

128 1800 301 1839 mercede
316 1800 417 1838 datus
429 1798 471 1836 sit
484 1826 495 1844 ,
522 1798 589 1837 uta
604 1799 775 1838 Pausania
798 1800 833 1836 in
847 1799 1057 1839 Meffenicis
1070 1814 1151 1850 pro-

128 1851 245 1890 ditum
268 1850 347 1889 est:
384 1850 557 1899 Pastyam
588 1861 679 1888 vero
707 1850 913 1888 Atarnitem
945 1851 1083 1890 difium
1112 1854 1156 1892 ab

127 1901 191 1939 illo
206 1901 292 1940 loco
306 1930 316 1946 ,
344 1912 457 1950 quem
477 1901 563 1939 Chii
583 1902 619 1939 in
643 1903 845 1949 praemium
869 1902 1156 1950 proditionisac·

130 1954 304 2000 ceperint.
328 1952 381 1989 At
401 1953 499 1989 enim
523 1963 607 1989 cum
627 1952 744 1990 nullus
763 1952 1129 2001 ScriptorHermiam
1143 1984 1154 2002 ,

129 2010 192 2040 aut
205 2001 392 2050 Pactyam,
411 2002 546 2039 insutos
559 2001 660 2038 fuiffe
673 2003 824 2050 juvenci
835 2004 928 2050 pelle
941 2004 1128 2044 tradiderit
1143 2034 1154 2051 ‚

130 2051 296 2090 Andreas
316 2052 486 2089 Schottus
507 2050 816 2088 Observationum
844 2052 903 2089 lib.
922 2066 967 2090 ιι.
995 2065 1071 2102 cap.
1097 2066 1155 2101 32.

127 2101 206 2138 Sine
227 2100 471 2149 haesitatione,
497 2101 639 2148 inquit,
668 2102 870 2140 crediderim
897 2104 1154 2143 emendandum

126 2151 391 2189 Achimenides
411 2178 422 2195 ,
453 2160 514 2200 pro
535 2151 761 2189 Acharnides
783 2179 794 2196 ,
829 2153 869 2189 de
889 2168 953 2203 quo
968 2156 1151 2201 proditur,

101 2227 103 2231 ι
126 2203 217 2253 quod
244 2201 395 2239 Ovidius
430 2199 634 2238 Acharnidi
662 2200 801 2239 tribuit.
863 2203 1011 2248 Historia
1032 2217 1150 2242 autem

125 2255 216 2302 apud
247 2252 455 2289 Herodotum
478 2249 685 2299 Polymnia,
713 2262 757 2292 a*
773 2251 812 2289 in
839 2251 969 2301 Ctefiae
987 2257 1152 2304 excerptis

125 2303 243 2341 photii
280 2303 382 2349 nostri
434 2301 658 2339 Bibliothecae
705 2312 817 2340 extat.
889 2304 1147 2344 Achemenem

124 2354 520 2392 certeXerxissrati-em
551 2352 784 2397 (Artaxerxis
798 2353 966 2401 Ctefiae)
996 2355 1150 2406 AEgypti

124 2403 352 2443 Praefectum
387 2405 430 2441 ab
461 2404 570 2441 Inaro
595 2403 687 2441 Libe
710 2432 720 2447 ,
758 2405 821 2453 qui
845 2404 988 2443 Ctefiae
1009 2407 1150 2454 Lydius

124 2454 194 2499 est,
223 2454 487 2504 AEgyptiorum
520 2453 627 2491 Duce
650 2455 913 2504 interemptum
933 2456 1050 2495 scribit
1070 2458 1150 2496 He·

123 2505 275 2545 rodotus
296 2535 307 2550 ‚
344 2505 518 2554 additque
544 2503 682 2542 Ctesias
712 2506 788 2550 eius
819 2507 973 2544 cadaver
1003 2507 1048 2546 ad
1074 2511 1144 2546 Ar-

118 2564 307 2595 taxerxem
341 2554 485 2593 missum
508 2582 520 2600 ,
553 2555 708 2594 insutum
746 2568 838 2594 vero
872 2558 1019 2604 juvenci
1050 2559 1144 2606 pelle

118 2615 249 2645 neuter
267 2608 328 2645 ait.
378 2606 543 2655 Ideoque
565 2606 691 2645 malim
715 2619 799 2645 cum
820 2608 1020 2656 lnterprete
1041 2618 1139 2648 vete-

120 2658 150 2693 ri
170 2658 363 2696 Hermiam
378 2657 537 2695 Atarnae
554 2657 776 2706 Tyrannum
790 2658 989 2708 intelligere
1003 2688 1013 2704 ,
1025 2671 1138 2708 quem

124 2705 278 2746 Ovidius
308 2719 384 2746 non
415 2708 530 2746 solum
557 2706 577 2745 a
614 2708 790 2747 Mentore
817 2710 852 2746 in
882 2710 1027 2748 vincula
1050 2723 1141 2748 con·

119 2755 259 2804 jectum
275 2785 284 2801 ,
309 2758 368 2796 sed
389 2760 498 2796 etiam
516 2760 667 2808 juvenci
688 2760 782 2808 pelle
802 2760 1016 2798 contectum
1042 2762 1138 2809 apud

122 2806 213 2845 alios
233 2818 348 2844 rerum
371 2808 587 2847 persicarum
604 2810 801 2858 Scriptores
815 2811 934 2860 legere
964 2814 1139 2860 potuerit.

120 2856 290 2894 Satvrio.
318 2859 498 2896 Atarnites
509 2861 544 2897 in
556 2860 777 2898 melioribus.
790 2861 891 2908 quod
904 2861 1085 2900 Turnebo
1099 2864 1135 2902 in

120 2906 542 2954 Adversariisprobatum
555 2911 613 2948 est.
633 2911 779 2949 Herus.
807 2911 854 2949 Et
866 2912 1136 2950 del-leriniain-

119 2957 242 3007 tellige
252 2956 425 3000 ‚Atarnae
436 2968 519 3006 rege
531 2959 603 2997 sive
612 2968 828 3008 tyranno,ut
840 2962 938 3000 ree’re
966 2963 1136 3002 Turneb.

116 3007 176 3045 lib.
198 3019 247 3045 1x.
285 3007 411 3044 Avers.
447 3019 525 3055 cap.
543 3010 601 3047 26.
626 3011 740 3048 Addit
758 3011 954 3050 eDiodoro
974 3013 1032 3051 lib.
1052 3026 1135 3055 xvi.

117 3057 314 3096 Turnebus
334 3085 344 3101 ‚
375 3058 568 3096 Hermiam
582 3086 593 3103 ‚
620 3063 705 3109 quia
722 3060 930 3102 aPersarum
965 3075 1048 3113 rege
1069 3064 1132 3103 de-

115 3108 275 3152 fecerat,
304 3109 598 3146 circumventum
630 3110 673 3147 ab
703 3111 870 3151 Hectore
902 3114 997 3152 duce
1041 3116 1133 3165 regis

116 3158 296 3197 Persarum
314 3188 324 3205 ,
353 3159 441 3196 &in
465 3159 679 3207 potestatem
700 3161 901 3202 redactum.
955 3165 1006 3204 At
1027 3167 1131 3214 quod

118 3210 232 3247 ovid.
259 3212 308 3248 ait
330 3237 341 3254 ‚
369 3208 531 3258 infinum
557 3210 642 3259 pelle
655 3211 819 3259 juvenci,
848 3215 883 3251 id
908 3215 952 3251 de
973 3216 1130 3254 Hermia

116 3260 182 3309 qui
203 3259 388 3306 scriberet,
409 3261 528 3300 adhuc
542 3272 619 3299 non
638 3262 724 3300 vidi.
778 3262 879 3302 Vrii..
907 3265 1044 3316 Anna.
1073 3278 1135 3306 va-

2145 487 2245 544 Ur„

1211 628 1305 668 riant
1316 629 1518 671 admodum
1533 630 2249 677 codices,Atarnides,Acamites‚Achar-

1214 681 1588 729 mites‚Archamites,
1617 684 1813 729 Ammites,
1834 683 1905 721 &Q
1934 683 2155 721 Acharnides
2171 685 2245 722 hir·

1212 732 1311 778 [utus
1327 732 1525 771 Herculan.

1265 792 1348 830 321..
1378 784 1535 833 Turpiter
1565 785 1612 821 ad
1642 784 1873 835 Dominum]

1213 835 1431 877 Dominum,
1459 846 1569 882 quam
1597 836 1771 883 adRegem
1790 867 1798 873 .
1825 837 2001 885 quoniam
2025 837 2242 884 Regesl'ern

1211 882 1327 920 sarum
1342 912 1350 925 ‚
1380 885 1423 920 ab
1445 886 1484 922 iis
1499 887 1584 933 ‚qui
1606 897 1734 923 eorum
1754 887 1883 925 ditioni
1907 887 2103 935 parebant,
2130 888 2243 925 dami-

1208 933 1246 969 m'
1265 935 1501 973 vocabantur.
1536 937 1593 974 Sic
1611 938 1710 974 enim
1730 937 1825 984 apud
1840 938 2077 975 Herodotum
2097 938 2158 976 lib.
2172 950 2244 977 vir.

1210 995 1284 1020 vrri
1299 986 1334 1022 ὅ(
1348 998 1399 1022 rx.
1412 986 1571 1023 Xerxem
1589 988 1730 1035 Regem
1746 986 1905 1025 Mafistes
1918 985 2128 1036 ejus'frater,
2141 990 2243 1027 Mar-

1210 1033 1353 1073 donius'
1379 1037 1615 1075 consobrinus
1644 1040 1682 1075 δε
1706 1036 1901 1075 Artemisia
1938 1038 2074 1075 Carum
2099 1039 2241 1087 Regina

1210 1083 1389 1126 δεσπότην
1407 1088 1600 1136 appellant.
1652 1088 1899 1137 Similiterque
1919 1087 2087 1134 Satrapae
2106 1089 2240 1139 aliique

1212 1135 1400 1174 Officiales
1420 1137 1575 1176 Darium
1597 1140 1634 1177 δε
1656 1139 1898 1176 Artaxerxem
1920 1137 2122 1183 δεσπότας,
2152 1141 2243 1189 seip-

1210 1186 1265 1223 sos
1288 1199 1375 1225 vero
1396 1188 1538 1231 δούλους
1562 1191 1743 1227 vocantin
1756 1191 1821 1227 illis
1841 1190 1974 1232 literis,
1988 1201 2082 1238 quae
2107 1190 2239 1230 Efflrae

1210 1236 1270 1274 lib.
1290 1250 1315 1274 1.
1344 1250 1423 1286 cap.
1445 1251 1478 1285 4.
1499 1253 1531 1287 ς.
1573 1242 1610 1277 &
1634 1241 1668 1277 6.
1705 1241 1743 1277 ὃ(
1773 1239 1932 1288 Josepho
1969 1241 2030 1278 lib.
2049 1253 2103 1278 xr.
2131 1242 2241 1280 Anti·

1209 1288 1302 1334 quit.
1319 1289 1459 1334 Judaic.
1486 1301 1563 1337 cap.
1581 1302 1614 1327 2.
1644 1289 1858 1333 laudantur;
1898 1301 1983 1328 nam
2007 1290 2118 1338 usque
2142 1292 2239 1331 adeo

1207 1337 1320 1375 libere
1338 1340 1523 1377 Persarum
1556 1342 1675 1390 Reges
1694 1341 1920 1388 imperabant
1940 1368 1950 1384 ‚
1978 1350 2017 1378 ut
2040 1353 2171 1380 omnes
2188 1343 2243 1381 di-

1209 1389 1321 1427 tionis
1342 1389 1423 1428 suae
1446 1391 1605 1429 subditos
1633 1404 1698 1440 pro
1727 1392 1835 1429 servis
1860 1393 1897 1429 &
1922 1392 2110 1438 mancipiis
2132 1393 2242 1431 habe-

1208 1449 1310 1484 rent,
1338 1441 1410 1479 sola
1439 1453 1556 1480 uxore
1587 1452 1739 1490 excepta
1763 1469 1772 1485 ,
1802 1442 2122 1491 quemadmodum
2146 1444 2242 1482 testis

1208 1489 1255 1526 est
1279 1491 1487 1530 Plutarchus
1517 1492 1605 1535 πρὸς
1635 1492 1764 1530 aaut&
1798 1494 1836 1530 &
1874 1491 1983 1531 fufius
2013 1493 2241 1541 prosequitur

1207 1540 1386 1628 garnabas
1424 1541 1622 1582 Brissonius
1664 1544 1725 1582 lib.
1754 1554 1786 1583 1.
1824 1543 1870 1583 de
1885 1544 2017 1593 Regno
2038 1544 2241 1585 Persarum.

1233 1603 1376 1631 arvae.

1262 1653 1345 1692 323.
1373 1650 1483 1694 Inque
1502 1657 1561 1684 tuo
1580 1645 1750 1685 thalamo.
1804 1646 2014 1686 Alexander
2027 1646 2241 1686 Pheraeusa

1209 1693 1344 1732 Thebe
1362 1707 1478 1734 uxore
1497 1697 1555 1735 sua
1568 1707 1716 1746 propter
1728 1697 1934 1746 pellicatum
1951 1698 2163 1736 interfectus
2182 1699 2245 1738 est.

1212 1744 1454 1785 iuremus.
1482 1748 1590 1794 Jason
1609 1749 1668 1786 hic
1698 1747 1719 1786 a
1742 1749 1863 1788 Pheris
1884 1748 2098 1788 Thessalicis
2113 1777 2123 1792 ,
2152 1761 2242 1799 quas

1211 1797 1406 1843 tyrannide
1437 1798 1659 1848 oppresserat
1679 1827 1691 1844 ‚
1727 1799 1844 1837 dietus
1873 1799 2067 1844 pheraeus,
2095 1800 2140 1837 de
2163 1812 2241 1849 quo

1215 1846 1400 1887 Cicero&
1422 1849 1600 1888 Plin.v11.
1626 1851 1691 1899 qui
1719 1850 1928 1898 deploratus
1957 1863 1977 1887 a
1998 1850 2150 1889 medicis
2173 1864 2242 1889 vo-

1215 1899 1337 1936 micae
1367 1899 1501 1939 morbo
1523 1928 1534 1944 ‚
1572 1912 1657 1939 cum
1683 1910 1843 1940 mortem
1866 1902 1903 1940 in
1926 1902 2005 1939 acie
2025 1912 2216 1950 quaereret
2231 1931 2241 1946 ‚

1214 1949 1409 1988 vulnerato
1439 1951 1483 1988 ab
1511 1951 1615 1989 hoste
1641 1952 1974 1999 pestoreffalutem
1994 1953 2159 1990 invenit:
2190 1954 2239 1992 ita

1213 1999 1262 2036 illi
1284 2000 1417 2038 hostilis
1445 2002 1583 2049 gladius
1608 2002 1758 2039 salutem
1789 2003 1932 2045 attulit,
1958 2013 2069 2049 quem
2104 2001 2239 2042 medici

1211 2048 1332 2087 sanare
1343 2051 1439 2087 nulla
1463 2052 1604 2088 ratione
1627 2060 1834 2098 potuerant.
1855 2052 1953 2089 hunc
1972 2051 2106 2089 Thebe
2121 2064 2214 2091 uxor
2229 2082 2241 2100 ,

1213 2099 1472 2147 adjuvantibus
1488 2101 1662 2146 consciis,
1694 2101 1843 2139 tandem
1862 2103 2062 2139 interemit.
2100 2102 2240 2141 Eous·

1215 2161 1315 2187 rius.
1342 2150 1542 2188 Alexandri
1553 2149 1815 2189 Thessalorum
1835 2154 1927 2200 regis
1955 2151 2115 2198 (Pherae
2134 2155 2237 2194 enim

1204 2200 1384 2246 oppidum
1425 2201 1472 2238 est
1500 2199 1732 2248 Thessaliae)
1777 2202 1863 2251 quia
1893 2202 2026 2240 Thebe
2047 2230 2059 2247 ‚
2096 2204 2237 2250 jasonis

1203 2247 1412 2288 Thessaliae
1438 2251 1531 2300 regis
1552 2250 1622 2289 filia
1645 2279 1655 2295 ‚
1694 2264 1810 2290 uxore
1831 2254 1889 2291 sua
1919 2253 2042 2303 adjuta
2068 2265 2088 2291 a
2119 2255 2237 2294 Ctesi·

1202 2299 1363 2348 phonte‚
1392 2301 1512 2340 Pitulo
1536 2304 1573 2339 &
1598 2303 1853 2352 Lycophrone
1883 2304 2049 2343 fratribus
2069 2304 2117 2343 est
2134 2308 2237 2345 occi-

1204 2350 1272 2389 sus.
1321 2351 1424 2401 Lege
1445 2353 1677 2391 Plutarchum
1697 2356 1735 2392 in
1757 2354 1981 2402 Pelopida&
2002 2354 2173 2394 Tullium
2186 2358 2235 2397 de

1206 2401 1451 2442 Divinatione
1480 2403 1558 2442 libr.
1580 2417 1605 2442 1.
1636 2405 1786 2443 Cousr.
1806 2405 1901 2443 Fau.
1937 2406 1999 2444 De
2014 2406 2231 2447 Alexandro

1204 2451 1370 2491 Pheraeo
1394 2454 1432 2492 &
1453 2455 1529 2502 ejus
1561 2456 1663 2493 exitu
1686 2456 1835 2506 copiose
1859 2455 2082 2495 tradiderunt
2101 2458 2231 2497 Xeno-

1198 2503 1298 2551 phon
1316 2505 1375 2542 lib.
1398 2517 1434 2542 v.
1461 2507 1506 2542 de
1528 2506 1649 2544 Rebus
1669 2507 1898 2545 Graecorum
1921 2535 1933 2552 ‚
1959 2509 1996 2545 ἂ
2017 2507 2229 2549 Plutarchus

1198 2555 1235 2591 in
1262 2556 1334 2592 vita
1356 2556 1567 2604 Pelopidae.
1603 2558 1781 2595 Minus.
1807 2558 2009 2597 Alexandri
2028 2558 2226 2602 Pherarum

1198 2604 1234 2641 in
1257 2603 1438 2644 Thessalia
1457 2607 1652 2653 Tyranni,
1683 2609 1728 2646 de
1757 2619 1834 2657 quo
1857 2609 2004 2647 Tullius
2024 2609 2134 2648 Offic.
2161 2611 2223 2649 lib.

1199 2667 1246 2694 11.
1274 2667 1309 2701 7.
1337 2657 1436 2705 Quid
1464 2658 1714 2696 Alexandrum
1748 2663 1939 2696 Pheraeum
1959 2687 1970 2704 ,
2009 2674 2075 2710 quo
2103 2661 2224 2699 animo

1196 2705 1316 2754 vixisse
1331 2707 1582 2746 arbitrantur?
1609 2710 1670 2758 qm·
1683 2738 1692 2750 ‚
1720 2721 1760 2747 ut
1775 2710 1939 2759 scriptum
1959 2711 2120 2758 legimus,
2141 2724 2220 2750 cum

1193 2770 1333 2793 uxorem
1366 2757 1498 2794 Theben
1527 2761 1718 2797 admodum
1738 2760 1912 2809 diligeret,
1939 2772 2059 2798 tamen
2076 2762 2124 2799 ad
2140 2776 2219 2800 eam

1192 2820 1234 2843 ex
1262 2807 1367 2855 epulis
1387 2807 1424 2845 in
1455 2809 1649 2847 cubiculum
1670 2814 1833 2855 veniens,
1862 2811 2052 2848 barbarum
2074 2824 2117 2852 ω’
2137 2827 2216 2850 eum

1192 2858 1332 2908 quidem
1348 2886 1358 2902 ‚
1386 2871 1424 2895 ut
1448 2861 1612 2903 scriptum
1625 2861 1689 2905 eli,
1726 2865 1963 2909 compunctum
1992 2862 2082 2899 notis
2105 2863 2218 2900 Thra-

1191 2909 1270 2952 ciis,
1298 2909 1444 2956 districto
1453 2909 1566 2959 gladio
1575 2911 1719 2960 jubebat
1731 2912 1880 2958 anteire,
1903 2913 2221 2962 praemittebatque

1191 2959 1233 2996 de
1253 2959 1468 3010 stipatoribus
1482 2963 1552 3008 suis
1567 2990 1577 3008 ,
1605 2964 1664 3013 qui
1674 2965 1922 3011 scrutarentur
1934 2963 2072 3001 arculas
2093 2966 2216 3002 mulie·

1191 3009 1286 3054 bros,
1316 3023 1359 3051 φ’
1380 3025 1421 3049 ne
1442 3013 1532 3063 quod
1550 3015 1587 3050 in
1607 3013 1818 3061 vestimentis
1838 3013 1947 3050 telum
1959 3015 2211 3060 occultaretur,

1189 3061 1423 3111 exquirerent.
1477 3069 1507 3099 O
1527 3066 1687 3112 miserum
1702 3092 1712 3109 ,
1741 3064 1801 3115 qut‘
1812 3064 2002 3113 fideliorem
2022 3077 2065 3104 ω’
2086 3064 2212 3101 barba·

1188 3125 1268 3149 rum
1289 3125 1333 3152 (φ
1353 3112 1570 3161 stigmatiam
1594 3124 1735 3163 putaret
1755 3143 1765 3158 ‚
1794 3129 1901 3164 quam
1932 3129 2125 3164 conjugem,
2152 3128 2214 3152 nec

1187 3176 1265 3199 eum
1279 3163 1406 3210 fefellit
1426 3162 1555 3210 opinio,
1585 3165 1628 3201 ab
1646 3179 1683 3202 ea
1706 3166 1747 3210 eft
1768 3166 1860 3202 em'm
1888 3166 1950 3214 ipse
1968 3174 2095 3214 prepter
2111 3164 2212 3211 pelli·

1187 3224 1285 3250 catus
1298 3213 1517 3261 suspicionem
1547 3216 1757 3262 interfec‘lus.
1809 3217 1986 3253 Meminit
2002 3243 2010 3256 ,
2037 3216 2124 3250 item
2146 3215 2213 3255 lib.

1191 3274 1235 3301 11.
1250 3265 1537 3304 Rhetoricorum
1563 3278 1620 3315 49.
1641 3277 1905 3352 piflaeterquem
1917 3264 2065 3304 videndi
2082 3265 2215 3354 Xessxo-

1684 3328 1703 3351 Χ
1735 3327 1754 3365 3
2119 3329 2142 3365 P
2173 3328 2228 3361 0ss

1915 784 2021 825 Dixit
2050 786 2168 833 potius
2194 787 2243 824 ad
