2547 3708
906 118 1194 175 VITA*
1317 128 1321 174 ;
2012 120 2127 183 ’9

31 227 135 268 lium
155 220 276 263 milit:
306 215 482 267 reliquos
503 222 569 264 per
589 209 872 263 importunum
890 208 1072 259 obitum,
1102 209 1140 250 ὅτ
1163 209 1368 251 adversam
1388 208 1493 250 exilii
1514 207 1720 253 fortunam
1750 212 1825 261 (ut
1845 213 2023 264 plerique
2053 224 2125 263 pu-

34 279 137 327 tant)
163 287 248 315 non
265 268 394 324 potuit
416 265 618 319 perficere.
676 263 713 305 ls
733 272 869 304 tamen
889 262 1036 303 alicubi
1055 261 1182 303 asserit
1203 262 1424 304 duodecim
1446 261 1467 302 a
1485 261 1525 302 se
1546 262 1822 317 compositos:
1840 276 1940 317 opus
1962 265 2126 317 quidem

29 329 229 372 eruditum
242 354 254 374 ‚
276 324 313 364 &
333 323 501 374 plenum
522 329 669 372 magna
690 317 728 358 &
752 315 918 368 copiosa
933 327 1072 356 rerum
1090 315 1277 359 scientia:

52 378 55 382 ”
203 379 280 418 Sex
295 389 358 429 ego
378 370 571 424 Fastorum
581 368 736 424 firipfi‚
764 369 995 423 totidemque
1012 367 1170 420 libellos,

260 429 435 481 Cumque
443 425 514 476 suo
521 423 645 477 finem
667 424 787 473 mense
801 420 946 463 libellus
961 421 1085 462 habet.

30 486 99 530 De
117 482 317 526 amoribus
336 480 457 520 libros
477 477 591 518 treis:
621 477 661 517 in
684 477 826 528 quibus
845 476 915 516 sub
935 474 1034 516 fleto
1065 474 1234 517 nomine
1255 475 1485 527 Corinnae,
1513 478 1689 520 maxime
1717 479 1897 531 probavit
1919 479 2128 532 ingenium

30 540 162 581 suum.
192 535 439 586 Complures
458 532 579 572 etiam
598 529 854 583 epistolas‚in
873 528 1014 580 quibus
1037 529 1089 570 est
1109 529 1202 570 usus
1231 529 1333 570 mira
1352 532 1567 584 elegantia,
1595 533 1631 574 &
1654 533 1824 574 artificio
1847 533 2054 585 singulari,
2082 542 2126 573 ut

29 591 156 633 critici
177 588 361 630 asserunt.
419 587 465 627 ln
486 584 612 638 elegIa
640 583 791 624 habitus
817 581 873 621 est
901 583 1023 633 paulo
1050 583 1260 633 lascivior,
1281 593 1331 627 ,ut
1353 584 1420 634 qui
1445 585 1619 627 nimium
1647 586 1893 638 quandoque
1921 584 2127 625 indulserit

26 643 192 706 ingenio
214 643 299 682 suo.
356 639 567 680 Praetereo
594 637 716 678 libros
737 634 902 675 Artium
931 636 1115 689 amandi,
1148 636 1185 676 ὅς
1210 635 1526 689 Remediorum,
1562 638 1603 679 in
1632 638 1744 691 Ibin,
1778 638 1827 679 de
1850 638 1963 678 obitu
1982 636 2131 688 Drusi,

26 705 334 752 epigrammata,
366 693 403 734 &
423 691 864 744 po‘e'mata‘complura,
894 700 997 740 quae
1015 691 1063 730 ab
1083 690 1229 730 eodem
1250 691 1475 742 composita
1493 691 1607 743 sunt,
1635 702 1678 733 ut
1699 691 1949 746 grammatici
1977 701 2130 731 veteres

29 753 233 792 testantur.
289 746 499 800 Quaedam
527 754 660 785 tamen
688 742 791 782 falso
824 752 944 794 atque
964 742 1147 794 improbe
1163 743 1212 782 ad
1236 755 1330 783 eum
1353 743 1603 793 referuntur,
1633 755 1676 786 ut
1697 758 1863 786 carmen
1889 745 1938 784 de
1959 744 2128 784 vocibus

27 803 188 852 avium,
216 801 265 842 de
286 800 442 848 Pulice,
471 798 510 838 &
539 796 614 837 alia
639 794 801 846 indigna
824 795 985 846 prorsus
1013 805 1133 848 atque
1162 795 1291 835 aliena
1320 797 1368 836 ab
1399 796 1562 849 ingenio
1583 798 1620 837 ὅτ
1640 798 1825 839 (ἰοὲὶτίηει
1848 798 1945 838 tanti
1968 799 2127 849 po'e'tae.

29 856 66 897 V
75 858 245 896 olumen
266 862 461 905 praeterea
484 848 630 901 scripfit
652 847 937 896 Halieuticon,
967 848 1008 887 in
1027 860 1111 900 quo
1131 851 1372 900 complexus
1395 850 1447 890 est
1468 850 1574 890 varia
1594 850 1826 892 &inaudita
1845 850 1893 891 ad
1915 861 2004 890 eam
2023 850 2132 890 diem

30 908 203 950 nomina
233 906 418 959 piscium,
446 901 557 955 quod
587 899 774 942 amissum
795 901 848 942 est
879 902 950 952 (ut
970 901 1047 942 alia
1066 903 1198 942 multa
1217 901 1397 952 ejusdem
1422 901 1626 953 auetoris)
1656 903 1802 955 injuria
1823 904 2062 951 nominum,
2090 903 2131 944 ἀ·

30 963 156 1016 longa
176 959 364 1001 vetustate
383 955 680 1008 insequentium
699 963 948 1007 temporum.
977 953 1091 994 Idem
1114 953 1286 995 Ovidius
1309 967 1557 1009 magnopere
1579 956 1891 997 commendatus
1915 957 1966 996 est
1984 957 2022 995 in
2036 954 2134 996 Me-

27 1015 103 1055 dea
133 1011 356 1068 tragoedia,
384 1019 542 1062 propter
570 1008 699 1060 ipsam
729 1007 992 1061 elegantiam,
1023 1008 1061 1048 δι-
1093 1007 1382 1049 sententiarum
1411 1009 1672 1063 gravitatem,
1706 1021 1750 1050 ut
1772 1009 1872 1051 Cor.
1892 1008 2063 1049 Tacitus
2093 1009 2132 1049 ὃς

30 1067 176 1108 Fabius
205 1064 478 1118 Quintilianus
507 1061 698 1103 referunt.
757 1061 803 1101 ln
836 1062 933 1101 urbe
958 1061 1183 1101 secundum
1215 1061 1471 1111 Capitolium
1507 1063 1716 1114 habitavit,
1746 1061 1968 1112 hortosque
1997 1062 2131 1103 habuit

31 1122 73 1161 in
105 1122 214 1161 colle
244 1118 414 1170 politos,
444 1116 522 1168 qua
555 1115 619 1155 via
643 1114 774 1166 Appia
802 1113 1123 1167 conjungebatur
1155 1127 1252 1155 cum
1276 1114 1487 1156 Flaminia.
1548 1116 1593 1156 ln
1623 1117 1680 1157 his
1701 1128 1849 1171 magna
1868 1115 1992 1155 animi
2012 1116 2134 1154 volu—

31 1183 140 1226 ptate
161 1171 303 1214 versari
321 1170 552 1217 consuevit,
570 1168 770 1219 suumque
789 1167 923 1208 otium
942 1167 1168 1208 mitioribus
1190 1168 1296 1208 curis
1317 1168 1537 1209 traducere.
1570 1168 1789 1224 Relegatus
1810 1182 1833 1211 a
1853 1167 2024 1209 Caesare
2046 1168 2136 1208 Au-

30 1226 146 1280 gusto
180 1225 218 1265 in
251 1224 431 1265 Pontum
449 1222 498 1264 ad
521 1221 691 1274 opidum
711 1219 902 1271 Tomos,
930 1231 1015 1272 quo
1034 1230 1218 1274 tempore
1237 1220 1411 1262 Ovidius
1431 1224 1634 1274 majorem
1659 1223 1837 1274 quietem
1860 1230 1979 1272 atquc
2001 1221 2137 1263 otium

29 1279 115 1320 dari
149 1277 214 1318 fibi
245 1277 446 1328 sperabat,
475 1274 700 1315 recolendis
732 1275 929 1315 veteribus
959 1274 1116 1325 studiis,
1144 1285 1189 1315 ut
1221 1275 1290 1326 qui
1318 1274 1532 1316 acceffiffet
1552 1275 1601 1316 ad
1621 1285 1793 1317 aetatem
1818 1273 2130 1327 provectiorem.

32 1329 208 1373 Causam
239 1342 336 1370 vero
357 1339 442 1369 tam
460 1327 561 1368 saevi
576 1359 587 1378 ,
617 1338 781 1379 tamque
801 1326 972 1368 incivilis
994 1327 1123 1376 exilii,
1148 1328 1255 1368 varie
1272 1328 1391 1369 multi
1419 1330 1492 1380 (ut
1512 1328 1551 1369 in
1574 1342 1615 1369 re
1635 1329 1798 1382 ancipiti
1820 1326 1983 1378 evenit)
2014 1327 2137 1367 inter—

34 1393 249 1438 pretantur.
308 1383 393 1423 Alii
422 1383 502 1422 hoc
521 1381 701 1422 referunt
722 1381 771 1422 ad
799 1393 870 1421 eos
891 1381 1038 1432 libros,
1056 1382 1129 1433 ⁴qui
1147 1382 1194 1422 ab
1215 1394 1265 1421 eo
1289 1381 1421 1434 scripti
1443 1382 1533 1422 sunt
1554 1381 1603 1422 de
1624 1383 1853 1432 amoribus,
1879 1380 1991 1432 quod
2012 1379 2136 1421 essent

34 1439 155 1491 paulo
179 1435 428 1484 lasciviores,
455 1444 499 1475 ut
526 1435 578 1476 est
597 1433 739 1475 anaor
765 1433 906 1476 Sextus
928 1435 1223 1487 Aurelius,qui
1243 1435 1292 1475 de
1310 1433 1438 1476 Rom.
1469 1435 1711 1487 principibus
1732 1436 1893 1487 scripiit.
1953 1432 2138 1485 Plerique

34 1490 277 1537 existimant,
311 1486 532 1542 provenisse
549 1489 630 1528 hoc
652 1500 699 1529 ex
721 1487 919 1529 adulterio
943 1499 1041 1528 cum
1060 1487 1169 1539 Jul'ia
1188 1488 1356 1542 Augusti
1379 1488 1484 1530 filia:
1511 1501 1590 1540 qua
1612 1489 1651 1531 in
1672 1502 1714 1530 re
1736 1489 1801 1530 etii
1826 1485 2056 1528 P.Ovidius
2078 1486 2138 1526 ni-

38 1545 92 1584 hil
111 1542 282 1584 omnino
302 1552 433 1594 aperte
451 1542 585 1583 retulit
597 1554 605 1582 :
619 1551 754 1582 tamen
772 1541 919 1581 alicubi
938 1539 1095 1582 videtur
1114 1541 1287 1594 idipsum
1307 1542 1503 1582 infirmare
1520 1544 1653 1583 velata
1670 1542 1817 1596 proprii
1839 1540 2017 1581 criminis
2043 1552 2138 1579 cau-

37 1598 90 1637 sa.
148 1595 285 1648 Itaque
305 1595 494 1637 Sidonius
517 1595 765 1647 Apollinaris
792 1594 948 1636 videtur
976 1594 1231 1648 existimasse,
1259 1595 1313 1638 ob
1339 1594 1379 1637 id
1411 1593 1524 1637 fuifl'e
1541 1596 1672 1645 ,illum
1688 1599 1911 1651 relegatum
1927 1595 1975 1635 ab
1997 1593 2139 1648 Augu*

40 1648 122 1702 sto,
150 1658 194 1690 ut
212 1648 302 1689 satis
322 1649 542 1690 declaratur
561 1648 618 1689 his
639 1648 835 1690 versibus:

199 1700 288 1742 Nec
306 1711 344 1741 te
361 1702 530 1742 carmina
543 1711 613 1756 per
631 1701 822 1753 libidinosa

213 1751 387 1805 Notum,
413 1754 518 1807 Naso
537 1765 664 1805 tener,
692 1749 894 1810 Tomosque
913 1753 1089 1809 miffum3

215 1805 413 1862 Quondam
434 1808 638 1861 Caesareae
657 1808 951 1902 nimibpuellaffi

208 1859 312 1902 Fieh
329 1862 519 1912 carmine,
537 1862 734 1913 subditum
791 1863 958 1902 orinnae.

39 1913 139 1956 Hoc
162 1911 270 1954 idem
288 1914 417 1956 innuit
436 1915 633 1967 Ovidius,
655 1928 752 1956 cum
770 1916 912 1968 refert,

216 1965 372 2020 Lingua
378 1966 489 2016 filet:
517 1983 587 2008 non
607 1969 657 2019 est
673 1969 777 2008 ultra
796 1967 985 2008 narrabile
1002 1968 1220 2023 quicquam.

41 2019 96 2062 Et
116 2019 207 2061 alibi
228 2019 381 2061 servata
397 2020 551 2061 ratione
573 2021 754 2061 obstinati
775 2021 916 2062 silentii
927 2050 937 2071 ,

218 2065 306 2112 Nec
324 2072 437 2112 breve
457 2088 523 2112 nec
546 2083 675 2114 tutum
687 2103 699 2124 ,
724 2075 868 2126 peccati
887 2087 983 2125 quae
999 2073 1049 2121 fit
1065 2074 1185 2128 ongo,

270 2123 436 2166 Dicere:
464 2127 626 2166 tradam·
647 2124 809 2166 vulnera
827 2127 949 2178 nostra
964 2127 1115 2167 timent.
1525 2177 1529 2180 μ
2178 2159 2182 2161 >

43 2177 223 2222 Minime
239 2187 376 2219 autem
398 2179 615 2219 obscurum
635 2180 689 2220 est
703 2209 714 2228 ,
741 2179 890 2229 Juliam
912 2179 1080 2232 Augusti
1105 2178 1290 2232 principis
1314 2180 1441 2221 filiam
1463 2177 1691 2234 deflagrasse
1712 2189 1859 2233 magna
1889 2178 2073 2232 libidine,
2105 2181 2144 2222 &

44 2231 238 2274 infamem
258 2231 371 2272 fuiffe
392 2232 562 2285 vulgatis
585 2244 652 2283 per
673 2232 813 2271 urbem
835 2231 1036 2272 adulteriis
1050 2245 1062 2281 ;
1089 2243 1133 2272 ut
1151 2235 1200 2274 ab
1227 2233 1399 2285 antiquis
1432 2233 1689 2285 scriptoribus
1719 2233 1899 2274 refertur.
1955 2232 2147 2286 Quapro—

35 2285 313 2338 *pterinclinat
333 2285 514 2335 animus,
543 2294 586 2325 ut
607 2284 849 2332 existimem,
876 2284 980 2325 haud
1006 2283 1096 2325 satis
1119 2286 1287 2337 potuiffe
1306 2287 1528 2329 Octavium
1549 2287 1614 2328 fibi
1633 2295 1876 2339 temperare,
1904 2299 1987 2338 quo
2011 2288 2147 2328 minus

48 2337 320 2391 desaeviret-in
341 2339 506 2389 poetam
525 2338 746 2389 Ovidium,
776 2337 952 2378 conficta
972 2337 1091 2378 causa
1110 2340 1208 2379 novi
1231 2340 1433 2392 criminis,
1463 2340 1575 2392 quod
1605 2340 1647 2381 in
1666 2340 1877 2392 impudicis
1902 2340 2146 2381 carminibus

0 2404 1 2415 ¹
49 2402 212 2443 operam
228 2401 345 2442 atque
367 2391 539 2432 studium
560 2391 761 2443 posuisset.
815 2391 863 2431 In
882 2391 1004 2431 exilio
1024 2390 1140 2443 supra
1161 2393 1314 2445 septem
1332 2404 1462 2434 annos
1481 2393 1658 2435 versatus
1679 2394 1745 2438 est.
1795 2394 1989 2445 Cumque
2008 2393 2066 2433 illi
2089 2394 2148 2433 vi-

48 2443 224 2485 vendum
245 2444 346 2485 soret
365 2444 465 2485 inter
486 2445 658 2486 incultas
679 2454 798 2496 atque
817 2445 997 2485 barbaras
1019 2446 1202 2487 nationes
1215 2478 1226 2497 ‚
1256 2457 1417 2487 tantum
1437 2447 1502 2488 fibi
1523 2448 1745 2499 promeruit
1766 2447 1913 2500 gratiae
1930 2455 2050 2499 atque
2068 2447 2149 2487 stu-

47 2495 122 2548 dii,
150 2497 249 2538 bene
267 2499 546 2550 praeclareque
568 2498 750 2551 agendo,
780 2507 823 2539 ut
845 2498 885 2538 in
915 2497 1001 2550 ejus
1022 2489 1135 2539 obitu
1155 2498 1286 2541 Getae
1305 2501 1364 2540 illi
1387 2512 1434 2541 ac
1455 2500 1670 2542 Tomitani
1697 2500 1836 2552 populi
1857 2510 1992 2540 tenere
2019 2502 2148 2551 lacry-

48 2560 133 2600 mas
164 2562 249 2590 non
281 2552 493 2602 potuerint.
553 2551 647 2592 Fuit
676 2552 786 2592 enim
808 2551 979 2592 Ovidius
1004 2552 1185 2594 moribus
1207 2553 1385 2606 apprime
1406 2554 1580 2596 honestis
1597 2584 1608 2604 ,
1636 2554 1673 2596 &
1696 2553 1886 2595 facilitate
1906 2553 2080 2594 mirifica
2100 2554 2149 2592 ad

48 2601 299 2644 concilianda
327 2604 392 2644 fibi
419 2605 574 2658 ingenia
610 2605 851 2645 hominum:
882 2605 994 2656 quod
1027 2604 1209 2657 inprimis
1237 2607 1407 2659 dignum
1441 2608 1492 2650 est
1522 2608 1684 2649 summa
1702 2607 1980 2648 admiratione.
2036 2605 2150 2646 Cum

51 2652 243 2696 Getieum
272 2655 502 2699 sermonem
522 2662 642 2709 atque
665 2657 933 2700 Sarmaticum
954 2658 1148 2701 didicisset
1163 2692 1176 2712 ,
1204 2661 1396 2713 po'e'mata
1415 2661 1615 2712 descripsit
1639 2660 1783 2702 Getica
1803 2661 1959 2713 lingua,
1991 2658 2148 2698 laudes-

50 2717 128 2756 que
143 2704 357 2749 Caesarum
383 2710 619 2752 decantavit.
679 2711 831 2752 Obiisse
862 2710 1027 2754 traditur
1059 2713 1206 2754 eodem
1236 2727 1371 2764 anno,
1404 2727 1488 2766 quo
1509 2713 1565 2756 T.
1587 2713 1747 2767 Livius,
1777 2715 1845 2765 qui
1881 2710 2149 2753 nobiliffimus

49 2757 189 2799 3υᾶοτ
214 2760 363 2820 habitus
387 2763 445 2802 est
465 2765 506 2805 in
525 2763 716 2806 Romana
745 2766 903 2807 historia
925 2766 1194 2808 describenda.
1252 2767 1521 2820 Sepultusque
1540 2767 1616 2809 fuit
1632 2768 1748 2820 juxta
1770 2766 1938 2818 opidum
1960 2765 2153 2815 Tomos,

48 2809 306 2872 PREustbm}
340 2814 511 2872 testatur.
564 2818 757 2869 Permulti
789 2819 1024 2871 scriptores,
1051 2832 1148 2861 cum
1167 2830 1344 2872 veteres,
1374 2830 1463 2862 turn
1475 2821 1683 2874 juniores,
1712 2821 1971 2872 deploratum
1992 2819 2151 2859 obitum

47 2865 178 2914 rllius,
206 2873 250 2904 ut
280 2864 488 2919 mdlgnum
518 2880 635 2920 atque
665 2871 955 2927 miserabilem,
984 2873 1116 2914 habita
1141 2873 1398 2916 detestatione
1426 2886 1511 2915 tarn
1533 2875 1670 2916 saevae
1702 2884 1866 2925 tamque
1890 2872 2150 2914 calamitosae

49 2916 314 2978 relegationis.
372 2917 450 2981 Sed
481 2923 677 2975 eleganter
712 2924 889 2977 inprimis
911 2929 949 2970 ὃ(
975 2927 1139 2979 copiose
1170 2929 1245 2980 (ut
1278 2940 1354 2984 ego
1377 2929 1590 2981 existimo)
1621 2929 1731 2983 Ang·
1756 2926 2003 2980 Pontianus,
2033 2925 2151 2978 CUjUS

10 2980 13 3014 ;
48 2970 179 3012 versus
199 2970 306 3012 libris
325 2970 521 3016 Tristium
540 2976 828 3030 praemisimus,

1401 3178 1435 3221 E
1561 3184 1564 3187 ’
1959 3181 2005 3222 Ρ.
2026 3178 2150 3221 OVL·
