2547 3708
375 154 467 202 166
864 139 1950 212 *DEDICATIONESET

568 243 660 291 Nil
679 257 781 305 quae
804 240 1049 288 Maeonium
1063 238 1273 301 facundia
1293 239 1428 285 vincit
1453 239 1646 299 Ulyſjen‚

634 307 925 367 Antilochique
937 317 1105 365 patrem
1117 337 1133 362 ‚
1167 300 1492 365 Undaridosque
1511 305 1668 350 virum.

571 373 813 420 Maenadas
834 371 1004 431 Orphea
1012 369 1197 430 flexiſjet
1217 370 1335 415 caede
1355 378 1559 427 nocentes,

638 438 845 498 Bistonias
864 445 999 483 cautes
1024 435 1094 481 hoc
1114 435 1330 495 animaſjet
1352 435 1464 481 ebur.

573 503 776 550 Sarmata
798 503 987 548 cantanti
1000 499 1124 561 ferus
1144 500 1368 560 afficrrexit
1382 533 1397 558 ,
1432 500 1487 552 &³
1514 499 1616 560 Ister

634 568 883 633 Qamlibet
903 565 1108 626 adstrictis
1119 562 1281 626 frigore
1295 567 1452 626 plausit
1473 567 1609 626 aquis.

573 634 662 678 Cur
672 631 758 693 stili
775 633 854 676 tibi
872 641 990 676 muta
1012 631 1102 688 lyra
1125 628 1208 689 est?
1242 629 1368 690 quid,
1390 628 1546 690 surde,
1580 630 1733 690 relegas

602 751 605 753 ¹
632 698 843 742 Auditum
869 697 1026 741 Boreae
1052 693 1389 755 Sauromatisffle
1410 692 1577 754 chelyn?

571 760 646 807 Ah
668 760 778 823 caefi>
800 763 933 806 minor
954 762 1028 806 illa
1054 762 1118 805 tui
1129 791 1144 816 ‚
1180 773 1304 820 quam
1312 758 1485 820 saecula
1507 759 1734 816 damnant,

639 827 824 888 Collegae
846 827 982 871 rabies
1001 827 1044 871 in
1067 826 1256 870 Cicerone
1264 822 1383 884 fuit!
1621 838 1623 840 ·

570 891 686 936 Huic
706 900 829 951 caput
848 889 1039 953 exsecuit·
1044 899 1265 948 properata
1284 889 1402 935 caede
1410 889 1591 950 satelles.

636 955 797 1002 Vivere
816 955 983 1017 Nasoni
1002 955 1105 1015 quid
1121 956 1198 1013 nist
1209 953 1336 1015 saepe
1357 957 1464 1000 mori
1483 953 1570 1015 est?

574 1021 792 1066 Invidiam
806 1033 960 1079 poenae
982 1019 1168 1080 Rostris3
1191 1017 1421 1079 scelerate,
1455 1019 1634 1082 negasti3

642 1085 703 1130 Ut
726 1084 881 1143 Scytha
894 1084 992 1142 jam
1007 1097 1112 1143 prae
1135 1093 1175 1129 te
1195 1084 1310 1128 mitis
1335 1083 1389 1135 {9³
1412 1099 1564 1144 aequus
1585 1082 1685 1130 eat?

575 1151 686 1212 Cum
705 1151 849 1195 vultus
871 1151 1057 1197 Fortuna
1074 1147 1214 1210 fugax
1233 1149 1396 1194 avertit
1418 1151 1596 1207 amicos,

640 1215 808 1259 Nubila
835 1215 906 1259 lux
928 1214 1092 1274 aliquid
1098 1213 1248 1274 funere
1263 1211 1382 1272 pejus
1405 1212 1544 1259 habet.

577 1278 627 1325 Si
649 1294 730 1339 qua
739 1279 849 1339 fides
869 1281 1011 1336 veris,
1044 1277 1238 1338 Busiride
1249 1276 1424 1339 saevior
1446 1276 1528 1338 ipso
1548 1294 1589 1324 es
1603 1312 1618 1336 ‚

639 1344 737 1406 ,Qui
760 1342 950 1405 mist’rum
963 1342 1153 1403 prohibes
1175 1352 1330 1402 morte,
1363 1344 1526 1404 necique
1546 1358 1679 1405 negas.
1719 1344 1722 1346 ’

576 1407 630 1452 In
654 1409 841 1453 Geticam
856 1406 966 1469 ficga
976 1407 1095 1467 juffa
1109 1408 1282 1469 plagam
1302 1406 1385 1467 est,
1418 1423 1466 1453 ne
1477 1406 1571 1470 βία
1595 1409 1755 1455 ruboris

638 1472 778 1517 Roma
789 1471 862 1533 sici
881 1471 1019 1532 testis,
1052 1470 1205 1532 conscia
1215 1470 1310 1533 sola
1320 1471 1451 1533 foret.

576 1536 856 1599 Quidfuris,
889 1535 1077 1597 infestum
1095 1536 1260 1582 Phoebo
1285 1535 1437 1597 caput?
1473 1540 1606 1584 Actia
1631 1540 1678 1586 de
1697 1547 1738 1583 te

642 1602 746 1646 Non
766 1601 872 1647 hanc
890 1603 1064 1647 emeruit
1084 1601 1295 1647 Leucados
1318 1602 1431 1647 unda
1451 1613 1606 1649 notam.

578 1666 667 1712 Nil
683 1676 820 1712 tamen
843 1665 965 1728 egisti.
1001 1667 1167 1712 canitur
1192 1675 1288 1712 tuus
1308 1667 1428 1725 exul,
1462 1668 1518 1719 ὅ
1542 1684 1646 1715 aevo

639 1731 802 1777 Lumen
821 1732 1091 1777 inextinctum
1126 1735 1354 1793 (rumpere,
1390 1731 1566 1794 Caesar)
1599 1732 1723 1795 adest.
1779 1755 1782 1757 ·
2465 1752 2487 1766 *

577 1795 744 1842 Limine
758 1809 836 1856 pro
848 1795 1230 1858 patriospatiofum
1241 1796 1409 1856 poffidet
1431 1798 1592 1845 orbem:
2307 1811 2311 1817 ’
2497 1815 2499 1817 ·

642 1859 881 1921 Hospitium
904 1871 1022 1906 tanto
1033 1874 1118 1921 par
1137 1863 1242 1907 locus
1265 1862 1332 1920 ille
1356 1863 1450 1907 viro
1470 1861 1540 1922 est.

579 1924 740 1985 Ingeret
760 1925 834 1970 hoc
853 1927 1010 1984 populis
1020 1925 1194 1986 facinus
1207 1928 1285 1985 pia
1307 1926 1446 1972 Fama
1470 1928 1710 1974 notandum.

640 1989 788 2035 Saecla
797 1989 871 2051 sui
889 1991 1070 2049 cauffam
1086 1990 1248 2050 postera
1269 1992 1386 2036 vatis
1404 2001 1538 2053 agent.

582 2054 636 2098 In
655 2064 695 2098 te
716 2054 889 2099 Helicon
914 2055 1154 2116 Pimpleque
1181 2056 1325 2101 minax
1335 2054 1439 2115 fera
1459 2056 1566 2109 bella
1584 2071 1809 2103 movemus.

645 2117 762 2163 Ilinc
783 2134 831 2163 en
851 2119 962 2164 dicta
984 2121 1089 2179 tibi,
1125 2119 1288 2180 Caesar.
1301 2121 1465 2181 inique,
1489 2119 1602 2184 fuga
1625 2120 1695 2180 est.

585 2181 839 2243 Sacrilegum
850 2184 962 2241 flent
983 2184 1115 2247 Musa
1138 2184 1254 2246 nefas
1274 2194 1422 2231 atrata
1451 2185 1704 2247 Charifque:

596 2298 600 2303 ¹
646 2245 735 2306 Ipse
757 2247 966 2293 Palatina
976 2249 1061 2307 flet
1080 2249 1199 2310 miſser
1219 2249 1318 2294 aede
1341 2249 1477 2294 Deus.

582 2308 763 2356 Peaora
786 2327 883 2357 nam
903 2315 1006 2358 nulli
1022 2312 1280 2374 praesentior
1299 2314 1405 2374 egit,
1419 2329 1425 2333 ·
1440 2312 1494 2364 &
1518 2311 1661 2373 hausto

649 2375 834 2437 Largius
857 2378 1021 2422 Aoniae
1031 2376 1152 2437 fonte
1172 2378 1333 2438 rigavit
1354 2391 1500 2438 aquae.
1588 2396 1589 2399 ¹
1714 2434 1717 2436 q

588 2439 683 2484 Nec
702 2440 801 2485 duce
806 2439 856 2500 se
876 2439 1044 2500 mystam
1059 2440 1281 2501 profugum
1302 2439 1556 2502 defraudat,
1592 2441 1647 2494 C?
1672 2456 1755 2488 una

654 2503 706 2550 V
701 2506 769 2564 ifit
792 2505 1099 2562 Hyperboream
1122 2509 1200 2551 non
1220 2520 1349 2560 novus
1372 2504 1507 2566 hofi‘oes
1529 2505 1713 2552 humum.

588 2568 779 2613 Exilium
802 2567 972 2630 Nasone
983 2568 1078 2629 fuit
1089 2570 1173 2630 fibi
1195 2569 1336 2615 Roma
1353 2580 1529 2632 negato,

655 2632 776 2678 Orba
784 2632 859 2694 sui
878 2643 1045 2691 cantus,
1070 2636 1244 2694 peitinis
1262 2634 1361 2679 orba
1375 2635 1481 2696 fici.

591 2695 740 2742 Meae
759 2706 896 2743 tamen
908 2696 1020 2757 forti
1039 2714 1232 2760 magnum
1255 2699 1431 2745 tolerare
1451 2699 1625 2748 dolorem
1637 2734 1652 2759 ‚

657 2760 834 2820 Sustinet
855 2761 1040 2821 infandis
1063 2762 1329 2825 &supereffe
1351 2765 1486 2810 malis.

593 2825 682 2870 Hei
701 2825 828 2871 mihi!
863 2837 953 2871 tarn
976 2828 1104 2873 durae
1121 2829 1314 2888 pofituris
1333 2831 1488 2875 moenia
1504 2832 1620 2892 genti
2321 2852 2324 2855 ·
2542 2827 2547 2863 ἶ

658 2891 880 2936 Fratribus
899 2893 1084 2937 altricem
1096 2893 1194 2952 jam
1217 2894 1343 2953 liquet
1362 2894 1435 2954 eſje
1458 2895 1614 2954 lupam.

597 2953 798 2998 Barbara
821 2956 1042 3000 barbariae
1065 2972 1169 3002 nunc
1192 2958 1372 3004 Romula
1395 2959 1519 3003 turba
1542 2971 1722 3008 vocetur.

660 3018 804 3063 Vincit
827 3019 1066 3065 inhumanos
1091 3036 1193 3080 quae
1203 3020 1383 3081 feritate
1407 3023 1546 3068 Getas.

600 3083 847 3129 Cimmerius
870 3084 1131 3146 tenebrasque
1140 3083 1245 3145 suas
1266 3086 1521 3148 hyememque
1534 3090 1685 3153 fugari

660 3146 823 3194 Pontus
845 3149 1039 3211 inafflceto
1058 3151 1175 3198 vatis
1194 3152 1248 3198 ab
1270 3153 1358 3214 igne
1367 3151 1514 3212 stupet.
