2547 3708
390 171 486 226 174

912 155 1813 210 DEDICATIONES
1877 170 1978 208 ἐτ

515 257 677 302 Lentus
699 255 979 311 adulterium,
1011 263 1057 297 tu
1083 253 1312 309 Collatine,
1340 246 1534 311 ¹anderes,

581 323 645 367 Et
665 323 831 366 veniam
842 318 1015 380 sceleri,
1050 319 1185 362 Brute
1207 317 1366 377 quiete,
1398 318 1535 363 dares.
1583 330 1588 331 ⁷

514 389 657 435 Nulla
671 385 753 447 sub
775 385 847 429 hoc
866 384 1034 429 dubium
1054 381 1218 443 faceret
1244 382 1444 428 Lucretia
1466 397 1665 444 regnum,

581 453 804 510 Raptaque
816 446 1014 508 servares
1025 447 1219 509 sceptra,
1254 447 1458 507 Superbe,
1493 462 1634 494 manu.

518 515 714 564 Moribus
739 514 803 559 bis
820 547 835 573 ,
871 515 1031 559 demens
1045 545 1060 570 ,
1094 522 1205 557 artes
1224 514 1421 571 componis
1440 513 1640 569 amandi,

582 579 704 637 Naso
719 613 734 637 ,
763 592 917 638 parum
929 577 1032 638 st’cli
1048 592 1179 639 gnare
1203 577 1340 621 Poeta
1363 580 1428 622 tui

516 647 630 711 Qus
644 637 788 705 stupor
808 643 873 688 bic
886 676 901 701 ,
935 644 1038 688 nulli
1062 658 1138 688 non
1163 643 1320 703 cognita
1340 642 1504 688 tradere
1523 639 1714 688 chartis?

582 711 736 755 Peccat
759 709 819 754 ad
839 713 1066 768 exemplum
1089 722 1200 753 cerea
1224 707 1349 751 turba
1375 707 1501 752 ducis.

517 776 632 840 „Quis
655 774 787 822 media
810 774 858 819 de
872 775 988 834 plebe
1003 787 1136 833 puer,
1173 787 1276 832 quae
1299 775 1415 833 virgo
1430 805 1445 831 ,
1478 774 1551 818 vel
1570 786 1701 829 uxor,

586 840 715 904 Qae
732 839 848 885 rudis
861 872 876 897 ‚
911 837 1095 900 Augusto
1117 852 1240 899 regna
1260 846 1442 896 tenente,
1465 835 1589 900 fuit?

521 904 715 951 Innocuos
737 905 866 965 quid,
890 903 1045 964 stulte,
1067 903 1209 963 jocos3
1231 900 1458 963 securaque
1477 904 1605 950 credis

585 971 817 1028 Carmina,
851 985 919 1014 nec
940 970 1067 1030 capiti
1079 966 1305 1029 perniciosa
1329 966 1429 1012 tuo?

519 1035 656 1081 Laeta
677 1034 929 1080 verecundae
947 1035 1018 1095 qui
1023 1033 1048 1080 d
1052 1031 1197 1094 speras
1218 1035 1304 1077 otia
1325 1030 1473 1077 vitae?

583 1101 778 1146 Liberius
805 1102 998 1160 quamvis
1020 1096 1153 1160 Adasst
1163 1097 1310 1157 jocata
1325 1095 1457 1157 foret.

523 1166 725 1223 Falleris,
760 1181 781 1210 o
804 1163 948 1226 Naſsa:
985 1166 1118 1223 turpis
1127 1162 1210 1224 sub
1234 1162 1431 1222 Principe
1453 1163 1551 1207 vita

585 1226 724 1286 Tata3
749 1229 829 1291 st’d
845 1224 1075 1291 ingenium,
1108 1230 1275 1290 lingua,
1297 1226 1498 1289 stilusque
1521 1235 1675 1273 nocent.

524 1296 694 1354 Arripit
716 1296 760 1340 in
782 1296 963 1353 crimen,
995 1294 1195 1355 quidquid
1215 1295 1340 1351 vult,
1362 1292 1487 1354 saepe
1511 1288 1750 1351 Tyrannus,

587 1359 652 1404 Et
664 1358 836 1421 speciem
845 1358 953 1418 justi
975 1359 1150 1404 vindicis
1171 1358 1262 1404 inde
1279 1360 1400 1418 petit.

524 1424 618 1470 Nec
640 1425 743 1470 bona
754 1423 903 1484 jurato
914 1422 996 1486 sub
1008 1424 1149 1483 judice
1172 1426 1388 1484 quaeritur
1408 1439 1607 1485 umquam

594 1489 747 1548 Cauffa
761 1521 776 1546 ,
811 1504 881 1534 nec
902 1489 1124 1534 arbitrium
1146 1499 1244 1534 mete
1266 1489 1442 1535 Senatus
1459 1494 1563 1551 agit.

523 1555 685 1600 Nutrit
704 1554 900 1599 adulator
925 1556 1111 1599 commoti
1132 1554 1343 1614 Principis
1366 1557 1483 1613 iras,

585 1620 744 1665 Incitat
764 1618 818 1670 ἐξ
832 1617 969 1682 saeva
987 1624 1157 1679 pectus,
1191 1620 1385 1680 agitque,
1411 1617 1527 1680 face.

521 1683 687 1740 Adjicit
710 1682 849 1745 insano
861 1684 1026 1746 furiosa
1050 1686 1262 1730 calumnia
1279 1687 1419 1742 vires,

589 1748 807 1810 Poenaque
830 1751 908 1794 vix
930 1760 1022 1795 noto
1043 1751 1210 1796 crimine
1231 1760 1342 1796 certa
1353 1749 1487 1812 stedet.

523 1813 749 1860 Invehitur
772 1814 877 1860 diris
899 1830 992 1860 mox
1014 1814 1144 1876 tristis
1164 1814 1326 1876 epistola
1349 1817 1489 1862 verbis
1503 1849 1520 1874 ‚

584 1880 712 1944 Qae
728 1881 885 1939 patriis
906 1879 1096 1942 miserum
1118 1881 1220 1942 cogit
1243 1881 1359 1925 abire
1372 1879 1498 1941 focis.

522 1943 643 1990 Haec
654 1943 808 2003 studiis
828 1959 1002 2003 merces,
1035 1950 1164 1991 teneri
1181 1945 1432 2004 Praeceptor
1453 1948 1655 2005 Amoris,

586 2008 662 2069 Est
682 2009 785 2055 data
821 2015 905 2066 (nec
922 2012 1062 2070 potuit
1084 2007 1217 2071 Musti
1243 2009 1407 2066 vetare)
1441 2014 1540 2057 tuis.

523 2074 724 2131 FerreuS,
758 2077 911 2135 ingenio
934 2077 1004 2136 qui
1026 2085 1066 2120 te
1074 2076 1322 2135 juveniliter
1345 2075 1487 2137 usum,

588 2138 639 2183 In
665 2138 878 2195 Scythiam
903 2139 1029 2201 cenfiet
1048 2141 1307 2200 promeruisti>
1317 2138 1485 2203 fugam.

524 2201 686 2248 Asitius
705 2204 875 2248 exilium
887 2203 966 2264 fied
985 2221 1033 2250 ne
1044 2204 1286 2266 propiusque
1311 2205 1508 2262 daretur,

592 2267 790 2326 Principe
811 2269 932 2313 lenito
948 2301 961 2326 ,
996 2271 1113 2329 culpa
1131 2302 1146 2326 ‚
1180 2271 1319 2314 Poeta
1334 2300 1349 2325 ,
1383 2279 1459 2314 tua
1480 2268 1548 2330 est.

523 2327 716 2389 Turpiter
736 2331 896 2390 abjecta
921 2334 1104 2379 blandiri
1125 2345 1254 2379 mente
1276 2330 1464 2391 flyranno
1479 2366 1495 2390 ‚

593 2397 656 2440 Et
680 2396 885 2441 dominum
902 2398 1068 2455 placida
1080 2398 1250 2455 flectere
1277 2413 1373 2443 voce
1385 2398 1561 2460 ferum3

526 2461 750 2518 Errorem,
786 2462 1022 2520 culpamque
1036 2494 1051 2518 ,
1087 2462 1140 2513 &³
1165 2478 1244 2507 non
1266 2463 1444 2523 admista
1455 2462 1596 2524 fateri

589 2527 780 2571 Crimina
796 2558 811 2583 ,
846 2541 916 2570 nec
927 2526 1056 2584 firmo
1074 2531 1233 2584 petiere
1244 2525 1351 2586 fata
1372 2531 1470 2587 pati
1482 2548 1499 2583 3

525 2589 761 2636 Dedecorat
786 2600 955 2647 vatem,
981 2592 1171 2649 patriam
1192 2593 1263 2652 qui
1275 2589 1461 2651 fortibus
1480 2591 1583 2651 effi,

591 2654 679 2700 Sub
703 2655 881 2714 liquido,
915 2655 1077 2713 docuit,
1113 2670 1194 2716 qua
1210 2665 1331 2715 patet
1354 2672 1463 2716 axe,
1486 2656 1643 2718 solum.

525 2718 577 2766 V
571 2718 683 2779 erfiis
703 2720 757 2764 ab
777 2720 957 2780 ingenuis
967 2719 1160 2781 famulas
1182 2719 1373 2782 dfformis
1391 2722 1451 2768 ad
1471 2731 1611 2781 artes,

588 2781 752 2843 Infami
770 2785 954 2828 maculas
964 2783 1088 2844 facta
1103 2787 1249 2844 priora
1271 2786 1382 2838 nota.

522 2847 618 2893 Nec
637 2857 726 2893 tam
747 2848 919 2893 Pierius
943 2849 1127 2907 Scythico
1140 2848 1222 2910 fich
1235 2851 1370 2911 fidere
1381 2851 1564 2913 fervor,

587 2913 797 2957 Carminis
815 2922 891 2957 aut
912 2914 1019 2959 abiit
1027 2914 1205 2976 spiritus
1227 2917 1294 2961 ille
1300 2914 1432 2975 sacri.

522 2976 679 3022 Libera
699 2991 824 3036 quam
838 3009 854 3033 ,
887 2976 1044 3038 mist>ris
1065 2994 1168 3038 quae
1188 2981 1264 3025 dat
1292 2994 1402 3027 nova
1426 2983 1572 3028 robora
1585 3014 1601 3041 ,
1614 2984 1755 3029 virtus

587 3041 787 3099 Excidit,
822 3040 877 3093 ἑά
900 3045 1046 3088 mentis
1057 3042 1187 3104 faeta
1208 3047 1333 3091 ruina
1355 3047 1495 3093 bonae.

523 3101 675 3164 Tristia
690 3137 705 3163 ,
740 3105 832 3166 quis
855 3106 1008 3168 laesum
1029 3108 1195 3169 tentasti
1206 3108 1407 3171 frangere
1427 3127 1602 3172 numen,

588 3170 792 3218 Carmina
799 3170 976 3234 ftrvttis
988 3175 1165 3238 pignora
1187 3177 1332 3225 mentis
1353 3175 1517 3226 babent.

2466 888 2484 906 ο

2528 813 2547 980 ‘sit-5⁶⁴2·
2531 700 2535 769 ψῃ
2532 644 2535 648 ·
