2547 3708
733 107 794 164 P.
871 102 1900 168 OVIDII'NA'TSONIS

367 225 460 284 125
501 209 874 280 'L‘ud’tatusque
894 206 998 261 diu
1027 206 1293 262 cruci—atos
1317 204 1526 278 spiritus
1550 220 1692 262 artus

593 282 845 342 Deserat;
889 279 943 331 ἃ
970 280 1131 350 longa
1157 290 1406 350 tor-queat
1432 292 1554 333 ante
1579 282 1746 334 mora.

524 355 809 414 Evenient.
850 352 1005 407 dedit
1033 353 1141 422 ipse
1166 352 1301 406 vmihi
1326 351 1496 406 modo
1522 351 1664 424 signa
1691 352 1859 409 futuri

588 427 863 482 Phoebus:
905 424 961 478 &
989 427 1017 480 a
1046 426 1192 479 laeva
1220 425 1421 480 moesta
1448 426 1644 479 volavit
1670 428 1797 481 aviS.

519 500 685 556 Certe
709 517 813 571 ego
838 516 976 571 quae
1000 515 1176 553 voveo
1201 498 1417 569 superos
1445 512 1657 554 motura
1681 499 1914 571 putabo,'

588 573 803 645 Speque
835 586 957 626 tuae
983 572 1200 630 mortis,
1238 571 1443 643 perfide
1464 610 1481 635 ‚
1514 573 1720 642 semper
1746 574 1866 629 alar.

522 646 695 703 Finiet
720 648 803 700 illa
829 645 972 709 dies,
1010 662 1146 719 quae
1174 658 1229 699 te
1252 644 1385 699 mihi
1409 645 1677 700 subtrahet
1703 646 1830 703 olim
1848 689 1867 716 ‚

590 718 764 776 Finiet
785 719 871 775 illa
898 718 1040 785 dies,
1078 736 1216 791 quae
1243 717 1374 774 mihi
1397 718 1546 775 tarda
1570 718 1732 776 venit.

371 592 474 645 130

2308 849 2381 906 Et

235 996 345 1026 tatem
374 985 544 1036 respondit
567 986 579 1030 ζ
617 984 773 1023 nondum
793 992 906 1023 tecum
934 983 974 1022 in
1003 981 1161 1034 gratiam
1184 982 1283 1023 redii.

235 1039 435 1077 SALVAGN.
490 1043 653 1086 Curaque
674 1049 742 1073 non
763 1035 845 1085 defit
865 1036 1110 1074 Petavianus.
1138 1035 1199 1080 &,
1223 1034 1283 1084 fied

238 1088 320 1140 defit
340 1090 430 1138 copia
453 1100 545 1126 unus
558 1087 732 1125 Gallicus.

293 1150 377 1189 125.
406 1142 641 1188 Luctatusque
664 1137 726 1175 diu
748 1139 914 1179 cruciatos
935 1138 1080 1187 spiritus
1098 1147 1197 1175 artus
1211 1143 1282 1175 De·

228 1191 352 1241 serat,
380 1202 425 1231 (ς’
454 1190 555 1238 longai
585 1200 743 1240 torqueat
762 1201 845 1228 ante
869 1188 1009 1237 mord]
1065 1189 1153 1226 Huc
1175 1189 1287 1232 facit,

234 1242 338 1292 quod
355 1242 473 1280 scribit
488 1242 684 1280 Suetonius
703 1241 741 1278 in
755 1242 912 1280 Tiberio
925 1241 970 1279 de
992 1240 1034 1278 iis
1048 1255 1064 1284 ,·
1077 1240 1140 1289 qui
1151 1239 1285 1289 suppli-

239 1294 302 1331 cio
321 1292 436 1331 essent
455 1292 649 1330 afficiendi.
679 1293 796 1337 Mori,
824 1293 968 1342 inquit,
1011 1289 1205 1328 volentibus
1230 1291 1286 1327 vis

237 1344 400 1382 adhibita
415 1343 575 1381 vivendi.
588 1392 593 1393 ⁷
606 1349 702 1379 Nam
722 1353 868 1381 mortem
887 1343 970 1380 adeo
990 1342 1064 1379 leve
1076 1341 1286 1392 supplicium

232 1395 408 1446 putabat,
436 1406 475 1432 ut
495 1408 573 1432 cum
595 1393 740 1443 audisset
753 1423 764 1441 ‚
792 1408 903 1432 unum
922 1406 963 1431 ex
984 1393 1049 1430 reis
1072 1392 1286 1431 carnalium

241 1446 379 1483 nomine
400 1445 595 1495 anticipaffe
619 1458 696 1483 eam
719 1474 730 1491 ,
766 1444 1025 1483 exclamaverit
1046 1471 1057 1488 ,
1096 1443 1290 1482 carnalius

242 1509 298 1534 me
315 1494 435 1546 evasit.
486 1501 532 1533 Et
555 1498 593 1533 in
622 1496 885 1545 recognoscendis
914 1495 1069 1540 custodiis
1092 1524 1104 1541 ,
1135 1495 1291 1543 precanti

241 1547 383 1586 cuidam
408 1557 533 1598 poenae
565 1548 812 1586 maturitatem
832 1577 843 1592 ,
882 1547 1050 1597 respondit
1072 1562 1083 1584 .·
1123 1545 1292 1586 Nondum

245 1608 357 1636 tecum
375 1598 414 1636 in
435 1599 592 1645 gratiam
612 1598 710 1638 redii.
741 1599 821 1637 Alia
840 1599 948 1646 huius
968 1597 1109 1647 generis
1122 1597 1295 1645 exempla

245 1657 331 1698 pete
361 1661 406 1687 ex
439 1648 766 1688 Observationibus
804 1650 841 1688 in
873 1648 983 1698 Epist.
1019 1647 1065 1686 ad
1092 1646 1300 1687 Theseum.

245 1699 415 1738 Cmran.
444 1699 596 1737 Mallem
612 1729 622 1744 ‚
650 1700 793 1749 deflerat.
825 1711 864 1737 at
883 1699 982 1748 longa
1006 1700 1093 1737 &c..

300 1760 386 1798 127.
415 1755 459 1787 Et
480 1750 645 1797 venient,
673 1752 768 1790 dedit
798 1752 864 1802 ipse
885 1749 1014 1799 mihi.]
1055 1749 1218 1796 Melius,
1245 1752 1294 1787 E·-

244 1801 400 1839 venient.
426 1802 565 1839 Tibull-
587 1814 616 1839 1.
639 1814 692 1841 vt.
715 1815 775 1841 21.

300 1866 460 1904 Eveniet.
481 1866 546 1903 dat
558 1865 659 1917 figna
689 1873 794 1906 Deus.

251 1916 404 1963 Consr.
432 1917 606 1956 Ferreus.
638 1918 741 1956 Idem
766 1919 870 1956 versu
889 1926 978 1969 415.

299 1986 393 2018 Haec
415 1979 480 2037 tibf'
497 2006 508 2023 ‚
525 1992 613 2032 quae
629 1981 781 2029 precibus
794 1980 895 2030 justis
916 1993 992 2019 mea
1011 1979 1162 2019 devovet
1181 1980 1259 2026 ira,
1287 2019 1292 2023 ,

351 2035 537 2067 Evenzent.

1391 986 1438 1020 Et
1452 981 1562 1032 simul
1581 995 1623 1020 ex
1640 983 1713 1022 alto
1733 980 1827 1034 longe
1839 983 2074 1035 pulcherrima
2087 994 2223 1038 praepes

1392 1039 1502 1072 Laeta
1523 1034 1665 1075 volavit
1691 1035 1783 1075 avis.

1340 1085 1476 1124 BuuM.

1399 1148 1482 1187 130.
1510 1136 1691 1189 Pessima]
1730 1138 1863 1187 Perside
1890 1140 2061 1179 Francos.
2088 1141 2126 1179 δί
2154 1140 2225 1183 alii.
2253 1141 2292 1180 &
2311 1141 2390 1189 edii

1341 1189 1463 1227 tiones
1481 1189 1678 1239 quaedam.
1699 1188 1846 1238 plurimi
1866 1200 1992 1230 tamen
2006 1220 2016 1236 ,
2042 1191 2183 1241 peffime.

1396 1251 1477 1289 131.
1507 1240 1619 1277 Finiet
1636 1239 1698 1286 ista
1718 1240 1827 1292 dies.]
1869 1243 2144 1291 Supervacuum
2167 1243 2216 1281 est
2235 1244 2309 1282 hoc
2329 1243 2385 1282 di-

1341 1290 1480 1328 stichon
1497 1290 1587 1335 ,ata
1601 1303 1714 1330 manu
1734 1292 1883 1331 indocsta
1902 1294 2210 1332 hicinculcatum.
2238 1295 2387 1333 Heius.

1342 1341 1497 1386 Variant
1533 1342 1738 1381 admodum
1780 1344 1937 1383 codices.

1342 1400 1418 1431 tam
1442 1394 1505 1431 hic
1536 1405 1648 1442 quam
1680 1394 1844 1444 sequenti
1865 1396 1967 1435 versu
1981 1424 1992 1443 ‚
2013 1401 2111 1434 Ante
2127 1396 2192 1434 erit
2212 1396 2276 1434 illa
2297 1396 2391 1441 dies,

2016 1346 2039 1382 P
2045 1346 2200 1382 eravian.
2231 1346 2270 1383 ὅ(
2300 1345 2391 1383 alius

1346 1443 1446 1483 unde
1465 1443 1641 1483 Heinsius
1662 1445 1755 1484 olim
1776 1447 1977 1486 formabat:

1400 1516 1496 1552 Ante
1521 1511 1588 1548 erit
1609 1510 1707 1558 (vel,
1730 1509 1780 1560 fit
1792 1511 1828 1560 ,)
1841 1511 1908 1549 illa
1932 1512 2024 1559 dies,
2050 1525 2137 1564 quae
2158 1522 2193 1551 te
2214 1510 2397 1563 mihisubgi

1525 1561 1643 1599 trahet
1664 1561 1746 1599 olim
1760 1591 1771 1607 ,

1453 1618 1553 1651 Ante
1573 1614 1638 1650 erit
1657 1612 1721 1651 illa
1739 1614 1829 1659 dies,
1859 1628 1946 1665 quae
1965 1614 2055 1651 mihi
2065 1616 2145 1664 sera
2164 1615 2265 1654 venit
2278 1642 2291 1661 ,

1402 1668 1450 1702 Et
1468 1666 1570 1722 prices
1597 1663 1688 1702 hanc
1711 1666 1872 1703 animam
1893 1666 2044 1704 nimium
2075 1665 2164 1711 tibi,
2187 1670 2314 1717 saeve,
2336 1667 2398 1717 pei

1524 1725 1632 1752 utam

1455 1766 1624 1815 Qualibet
1640 1767 1810 1807 amittam
1829 1768 1969 1806 vindice
1989 1777 2099 1806 morte
2117 1769 2196 1808 mei.

1408 1846 1489 1885 134.
1516 1835 1664 1876 Auferet
1693 1835 1755 1883 ista
1783 1836 1854 1875 dies
1873 1864 1884 1882 ,
1922 1850 2011 1888 quae
2041 1835 2131 1874 mihi
2152 1842 2234 1887 sera
2253 1836 2396 1889 venit]

1357 1886 1472 1936 Jureti
1501 1885 1646 1931 codex,

1407 1951 1595 2002 Qodlibet
1616 1951 1790 1990 amittam
1807 1952 1949 1991 vindice
1968 1965 2078 1992 morte
2104 1955 2182 1992 mei.

1350 2016 1525 2068 superiori
1538 2018 1641 2056 versu
1654 2032 1722 2066 pro
1738 2021 1835 2067 saepe
1851 2022 1975 2056 malim
1990 2022 2099 2057 etiam
2116 2021 2297 2067 ‚saeve.&
2308 2033 2400 2062 mox

251 2079 300 2121 Et
315 2079 378 2118 lib.
402 2092 449 2118 11.
471 2081 516 2119 de
535 2083 657 2121 Ponto
673 2112 682 2125 ‚
709 2082 812 2130 Eleg.
842 2095 870 2120 1.

303 2132 410 2181 Qod
435 2141 551 2181 precor
578 2133 736 2178 eveniet,
757 2133 844 2182 sunt
867 2134 1041 2181 quaedam
1068 2133 1208 2173 oracula
1230 2146 1298 2172 va-

429 2193 530 2228 tum,

355 2238 456 2272 Nam
473 2240 568 2273 Deus
589 2235 725 2285 optanti
739 2234 894 2286 prospera
908 2232 1011 2283 signa
1028 2233 1136 2273 dedit.

253 2304 298 2344 In
318 2305 411 2342 haec
433 2303 534 2342 enim
561 2304 671 2342 verba
693 2302 848 2342 devotio
876 2301 1104 2347 solvebatur,
1133 2312 1174 2342 ut
1204 2302 1301 2342 testis

255 2354 303 2392 est
326 2363 432 2393 vetus
452 2354 633 2403 Interpres
663 2354 811 2392 Horatii
834 2352 879 2392 ad
900 2353 959 2392 illa
990 2354 1160 2392 carminis
1180 2353 1304 2393 saecu-

256 2406 336 2444 laris
355 2405 466 2443 verba
489 2434 500 2451 ,
528 2412 620 2443 Haec
642 2406 776 2453 Jovem
793 2403 943 2452 sentire,
972 2416 1058 2444 cum
1088 2405 1149 2443 ait.
1194 2404 1302 2443 Ordo

259 2458 331 2500 est3
361 2460 427 2504 Ego
446 2455 566 2494 chorus
583 2484 593 2500 ,
615 2470 672 2494 nos
689 2457 785 2505 pueri
810 2454 1006 2506 puellaeque
1019 2484 1030 2500 ,
1058 2455 1175 2493 doetus
1195 2455 1305 2494 dicere

260 2506 378 2545 laudes
400 2506 525 2545 Phoebi
537 2507 734 2548 &Dianae
752 2515 900 2557 reporto,
913 2506 1057 2543 domum
1068 2508 1163 2557 spem
1182 2506 1309 2544 bonam

265 2564 463 2608 certamque
484 2586 494 2604 ‚
513 2559 646 2605 Jovem
667 2569 711 2598 (9⁶
731 2563 817 2595 Deos
836 2559 972 2594 cunctos
984 2556 1065 2594 haec
1081 2557 1171 2606 scire
1189 2585 1199 2602 ‚
1229 2558 1309 2596 haec

265 2610 375 2654 velle,
403 2609 485 2647 haec
496 2609 637 2658 sentire.
676 2609 739 2645 Hic
760 2607 853 2645 enim
870 2606 953 2653 finis
976 2608 1065 2654 sacri
1082 2608 1250 2647 carminis
1266 2621 1310 2650 ω’

263 2660 302 2697 in
333 2661 411 2698 haec
443 2661 550 2698 verba
581 2660 715 2697 devotio
741 2657 944 2707 fhlvebatur
968 2687 977 2703 ,
1015 2660 1154 2706 quando
1184 2661 1310 2698 diceret

264 2710 383 2748 chorus
399 2738 407 2753 ,
435 2712 567 2756 Jovem
587 2720 695 2761 preces
723 2720 767 2751 ω’
798 2719 884 2746 vota
911 2711 1147 2760 exaudivisse,
1176 2723 1220 2752 (9⁹
1236 2725 1311 2750 cae-

268 2771 354 2798 teros
372 2766 459 2798 Deos
479 2791 489 2807 ‚
524 2773 628 2813 atque
655 2763 709 2811 spe
727 2769 819 2799 certa
837 2759 982 2798 domum
1003 2762 1145 2800 reverti.
1200 2764 1310 2810 Quae

266 2812 427 2850 formula
447 2814 616 2859 frequens
639 2812 688 2851 est
709 2812 806 2860 apud
826 2812 970 2850 Poetas.
997 2813 1193 2852 Servat-m.
1223 2814 1309 2853 Vid.

268 2863 314 2902 ad
334 2875 397 2900 111.
418 2864 512 2902 Met.
536 2874 615 2911 524.
654 2864 800 2900 Eveniat
831 2862 941 2902 estin
968 2874 1045 2903 uno
1078 2864 1234 2904 Heinfii.
1262 2869 1309 2902 Ε-

265 2913 418 2955 ,veniant
437 2915 475 2951 in
498 2916 613 2963 prima
634 2914 811 2953 editione.

329 2963 414 3004 128.
442 2965 571 3011 Moesta
590 2965 731 3002 volavit
753 2963 874 3014 avis.]
920 2965 1068 3002 Sonavit
1088 2966 1202 3013 Juteti
1223 2966 1312 3006 liber

273 3016 314 3056 &
332 3015 393 3053 sex
411 3015 484 3054 alii.
509 3015 557 3053 fic
576 3013 745 3064 clafficum
763 3015 960 3064 personavit
979 3016 1076 3065 apud
1093 3017 1312 3067 Apulej.lib.

274 3080 313 3106 v.
341 3067 498 3105 Metam.
519 3080 647 3116 magna
660 3067 871 3113 fimaturum
892 3067 1025 3105 Horat.
1047 3081 1072 3105 1.
1093 3068 1164 3105 Sat.
1187 3080 1314 3117 1v.44.

275 3119 325 3157 fic
347 3119 385 3156 ὅ(
417 3117 666 3156 Tertullianus
697 3129 774 3155 non
799 3116 921 3156 semel.
960 3119 1105 3157 Hiems.
1156 3119 1241 3157 Vid.
1269 3120 1315 3158 ad

274 3180 315 3206 v.
334 3169 424 3206 Fast.
454 3182 535 3218 549.
572 3181 649 3207 non
683 3177 807 3206 tamen
841 3170 946 3206 facile
978 3168 1162 3217 vulgatam
1183 3169 1314 3208 1εᾶἱο-

275 3228 365 3255 nem
384 3220 574 3268 rejecerim
597 3234 606 3258 ι
635 3231 719 3258 narn
744 3231 860 3270 aeque
883 3232 928 3257 ex
957 3220 1083 3258 volatu
1098 3248 1107 3265 ,
1136 3228 1246 3272 atque
1265 3232 1312 3271 ex

275 3268 367 3307 sone
391 3271 546 3321 auspicia
566 3271 815 3325 capiebanturt
841 3271 939 3324 Eum
956 3271 1057 3311 Ann.
1082 3283 1112 3322 π,
1242 3271 1247 3273 ’

1351 2072 1547 2116 vanescere,
1558 2080 1624 2116 pro
1634 2070 1842 2117 evanescere.
1853 2069 1934 2106 Hm
1944 2083 2000 2106 ns.
2018 2075 2126 2106 Saeve
2136 2070 2174 2106 &
2185 2071 2282 2118 fitepe
2295 2084 2403 2111 com-

1352 2121 1487 2158 mutari
1502 2121 1660 2157 vidimus
1680 2119 1726 2155 ad
1745 2131 1824 2155 x1v.
1847 2120 1941 2155 Met.
1966 2128 2051 2166 559.
2072 2120 2249 2164 Vanescere
2267 2130 2343 2160 erat
2363 2125 2404 2163 in

1355 2170 1487 2206 codice
1507 2169 1650 2206 Gallico
1670 2167 1772 2215 supra
1794 2168 1882 2216 post.
1901 2168 1955 2211 ybs.
1967 2182 2027 2215 40.
2049 2169 2108 2208 ubi
2130 2172 2203 2209 hoc
2221 2171 2405 2213 distichon

1356 2220 1467 2257 etiam
1504 2219 1701 2267 legebatur.
1733 2219 1793 2256 ubi
1817 2220 1900 2268 ejici
1928 2229 2154 2269 oportuerat.
2189 2222 2249 2261 sed
2278 2223 2404 2264 nescio

1355 2270 1425 2321 qui
1440 2271 1588 2319 irrepfit.
1617 2271 1723 2307 tarda
1749 2270 1852 2307 venit
1871 2271 2050 2319 quaedam
2069 2272 2264 2313 editiones.

1412 2333 1499 2371 137.
1540 2322 1752 2371 Pugnabunt
1781 2321 1903 2369 jaculis
1934 2321 2018 2360 dum
2052 2323 2198 2362 Thraces
2216 2353 2230 2371 ‚
2259 2332 2406 2377 Iazyges

1359 2372 1483 2424 arca]
1540 2373 1580 2412 In
1614 2374 1718 2422 cujus
1748 2373 1867 2412 versus
1892 2376 2195 2422 interpretatione
2214 2404 2226 2421 ,
2263 2377 2402 2424 lapsum

1360 2426 1577 2464 Domitium
1600 2426 1716 2463 miror
1740 2452 1752 2471 ,
1788 2426 1854 2474 qui
1893 2425 2045 2475 Iapides,
2072 2427 2110 2463 ὃ(
2138 2427 2255 2476 legat,
2283 2429 2323 2466 &
2345 2429 2405 2467 in-

1362 2485 1602 2525 terpretetur,
1629 2488 1673 2515 ac
1694 2475 1719 2514 si
1741 2476 1877 2515 nesciat
1894 2505 1906 2524 ,
1929 2480 2024 2515 inter
2046 2477 2198 2527 Scythas
2224 2478 2261 2516 id
2288 2489 2406 2528 genus

1364 2528 1561 2566 hominum
1595 2528 1706 2566 Ponti
1734 2527 1875 2566 accolas
1896 2529 1941 2566 ab
1969 2528 2162 2571 omnibus,
2191 2529 2231 2566 δε
2249 2540 2406 2578 geogra-

1365 2579 1467 2628 phis,
1495 2581 1531 2617 ὅτ,
1565 2580 1687 2628 po'e’tis
1713 2578 1974 2623 adnumerari,
2012 2590 2174 2629 quorum
2192 2578 2404 2619 testimonia

1366 2631 1533 2668 brevitati
1566 2629 1750 2668 institutae
1777 2629 1922 2668 studens
1955 2631 2106 2680 omitto.
2153 2630 2283 2678 Iapides
2306 2638 2405 2670 certe

1365 2693 1546 2730 nusquam
1574 2680 1711 2719 lectum
1742 2692 1827 2720 arcu
1866 2682 1903 2718 &
1933 2680 2120 2730 sagittandi
2151 2682 2277 2728 peritia
2308 2681 2406 2720 cele-

1365 2733 1456 2771 bres.
1485 2733 1542 2771 Eo
1556 2745 1712 2770 NATIUS.
1772 2737 1912 2780 lazyges
1932 2730 2207 2769 emendandum
2230 2732 2319 2770 boni
2339 2744 2406 2770 co-

1367 2783 1464 2822 dices
1497 2783 1797 2832 monstrant,qui
1815 2782 1943 2831 populi
1973 2781 2054 2820 sunt
2084 2781 2268 2831 Scythiae.
2296 2782 2402 2822 Idem

1362 2847 1407 2874 11.
1437 2835 1546 2873 Trist.

1417 2886 1575 2936 Jazyges
1594 2897 1638 2926 (9³
1658 2884 1799 2928 Colchi,
1830 2889 2062 2935 Matareaque
2079 2883 2205 2928 turba,
2232 2888 2406 2934 Getaeque

1470 2937 1630 2974 Danubii
1648 2935 1769 2972 mediis
1787 2935 1852 2971 vix
1869 2936 2093 2983 prohibentur
2111 2936 2222 2983 aquis.

1370 2989 1408 3027 &
1432 3002 1463 3027 ι.
1483 2989 1528 3026 de
1549 2990 1670 3025 Ponto
1688 2986 1733 3024 ad
1754 2986 1990 3026 Maximum:

1423 3056 1505 3089 Aut
1537 3050 1621 3100 quid
1662 3056 1889 3088 sauromatae
1915 3051 2059 3098 faciant
2077 3076 2090 3095 ‚
2140 3049 2226 3100 quid
2265 3054 2407 3100 lazyges⁴

1587 3114 1648 3137 ΓΗ.

1371 3153 1410 3193 &
1430 3154 1466 3191 in
1489 3115 1738 3200 1v.acejusdem
1758 3152 1879 3202 operis
1899 3152 1943 3189 ad
1964 3150 2147 3190 Vestalem
2164 3166 2173 3190 ε

1422 3225 1492 3273 ‚lpse
1512 3223 1608 3259 vides
1627 3233 1772 3260 onerata
1793 3224 1895 3270 ferox
1916 3233 1956 3260 ut
1979 3224 2085 3260 ducat
2107 3231 2215 3275 Iapyx

1473 3279 1537 3313 λέν
1559 3274 1690 3314 medias
1712 3274 1786 3322 Jstri
1801 3273 1957 3324 plaustra
1981 3272 2145 3315 bubulcus
2163 3280 2287 3328 aquas}
2333 3325 2364 3365 Γ
2398 3327 2413 3338 Ἴ

2352 3338 2415 3372 2οἳ
