2547 3708
360 221 430 290 7'6
991 211 1850 267 P.oer11v1TA

600 402 690 449 Ch.
721 416 784 447 iv.
810 397 873 445 U.
902 397 960 445 C.
988 412 1209 445 Dchvir.

360 437 552 486 Auno
582 465 766 528 ⁴Ovidii
791 479 926 509 XLvr.
955 462 1003 508 &
1026 478 1186 510 XLvn.

547 579 692 630 SEX.
727 576 942 624 AELIO
978 575 1207 634 CATO,
1242 573 1301 619 C.
1337 571 1607 620 SENTIO
1643 570 2083 655 SATpRNINO
2121 578 2304 629 COSS.

366 703 404 751 Ῑ,
520 700 539 745 Ι
578 696 833 744 maximum
851 692 1135 756 Scaligerum
1161 688 1426 752 sequamur,
1462 689 1518 733 ad
1539 690 1665 734 hunc
1687 706 1859 738 annum
1882 691 2147 755 spectaverit
2158 698 2366 760 Mefflzlae
2383 704 2485 749 Cor-

436 703 503 812 S
538 765 630 808 vini
656 776 805 817 mors,
840 774 892 804 ac
925 759 973 803 in
1009 772 1106 803 eam
1146 755 1369 819 scriptum
1394 751 1559 800 Ovidii
1587 769 1801 815 carmen,
1837 758 1961 818 quod
1987 759 2126 822 periit
2161 764 2380 825 quidem,
2414 766 2485 816 sed

366 831 422 878 ab
446 829 638 893 ipsomet
663 835 945 871 memoratur
967 822 1077 869 Lib.
1103 826 1142 867 l.
1167 835 1224 867 ex
1254 820 1409 866 Ponto
1432 818 1522 881 Ep.
1546 817 1665 865 VII.
1697 820 1924 882 Mefflzlino
1958 823 2156 873 Corvini
2193 826 2294 876 filio
2327 830 2482 878 inscri-

401 908 443 941 ta
488 907 601 940 vers.
619 905 643 936 z
687 915 705 923 -
743 904 788 934 ο.

363 913 395 958 P
457 927 473 954 ⁹
493 958 591 1005 Nec
616 903 796 1015 tu7us3est
819 953 1011 1017 genitor
1036 968 1104 999 nos
1125 951 1335 1011 inficiatus
1359 952 1534 1007 amicos,

556 1022 768 1067 Hortator
779 1019 914 1080 studii
935 1018 1148 1079 canfflzque
1158 1015 1322 1079 faxque
1342 1018 1435 1062 mei.

498 1089 580 1134 Cui
604 1101 673 1132 nos
694 1085 747 1137 ὅ
785 1099 1078 1130 LACRYMAS
1095 1117 1112 1142 ‚
1133 1083 1375 1144 supremum
1397 1084 1441 1127 in
1464 1078 1622 1126 funere
1644 1095 1819 1140 munus,

560 1153 624 1198 Et
645 1149 852 1196 dedimus
877 1150 1006 1196 medio
1029 1147 1195 1210 scripta
1219 1147 1398 1194 canenda
1420 1147 1525 1195 Foro
1537 1147 1579 1190 ἠὲ.
2527 1170 2533 1180 =

365 1216 552 1275 Qubus
577 1232 634 1262 ex
657 1214 807 1263 verbis
830 1212 1110 1261 doftiffimus
1131 1211 1208 1258 ille
1230 1213 1302 1259 vir
1334 1209 1455 1258 reete
1488 1209 1702 1275 colligit,
1737 1209 1976 1259 Messalam
1999 1225 2105 1261 ante
2128 1213 2339 1266 exfilium
2364 1220 2487 1269 Ovi·
2511 1254 2531 1268 ,,

364 1283 429 1330 dii
458 1285 546 1346 jam
573 1278 827 1334 decesfiffe3
852 1279 1054 1342 hincque
1077 1276 1292 1325 confutat
1310 1310 1324 1334 ‚
1348 1275 1473 1340 quod
1497 1276 1544 1322 in
1560 1274 1744 1322 Eusebii
1769 1275 2014 1326 Chronico
2038 1279 2212 1343 legitur
2234 1281 2289 1329 ad
2315 1300 2486 1336 annum
2507 1326 2509 1330 Α

365 1348 576 1394 Abrahae
592 1344 942 1394 MMXXVH.
957 1344 1153 1407 Olymp.
1167 1342 1430 1389 CXCVII.
1445 1342 1537 1387 An.
1558 1356 1573 1386 1
1590 1339 1768 1387 11.hoc
1781 1340 1870 1401 est,
1886 1343 2486 1399 An.U.C.DCCLX111‚

365 1413 441 1461 vel
473 1410 848 1474 subsequentem,
881 1409 936 1456 ad
963 1425 1095 1473 cujus
1122 1406 1442 1471 Septembrem
1478 1405 1617 1470 usque
1655 1405 1982 1468 producuntur
2007 1412 2185 1457 numeri
2214 1412 2486 1463 Eusebiani:
2515 1418 2520 1446 ἵ

363 1478 552 1538 lidefflzln
578 1478 784 1523 Corvinus
798 1476 959 1522 Orator
979 1485 1075 1521 ante
1098 1476 1334 1535 biennium,
1356 1488 1480 1535 qnam
1501 1481 1753 1530 moreretur,
1785 1474 1851 1519 ita
1868 1478 2107 1522 memoriam
2130 1477 2355 1540 acsenfitm
2376 1483 2488 1528 ami·
2545 1496 2547 1526 ὲ

241 1542 245 1546 ’
318 1531 327 1533 s
355 1547 416 1606 fit
430 1576 445 1600 ‚
479 1554 527 1589 nt
549 1544 627 1589 vix
642 1556 780 1602 pauca
800 1542 929 1587 verba
954 1540 1207 1603 conjungeret
1221 1574 1236 1600 ‚
1260 1540 1313 1592 &³
1337 1540 1397 1585 ad
1418 1548 1644 1585 extremum
1664 1539 1795 1584 ulcere
1801 1540 1890 1600 fibi
1912 1539 2205 1602 circa-sacram
2223 1543 2386 1602 spinam
2408 1562 2488 1592 na·-
2545 1530 2547 1597 i

365 1618 436 1667 to,
468 1609 606 1654 inedia
626 1606 676 1669 se
705 1605 902 1667 confecit,
935 1622 1039 1653 anno
1065 1608 1217 1653 aetatis
1243 1604 1463 1652 LXXII.
1498 1603 1574 1650 Ad
1598 1618 1712 1667 quae
1736 1603 1943 1667 Scaliger
1968 1607 2026 1668 (a)
2055 1605 2167 1652 haec
2200 1609 2486 1657 animadver-
2543 1602 2547 1649 i

368 1674 452 1720 tit:
490 1707 524 1732 „
541 1670 686 1732 Qod
710 1669 741 1717 fi
764 1671 952 1718 biennio
977 1670 1080 1735 post
1115 1670 1235 1716 suam
1269 1669 1539 1716 memoriam
1562 1669 1654 1731 ipse
1676 1681 1885 1715 mortuus
1909 1669 2003 1729 est,
2040 1671 2269 1731 (Meffala)
2305 1686 2356 1720 ut
2377 1675 2485 1722 scri-
2507 1685 2514 1706 ³

367 1771 405 1798 2,
438 1736 509 1784 bit
523 1737 866 1801 Hieronymus,
901 1752 1014 1801 ergo
1036 1735 1207 1782 obierit
1233 1750 1427 1781 numero
1445 1732 1509 1796 (id
1531 1734 1595 1779 est
1611 1731 1824 1780 Abrahae
1844 1736 1985 1790 anno)
2021 1735 2347 1782 MMXXIX.
2383 1739 2486 1786 Au-

367 1836 403 1864 „
437 1802 558 1866 gusti
591 1818 710 1849 anno
744 1802 1003 1865 penultimo
1029 1800 1118 1862 (b),
1151 1799 1242 1848 VI.
1269 1800 1349 1863 (c).
1384 1797 1531 1846 exsilii
1555 1797 1794 1846 Ovidiani.
1862 1799 2010 1862 Atqui
2037 1799 2238 1847 Ovidius
2269 1801 2363 1848 hoc
2400 1818 2488 1851 nu-

368 1901 404 1927 „
440 1883 568 1915 mero
590 1866 940 1915 MMXXVII.
975 1866 1174 1915 scribens
1193 1864 1249 1912 ad
1261 1864 1556 1912 Meffalinum
1582 1863 1721 1926 hujus
1743 1863 1959 1912 Messalae
1984 1863 2133 1912 filiurn
2149 1899 2163 1926 ,
2198 1867 2261 1913 ait
2282 1865 2325 1914 se
2348 1869 2489 1931 patris

371 1965 408 1993 3,
440 1935 538 1996 ejus
561 1932 697 1979 funus
721 1932 950 1996 Epicedio
973 1931 1309 1997 prosequutum
1336 1930 1463 1979 fuiffe
1485 1947 1496 1977 :
2507 1926 2513 1946 ³

496 2000 593 2045 Nec
612 2010 710 2045 tuns
729 1999 784 2059 est
808 2000 1006 2056 Genitor,
1042 1998 1133 2045 &c.
2475 2052 2479 2055 ⁴

366 2095 403 2123 „
436 2061 567 2126 Ergo
593 2076 698 2110 ante
722 2061 932 2109 exsilium
950 2063 1113 2110 Ovidii
1133 2063 1227 2124 jam
1249 2061 1521 2122 decesserat,
1557 2061 1650 2108 hoc
1674 2062 1886 2122 est‚ante
1909 2078 2035 2111 num.
2060 2061 2491 2124 MMXX111.(d>.

368 2159 405 2185 2,
440 2126 543 2185 Qi
556 2127 656 2174 fieri
673 2128 828 2190 potuit
841 2161 856 2187 ,
869 2140 922 2174 ut
937 2143 1065 2173 num.
1081 2128 1430 2181 MMXXVII.
1444 2128 1712 2174 memoriam
1727 2128 1942 2184 amiserit,
1956 2128 2006 2172 ὃς
2020 2144 2147 2173 num.
2162 2126 2486 2174 MMXXIX.

370 2224 406 2251 „
439 2191 671 2238 obiverit?
706 2191 853 2251 Quod
878 2193 1191 2253 patrocinium
1218 2191 1326 2238 huic
1350 2187 1688 2237 controverfiae
1711 2188 2008 2236 arcess'emus?
2041 2188 2218 2235 Rursus
2251 2190 2372 2236 aliud
2398 2191 2508 2242 du-,

373 2287 408 2314 „
440 2254 571 2301 bium
595 2255 840 2301 suboritur.
890 2256 937 2300 Si
962 2258 1035 2300 M.
1058 2257 1267 2304 Valerius
1289 2255 1481 2302 Mesiala
1505 2255 1624 2300 obiit
1647 2253 1972 2299 MMXXIX.
2006 2269 2231 2312 numero,
2267 2254 2488 2318 superstes

374 2353 411 2379 3,
444 2317 534 2366 fuit
559 2319 647 2366 IX.
680 2320 805 2364 annis
835 2317 893 2365 C.
909 2318 1070 2366 Asinio
1093 2320 1324 2376 Pollioni,
1348 2318 1426 2379 qui
1448 2317 1632 2362 decessit
1659 2330 1787 2360 num.
1805 2315 2051 2362 MMXX.
2086 2316 2348 2377 Qiomodo
2370 2336 2484 2386 ergo
2501 2322 2529 2382 ',

372 2418 409 2446 9,
443 2383 680 2430 tuebimur
705 2382 797 2429 hoc
823 2383 1025 2430 adversus
1049 2399 1126 2441 ea,
1162 2397 1276 2444 quae
1302 2379 1482 2427 Au&0r
1508 2379 1700 2440 Dialogi
1724 2378 1779 2424 de
1803 2379 1958 2426 caussis
1993 2396 2241 2445 corruptae
2266 2384 2484 2449 eloquen-

374 2483 408 2509 9,
444 2450 533 2495 tiae
557 2448 713 2495 scribit
736 2448 840 2507 (e):
878 2451 1084 2494 Corvinus
1108 2451 1151 2494 in
1186 2448 1362 2494 medinm
1393 2445 1514 2507 usque
1534 2443 1713 2506 Augusti
1738 2446 2058 2506 Princtpatum,
2093 2452 2266 2508 Astnius
2278 2464 2410 2510 paene
2431 2451 2492 2498 ad
2524 2449 2526 2474 ³

375 2548 408 2574 9,
441 2525 666 2560 extremum
680 2515 853 2559 duravit
872 2512 888 2558 ?
903 2512 1169 2560 Secundum
1194 2514 1306 2558 haec
1322 2545 1336 2568 ,
1351 2510 1397 2554 &
1411 2525 1460 2555 ea
1474 2542 1488 2567 ,
1502 2525 1614 2572 quae
1626 2508 1863 2566 αὐτόπτης
1878 2510 2101 2558 scribebat
2114 2513 2339 2573 Ovidius,
2355 2532 2485 2561 com-
2523 2531 2525 2536 ’

376 2612 411 2638 3,
445 2591 684 2625 mutarunt
708 2578 865 2624 locum
891 2577 938 2623 in
955 2577 1197 2623 Chronico
1213 2574 1560 2622 EusebiiPollio
1586 2572 1633 2620 δε
1656 2574 1870 2632 Messala,
1892 2587 1944 2622 ut
1968 2592 2162 2623 numero
2191 2579 2420 2625 MMXX
2434 2577 2487 2640 †.
2521 2573 2524 2603 ⁴²

378 2677 412 2703 n
448 2643 637 2690 Mefl'ala
661 2656 872 2689 mortuus
895 2640 1060 2701 fuerit,
1095 2641 1246 2688 Pollio
1279 2655 1388 2687 vero
1413 2637 1735 2685 MMXXIX.
1775 2640 1913 2687 Unde
1937 2640 2058 2688 recte
2085 2641 2266 2689 Auetor
2290 2643 2486 2708 Dialogi
2518 2675 2522 2705 s*

2355 2708 2485 2756 dixe·
2518 2719 2521 2739 ³

433 2772 455 2795 *
480 2770 526 2811 ln
553 2770 686 2812 Forum
714 2770 799 2814 scil.
818 2769 1059 2812 Romanum
1088 2769 1229 2810 funera
1256 2768 1525 2817 ducebantur,
1555 2776 1598 2807 ut
1630 2780 1702 2818 pro
1733 2768 1874 2821 Rostris
1900 2769 1951 2808 ibi
1985 2769 2186 2821 proposita
2217 2770 2484 2814 laudarentur.
2516 2774 2529 2820 :i-

384 2826 493 2865 nme
512 2837 609 2864 vero
632 2829 734 2864 hanc
755 2824 963 2864 funebrem
986 2823 1231 2864 Orationem
1251 2823 1481 2862 cantabatur
1506 2820 1685 2871 Naenia3
1709 2823 2057 2873 quemadmodum
2075 2822 2161 2874 jam
2181 2822 2390 2865 Marcilius
2408 2825 2496 2866 n0·‘
2516 2823 2530 2854 ³²-

382 2879 480 2918 tavit
501 2877 550 2918 ad
570 2877 707 2917 Horat.
733 2877 813 2921 Sat.
838 2877 913 2920 Vl.
936 2877 1025 2918 Lib.
1047 2876 1077 2917 1.
1102 2889 1203 2921 vers.
1224 2888 1287 2930 43.
1318 2876 1426 2916 hunc
1450 2873 1588 2915 Ovidii
1612 2876 1756 2916 locum
1777 2876 2007 2928 proferens,
2037 2877 2073 2916 ἃ
2095 2875 2245 2917 Lucan.
2265 2876 2354 2920 Lib.
2370 2877 2486 2925 VIII.
2514 2894 2522 2928 μ

559 2930 615 2971 Ut
635 2931 801 2980 resonent
820 2932 919 2984 tristi
939 2941 1053 2970 cantu
1079 2928 1193 2979 Fora,
1218 2929 1294 2970 ὅτε.
2512 2933 2522 2983 η’

440 2986 500 3036 (a)
531 2984 880 3025 Animadveriion.
900 2985 948 3023 ad
967 2982 1108 3024 Euseb.
1131 2983 1289 3023 chron.
1309 2995 1345 3035 p.
1371 2982 1457 3024 180.
2512 2986 2520 3028 f

440 3042 502 3088 (b)
526 3038 570 3078 Id
582 3039 633 3078 est
647 3038 726 3077 An.
743 3036 803 3078 U.
818 3035 1164 3077 C.DCCLXV1.
1180 3049 1264 3088 quo
1276 3049 1342 3088 per
1356 3037 1618 3077 Autumnum
1630 3036 1758 3076 exibat
1777 3048 1904 3078 annus
1918 3037 1988 3077 ille
2004 3033 2480 3080 AbrabaeMMXXIX.
2510 3056 2511 3059 ¹

401 3097 404 3100 “
436 3094 500 3143 (c)
531 3090 765 3132 Dicendum
790 3090 920 3141 potius
944 3089 1018 3131 fuit
1045 3089 1321 3141 1V.fiquidem
1336 3089 1506 3131 Ovidius
1522 3090 1603 3129 An.
1620 3087 2022 3132 U.C.DCC[.X11.
2049 3098 2219 3130 exeunte
2237 3090 2278 3130 in
2297 3092 2480 3133 exfilium
2508 3114 2516 3130 s
2535 3107 2547 3132 i

387 3145 522 3187 missus
543 3144 616 3185 fuit
630 3175 641 3194 ‚
668 3154 710 3183 ut
733 3144 894 3184 inferius
911 3145 958 3184 ad
980 3156 1076 3184 eum
1097 3156 1248 3184 annum
1270 3142 1651 3193 demonstrabimus,
1680 3143 1766 3195 ipso
1792 3143 2030 3195 suffragante
2049 3142 2269 3194 Scaligero.
2508 3145 2510 3167 ²

443 3199 507 3249 (d)
541 3199 630 3237 lmo
650 3196 929 3239 MMXXVI.
950 3197 1203 3240 scribendum
1223 3208 1327 3249 erat,
1353 3209 1451 3240 cum
1468 3196 1532 3237 hic
1551 3208 1744 3239 numerus
1766 3198 1955 3251 coeperit.
1979 3194 2479 3241 A11.U.C.DCCLx11.
2508 3179 2513 3249 ἵ,

385 3265 472 3304 quo
490 3252 612 3291 Vates
635 3251 675 3290 in
699 3252 877 3292 exfilium
896 3251 1000 3292 abiit.
2506 3278 2507 3283 =

439 3303 727 3412 iehbiaineiffe
746 3357 932 3410 septemb.
955 3359 1037 3401 An.
1061 3357 1123 3400 U.
1144 3357 1196 3403 C.
1222 3356 1467 3401 DCCLVI.
1496 3358 1644 3411 coepit.
