2547 3708
853 171 877 230 1
1021 170 1069 229 B

1216 174 1240 231 1
1381 176 1438 232 S.

428 276 514 332 Sic
540 274 635 330 tibi
664 272 943 329 claudatur
969 271 1165 341 pollice
1194 273 1343 327 vocis
1365 273 1484 327 iter.

354 353 464 404 Aut
491 361 549 403 ut
577 346 925 403 Anaxarchus
950 345 1054 416 pila
1079 345 1327 398 minuaris
1354 346 1406 398 in
1432 343 1560 401 alta,

421 421 632 492 Ictaque
657 438 756 491 pro
779 420 953 473 solidis
982 416 1220 487 frugibus
1245 417 1349 470 offa
1376 418 1580 471 sonent.

210 517 305 568 575
349 494 535 623 thue
559 508 762 565 patrem
781 491 1100 551 Psamathes,
1128 490 1327 542 condat
1354 503 1407 542 te
1440 487 1687 543 Phoebus
1713 487 1766 542 in
1793 486 1898 543 ima

460 569 680 630 “artara,
719 565 1050 636 quodnatae
1078 562 1277 618 fecerat
1309 562 1396 618 ille
1421 563 1555 617 suae.

115 813 183 853 Kal
209 812 275 848 τὲὖν
293 810 350 859 μὲν
380 807 465 846 λίπεν
493 799 612 855 ἆσθμα
631 801 814 853 effipia-Cio»,
846 802 873 841 οἱ
893 798 923 841 ἓέ
941 816 998 851 μιν
1019 797 1086 838 327⁸-

165 878 216 905 λοι

113 920 263 970 Δσίκρυσι
281 915 506 969 λαθξιῖαἶοισιν
528 915 792 954 ἔπικλοιύσοιντξς
813 913 942 959 Axona}

113 978 226 1015 Κοιλὸν
245 969 495 1024 ὀποκςίψαιντες
516 969 540 1012 ἷς
559 973 669 1021 ’ἕο-χιον
680 972 800 1008 ’ἔνθεο-σιν
819 967 938 1005 ἵππου.

58 1054 273 1096 Fuitautem
286 1059 346 1096 hic
364 1056 529 1094 Anticlus
549 1055 641 1093 filius
653 1053 788 1100 Ortygi
805 1079 814 1095 ‚
843 1060 881 1088 ut
894 1063 937 1087 ex
948 1049 1084 1087 eodem

57 1110 170 1154 poeta
192 1118 303 1157 patet.
321 1110 370 1146 ita
391 1109 492 1145 enim
515 1108 549 1144 in
566 1106 735 1152 catalogo
750 1103 851 1140 illum
874 1101 1059 1139 describit:

111 1185 304 1236 0“ρτ·υσγι’ὃης
321 1181 510 1231 ᾹΙντ-ικλος,
538 1184 568 1221 ’ὃν
589 1183 702 1220 αὐτόθι
722 1181 889 1218 τεθνεῶτα,

100 1237 216 1290 Ἵππῳ
233 1238 454 1292 δακρύσαντες
473 1239 673 1289 ἔνικτερεὶξειν
693 1232 848 1285 Α’χοειοί.
879 1230 1086 1272 MICYLL.

52 1327 225 1377 Anneius,
252 1326 496 1375 proculdubio
524 1321 780 1369 intelligendus
805 1332 849 1358 ex
875 1319 1084 1361 luculenta,

52 1386 93 1414 ut
113 1378 203 1415 mihi
225 1377 374 1425 quidem
407 1376 575 1419 videtur,
606 1372 740 1420 Angeli
760 1371 931 1408 Politiani
955 1382 1084 1406 emen-

49 1427 206 1469 datione
227 1430 264 1465 in
296 1427 562 1469 Miscellaneis‚
591 1435 668 1471 cap.
695 1433 755 1470 75.
780 1433 891 1471 quam
915 1421 1083 1458 adversus

51 1478 223 1526 Baptissas
237 1482 327 1516 duos
340 1507 350 1522 ‚
379 1479 482 1516 Pium
497 1486 632 1522 nempe
646 1472 919 1511 Bononiensem
932 1499 941 1514 ,
958 1474 995 1508 ὃς
1010 1472 1082 1519 Eg-

51 1530 193 1567 natium
221 1530 409 1566 Venetum
436 1557 446 1572 ,
469 1527 671 1565 defendunt
695 1524 821 1561 Paulus
868 1524 1084 1570 Leopardus

50 1579 365 1618 Emendationum
393 1579 451 1617 lib.
481 1590 536 1625 19.
580 1588 656 1623 cap.
674 1587 704 1613 1.
734 1576 772 1612 δε
793 1574 948 1619 Jacobus
967 1575 1082 1610 Nico-

45 1629 122 1669 laus
154 1630 307 1678 Loenfis
335 1624 985 1674 Miscellaneorumi-Epiphyllidum,
1022 1624 1085 1664 lib.

49 1691 121 1725 vn.
149 1693 224 1730 cap.
244 1694 275 1729 ς.
302 1693 385 1718 narn
408 1693 493 1719 cum
516 1678 560 1717 ad
582 1688 721 1727 equum
743 1676 844 1714 illurn
867 1675 1081 1724 Trojanuin

47 1732 203 1770 trabibus
223 1740 442 1770 contextum
464 1730 732 1780 gravidumque
753 1725 926 1765 militibus
947 1725 1082 1774 impul-

43 1781 86 1819 su
113 1784 275 1820 numinis
308 1783 450 1820 accessit
471 1782 627 1830 gHelena
649 1808 659 1823 ,
699 1788 811 1816 voces
832 1778 966 1814 imitari
985 1788 1080 1814 uxo-

46 1843 128 1869 rum
154 1835 328 1882 cujusque
357 1834 532 1881 occoepit
555 1860 565 1875 ,
603 1839 642 1868 ut
664 1829 753 1867 inibi
786 1827 1077 1866 delitescentium

47 1882 218 1921 defideria
237 1893 426 1927 evocaret,
458 1881 671 1930 &responsa
692 1879 864 1922 eliceret,
892 1878 962 1916 Sed
977 1879 1076 1916 enirn

47 1934 196 1981 reliquis
224 1936 436 1980 patientiam
460 1962 470 1978 ‚
508 1933 769 1977 silentiumque
794 1929 1073 1976 praestantibus,

50 1994 134 2020 cum
158 1984 250 2021 solus
278 1986 440 2021 Anticliis
461 1986 498 2020 in
519 1981 762 2030 respondendi
784 1980 924 2017 lubrico
943 1981 1076 2017 arricu-

45 2033 84 2070 lo
135 2036 229 2071 foret
251 2062 261 2076 ,
300 2034 415 2070 statim
445 2034 494 2070 est
530 2033 573 2069 ab
603 2028 732 2080 Ulyffe
762 2038 1004 2077 praeventus,
1037 2032 1075 2067 δί

46 2086 214 2121 manibus
236 2083 637 2132 impressisi'uffocatus‚
667 2091 706 2117 ut
727 2081 776 2118 est
806 2080 901 2128 apud
931 2082 1075 2117 Home-

45 2145 125 2171 rum
155 2135 212 2171 lib.
234 2147 287 2171 tv.
317 2133 445 2181 Odyfl'.
467 2136 504 2170 &
525 2134 628 2170 latius
647 2131 743 2178 apud
765 2130 1075 2178 Tryphiodoi’um

47 2184 225 2222 poemate
238 2186 283 2221 de
299 2184 365 2220 llio
377 2192 478 2231 capta
493 2210 503 2225 ‚
537 2184 650 2230 qui&
674 2181 865 2217 Anticlum
884 2182 983 2218 hunc
1003 2182 1076 2219 Or-

45 2237 208 2283 tygidem
238 2244 366 2278 vocar,
394 2244 626 2281 uxoremque
649 2232 725 2280 ejus
748 2231 993 2267 Laodamiam
1006 2244 1076 2269 no-

30 2288 172 2323 'min-at.
226 2286 423 2323 SALVAGN.

101 2349 180 2383 571·
212 2343 249 2373 In
268 2350 350 2384 equo
374 2336 415 2381 est
434 2334 533 2381 elisus
551 2342 676 2382 guttur
702 2329 863 2379 acerno.]
904 2331 1073 2370 Habebat

47 2388 179 2429 opinor
211 2388 260 2425 ob
290 2387 419 2425 oculos
446 2386 544 2424 hunc
575 2383 721 2432 Virgilii
749 2384 875 2421 locum
914 2382 1007 2420 libro
1028 2396 1072 2421 11.

51 2436 196 2477 AEncid.

95 2506 272 2554 Praecipue
299 2518 380 2543 cum
401 2505 481 2555 jam
508 2503 562 2542 hic
589 2501 746 2549 trabibus
779 2510 958 2539 contextus
977 2513 1070 2539 acer-

201 2571 255 2594 ms

92 2611 207 2644 Staret
223 2620 343 2658 equus.

38 2675 132 2714 ‘Non
151 2677 253 2725 quod
283 2687 398 2727 equus
428 2675 487 2714 ille
515 2675 699 2712 Durateus
727 2684 773 2711 ex
792 2682 896 2711 acere
921 2668 999 2709 solo
1020 2669 1072 2725 ξε-

42 2725 195 2764 bricatus
207 2726 315 2772 effet3
342 2727 512 2775 Virgilius
529 2727 628 2763 enim
649 2736 748 2762 nunc
767 2723 949 2772 abiegnum
962 2723 1070 2763 facit,

39 2784 80 2813 ut
98 2778 134 2814 ὃ(
161 2777 364 2824 Propertius
393 2778 495 2826 Eleg.
518 2789 546 2815 1.
572 2777 633 2814 lib.
653 2789 716 2814 ω.
742 2776 779 2813 &
814 2776 916 2821 Eieg.
944 2786 973 2810 i.
1001 2770 1063 2808 lib.

37 2837 92 2864 1v.
121 2827 234 2864 rnodo
253 2827 416 2875 pineum,
441 2828 625 2866 interdum
641 2840 685 2864 ex
698 2826 810 2862 robore
821 2833 1062 2867 contextum,

37 2886 78 2915 ut
99 2879 135 2915 ὃ(
159 2879 373 2919 Petronius;
403 2880 481 2915 imo
505 2879 691 2916 Pausanias
712 2879 747 2915 in
777 2876 971 2914 Laconicis
992 2887 1061 2910 cor-

39 2940 122 2965 num
139 2930 176 2966 in
197 2929 275 2976 ejus
295 2927 425 2965 fabrica
446 2928 643 2966 adhibitam
665 2927 847 2975 prodidit,
877 2927 973 2964 unde
996 2936 1061 2962 no-

39 2988 124 3016 men
155 2978 320 3027 Apollini
349 2978 509 3015 Carneo.
569 2980 766 3017 Sumen.
810 2985 921 3028 thue
935 2978 1066 3025 loquax

37 3029 143 3066 medio
172 3035 214 3074 est
236 3030 397 3077 Regius,
424 3038 548 3076 guttur
578 3034 714 3076 Agenor
734 3030 873 3067 Sarrav.
901 3030 938 3065 &
961 3026 1067 3064 inulti

39 3078 96 3116 alii
126 3091 212 3118 cum
253 3080 472 3128 quibusdam
518 3077 749 3116 editionibus.
811 3084 944 3127 Egenor
973 3088 1067 3115 unus

40 3128 161 3168 Heins.
184 3141 308 3180 guttur
328 3129 487 3167 acerbum
508 3128 667 3166 Gallicus
688 3129 803 3166 acerbo
824 3129 981 3167 Heinfii.

88 3191 169 3229 573.
195 3188 272 3219 Aut
292 3192 332 3218 ut
365 3177 647 3228 Anaxarchus]
686 3179 923 3216 Anaxarchus
947 3179 1067 3217 Athe-

40 3229 167 3269 niensis
187 3232 279 3276 fuir‚
306 3233 369 3281 qui
397 3232 479 3270 suos
514 3231 672 3268 colonos
700 3229 796 3266 male
826 3230 1017 3268 tractabat.
1045 3230 1066 3267 a

35 3279 162 3331 quibus
193 3282 332 3322 occisus
360 3283 434 3329 est,
462 3282 614 3332 ejusque
648 3278 723 3319 offa
755 3280 794 3318 in
817 3280 890 3329 pila
922 3281 1067 3318 occlusa

2095 624 2181 692 Iti-4

1141 804 1210 842 pro
1231 791 1392 840 frugibus
1409 792 1544 840 jaer-ata
1564 791 1655 830 sunt.
1709 792 1955 831 immons.
1992 793 2105 833 Hanc
2120 795 2179 835 hi-'

1142 845 1291 881 storiam
1328 844 1496 880 Laertius
1515 844 1622 881 tradit
1643 871 1654 886 ,
1692 846 1756 892 qui
1778 845 2040 883 Anaxarchum
2078 847 2180 886 hunc

1143 895 1363 932 Abderitain
1391 894 1516 938 tuille,
1544 896 1580 930 &
1605 894 1854 933 Alexandrum
1869 895 2030 934 secutum
2044 896 2177 937 scribit„

1140 944 1452 983 Habuiffeautern
1481 946 1675 983 inimicum
1694 947 1987 984 Nicocreontem
2016 948 2179 996 Cyprio-

1142 1008 1220 1034 rum
1243 1006 1457 1045 tyrannum.
1509 996 1669 1033 Proinde
1689 1007 1774 1034 cum
1804 996 2002 1044 aliquando
2026 1002 2180 1046 cumA?

1140 1047 1319 1084 lexandro
1353 1054 1527 1084 coenaret
1553 1075 1562 1090 ‚
1598 1049 1700 1094 isque
1728 1047 1773 1083 de
1803 1049 1968 1085 convivii
2001 1058 2176 1097 apparatu

1143 1099 1403 1136 Anaxarchum
1442 1099 1681 1144 interrogaret
1701 1124 1714 1141 .
1757 1097 1977 1146 respondiffe
1998 1127 2008 1143 ‚
2046 1102 2178 1140 omnia

1139 1148 1238 1186 laute
1269 1159 1378 1197 atque
1405 1148 1541 1185 atilium
1572 1156 1739 1196 apparata
1770 1149 1840 1186 elle
1863 1176 1874 1193 ,
1913 1159 2173 1199 praeterquam

1141 1201 1242 1248 quod
1259 1209 1365 1248 caput
1379 1204 1533 1248 iatrapae
1548 1199 1868 1246 (Nicocreontem
1890 1201 2067 1247 innuens)
2094 1214 2176 1242 non

1143 1251 1279 1288 codem
1303 1251 1449 1288 allatum
1476 1250 1573 1287 tilet.
1626 1250 1734 1287 Hanc
1754 1262 1888 1286 vocem
1914 1252 2037 1298 postea
2056 1252 2176 1291 Nico÷

1144 1311 1335 1339 creontem
1358 1329 1367 1345 ,
1406 1311 1558 1338 mortuo
1589 1299 1801 1337 Alexandro
1824 1328 1833 1344 ‚
1872 1301 1988 1338 ultum
2013 1330 2023 1344 ‚
2062 1311 2174 1352 atque

1141 1352 1402 1389 Anaxarchum
1417 1352 1631 1400 tempestate
1651 1351 1810 1400 quadarn
1832 1351 1961 1400 Cypro
1982 1354 2172 1400 appulsum

1140 1402 1485 1452 comprehendisse,
1523 1404 1776 1450 mortarioque
1806 1401 1879 1439 ssve
1910 1402 1978 1450 pila
2015 1407 2078 1451 (ut
2101 1405 2167 1444 hic

1138 1454 1296 1499 dicitur)
1326 1454 1540 1502 impositum
1569 1453 1700 1500 pistillis
1740 1454 1864 1490 ferreis
1890 1454 2067 1492 contundi
2096 1456 2174 1503 jus·

1142 1504 1238 1542 fiffe:
1269 1506 1412 1542 ex‘eeta
1424 1506 1534 1542 etiarn
1560 1506 1708 1551 lingua,
1742 1515 1789 1540 ne
1810 1507 2010 1549 conviciis,
2039 1507 2172 1554 quibus

1141 1558 1250 1593 etiam
1274 1559 1367 1594 inter
1388 1555 1765 1604 suppliciatyrannum
1789 1552 2005 1599 incessebat,
2033 1558 2170 1596 diutius

1140 1609 1313 1645 molestus
1334 1605 1433 1645 effer.
1488 1608 1658 1642 ixlicrii„
1688 1605 1926 1643 Anaxarchus
1948 1606 2170 1654 Abderites,

1138 1658 1322 1695 infensum
1346 1658 1481 1694 habens
1504 1657 1773 1693 Niocreontern
1790 1657 1904 1705 Cypri
1918 1657 2141 1705 Tyrannum
2156 1685 2171 1705 ,

1138 1708 1182 1745 ab
1199 1721 1245 1746 eo
1268 1708 1552 1756 comprehensus
1576 1734 1586 1751 ‚
1622 1708 1658 1743 ὃ(
1682 1706 1717 1743 in
1741 1707 1852 1755 pilam
1880 1708 2068 1757 conjectus
2094 1709 2169 1755 est,

1138 1759 1264 1809 ibique
1288 1761 1411 1797 ferreis
1433 1759 1562 1807 pistillis
1574 1757 1745 1794 contusus
1757 1757 1850 1795 adeo
1862 1760 2041 1806 patienter
2052 1758 2172 1807 asperq

1137 1811 1251 1848 rimos
1272 1811 1352 1848 illos
1373 1812 1549 1851 cruciatus
1569 1809 1715 1856 pertulit
1730 1837 1739 1852 ,
1767 1817 1806 1846 ut
1828 1808 1967 1846 dictum
1989 1810 2077 1848 iilud
2089 1822 2169 1849 me-

1134 1861 1312 1898 morabile
1364 1862 1606 1909 ingeminaret
1644 1876 1655 1897 .·
1700 1860 1841 1903 lande,
1897 1861 2007 1896 tunde
2043 1888 2053 1904 ‚
2107 1865 2167 1898 A-

1134 1912 1308 1948 naxarchi
1333 1913 1454 1959 follem
1473 1940 1483 1955 ,
1525 1909 1787 1947 Anaxarchum
1816 1924 1883 1948 non
1913 1912 2043 1948 tundis?
2101 1911 2164 1952 Ad

1131 1963 1303 1999 ultimum
1325 1964 1618 2010 amputationem
1642 1961 1788 2008 linguae
1809 1961 2002 1998 minitante
2017 1964 2167 2010 ‘Pyran-‚-

1131 2023 1183 2049 no
1216 2014 1381 2061 protinus
1411 2012 1595 2049 abscillam
1626 2011 1792 2048 dentibus
1814 2013 1849 2048 ὅ(
1873 2013 2166 2052 commanduca-

1131 2066 1259 2101 tamin
1281 2075 1321 2101 os
1341 2064 1417 2111 ejus
1437 2063 1632 2110 impatiens
1645 2062 1780 2110 expuit.
1809 2074 1853 2098 cx
1866 2062 2036 2110 Diogene
2052 2064 2165 2102 Laer-

1132 2114 1186 2151 tio
1206 2114 1239 2151 in
1259 2115 1467 2150 Anaxarchi
1495 2116 1581 2150 vita.
1631 2113 1825 2149 Plutarho
1842 2112 1885 2149 de
1912 2113 2059 2151 Virtute
2080 2115 2165 2152 rno-¹

1133 2164 1205 2201 rali.
1261 2165 1456 2201 Clemente
1491 2163 1741 2199 Alexandrino
1775 2163 2001 2200 stromatum
2030 2165 2090 2203 lib.
2110 2178 2165 2207 xv.

1133 2215 1239 2251 Celso
1261 2215 1356 2262 apud
1388 2215 1591 2262 Origenem
1620 2213 1681 2249 lib.
1701 2224 1792 2250 viii.
1823 2216 1974 2251 Pnilone
1992 2215 2162 2263 Judaeo,

1130 2264 1315 2313 Gregorio
1347 2265 1585 2302 Nazianzeno
1613 2263 1723 2312 Epist.
1747 2264 1803 2312 58.
1833 2266 1888 2301 Ex
1910 2268 2065 2311 Latinis,
2089 2269 2165 2307 Va-

1127 2315 1220 2353 lerio
1240 2316 1410 2352 Maximo
1437 2315 1496 2353 lib.
1519 2328 1581 2352 xii.
1609 2325 1684 2363 cap.
1711 2323 1743 2361 3.
1771 2315 1889 2352 Plinio
1915 2317 1977 2354 lib,
2000 2330 2164 2368 vii.cap.

1129 2377 1188 2414 23.
1227 2367 1461 2403 Tertulliano
1489 2367 1524 2402 in
1566 2366 1831 2412 Apologetico.
1892 2368 2008 2414 Quod
2048 2372 2162 2409 etiam

1129 2416 1276 2454 Tullius
1303 2417 1422 2454 obiter
1452 2418 1567 2465 tangit
1594 2416 1654 2453 lib.
1676 2428 1740 2453 111.
1768 2416 1813 2454 de
1827 2418 1962 2455 Natura
1974 2418 2163 2461 Deorum.

1127 2467 1222 2505 Item
1253 2467 1354 2505 libai
1395 2467 1593 2505 Tusculan.
1609 2467 1743 2515 quaest.
1798 2467 2160 2511 Observavitautem

1125 2519 1254 2556 Paulus
1282 2518 1496 2568 Leopardus
1520 2518 1833 2556 Emeiidationurn
1852 2519 1913 2559 lib.
1940 2532 2053 2559 xvin.
2081 2535 2162 2572 cap.

1126 2580 1160 2615 7.
1188 2571 1366 2607 hocloco
1392 2570 1514 2619 solidts
1536 2569 1735 2617 legendum
1753 2597 1762 2613 ‚
1787 2580 1853 2617 pro
1868 2570 2003 2620 fiditis,
2033 2582 2073 2611 ut
2096 2585 2161 2621 per

1124 2620 1254 2658 solidas
1285 2621 1404 2671 fruges
1434 2619 1684 2668 intelligantur
1709 2618 1925 2667 ἀτεράμονες
1946 2625 1984 2659 ὅ(
2009 2623 2161 2661 ἀντία-υ-

1125 2684 1208 2717 ποι,
1238 2670 1274 2709 id
1296 2673 1343 2708 est
1367 2698 1377 2716 ,
1417 2671 1579 2708 immites
1608 2681 1650 2708 ac
1672 2670 1796 2708 durae.
1849 2672 2044 2711 SALVAGN.
2074 2675 2162 2714 Me-

1126 2724 1267 2760 moriae
1290 2722 1381 2759 vitio
1396 2722 1467 2758 hoc
1478 2722 1523 2759 de
1535 2722 1691 2759 Zenone
1703 2730 1822 2759 narrat
1836 2725 2023 2761 Ammian.
2038 2726 2161 2766 Marc.

1125 2785 1206 2811 xiv.
1227 2783 1266 2821 9.
1291 2785 1324 2808 v.
1338 2772 1458 2810 Vales.
1474 2773 1512 2810 &
1526 2773 1674 2821 Menag.
1688 2773 1731 2809 ad
1747 2774 1869 2810 Laert.
1890 2786 1941 2810 ix.
1961 2787 2018 2822 59.
2036 2778 2161 2816 Solidis

1117 2834 1209 2862 vero
1221 2835 1297 2861 non
1310 2824 1528 2861 mutandum
1541 2824 1700 2861 vidimus
1713 2822 1757 2860 ad
1772 2835 1800 2860 t.
1814 2824 1894 2862 Art.
1906 2835 1964 2873 94.
1977 2838 2052 2864 non
2070 2839 2161 2866 vero

1120 2876 1288 2913 nonduin
1305 2875 1488 2917 immites,
1500 2875 1558 2911 led
1571 2875 1728 2922 integras
1746 2875 1910 2924 intelligo
1922 2904 1931 2920 ,
1945 2878 2161 2918 imminutas

1123 2929 1158 2964 ἃ
1174 2930 1349 2963 εοηωίῑιε,
1363 2928 1398 2963 &
1410 2926 1458 2963 ita
1471 2927 1545 2963 fere
1557 2925 1814 2973 sempersolrda
1825 2926 1993 2964 dicuntur
2006 2930 2162 2978 integra,

1123 2986 1164 3014 ut
1184 2977 1388 3022 solidnsdees
1403 2978 1534 3014 Horat.
1549 2976 1668 3015 1.Od.
1692 2976 1988 3015 1.Stari01ib.1v.
2022 2980 2161 3019 Sil.111.

1126 3029 1186 3077 36.
1198 3030 1235 3066 &
1248 3028 1439 3065 Censorin.
1453 3038 1532 3075 cap.
1543 3040 1596 3065 xi.
1607 3028 1720 3076 imago
1746 3033 1866 3064 Lunae
1877 3029 2162 3070 Nosteriib.v11.

1126 3080 1223 3117 Met.
1243 3078 1323 3116 181.
1348 3078 1461 3122 solida
1474 3078 1562 3115 fides
1579 3090 1628 3115 11.
1644 3079 1730 3121 640,
1756 3080 2077 3126 rotomo-'solidam
2089 3081 2160 3118 vir-

1123 3129 1314 3178 ginitatem
1332 3130 1419 3166 dicit
1431 3128 1637 3166 Tertul.de
1658 3130 1866 3178 Monogam
1883 3142 2002 3179 cap.3.
2032 3131 2163 3170 Burin.

1175 3192 1261 3229 573.
1290 3180 1369 3216 Pila
1392 3178 1568 3216 minuaris
1586 3180 1625 3216 in
1646 3178 1763 3227 alta.]
1792 3182 1891 3228 Quia
1924 3181 2018 3228 apud
2039 3182 2162 3230 majo·

1121 3243 1179 3269 res
1210 3231 1352 3268 nostros
1408 3229 1595 3267 molarum
1625 3240 1705 3266 non
1732 3239 1807 3268 erat
1828 3229 1926 3272 usus,
1956 3238 1995 3267 ut
2013 3231 2062 3268 ait
2082 3232 2165 3270 Ser-

1123 3282 1204 3320 vius
1221 3283 1259 3320 in
1281 3281 1380 3320 liba.
1416 3279 1568 3320 AEneid.
1604 3281 1793 3369 {tumenta
1824 3281 2039 3328 torrebant,
2069 3281 2163 3321 &in

1597 3331 1610 3341 '
2077 3334 2168 3383 pilas
