2547 3708
737 139 1460 203 PERJ.MASSON.
2103 176 2170 225 79

180 242 288 298 ,Sex
310 255 377 304 ego
397 234 638 287 Fastorum
647 233 794 298 stripfi
805 268 821 295 ‚
854 237 1099 300 totidemque
1119 238 1328 288 Libellos
1342 275 1360 301 ‚

255 310 435 366 Cumque
447 301 663 367 ficofinem
684 301 812 363 mense
831 304 1021 349 volumen
1045 304 1184 350 habet.

194 373 322 432 quue
342 383 425 416 tuo
448 381 573 428 nuper
596 365 816 430 scriptum
831 366 914 428 sub
938 369 1156 428 nomine,
1189 367 1381 430 Caesar,

253 438 317 482 Et
340 434 425 480 t1bi
449 431 668 479 sacratum
681 432 779 494 stirs
798 447 889 479 mea
912 434 1041 496 rupit
1062 448 1170 494 opus.

130 503 193 550 ΙΙ.
229 500 475 546 Caeterum
504 508 558 542 ut
583 497 709 559 prior
730 497 861 543 locus
880 496 1165 557 elucidetur,
1200 515 1295 545 non
1314 499 1400 545 erit
1424 498 1501 546 abs
1524 501 1833 558 re,nonnulla
1854 501 1934 549 hic
1955 500 2011 548 de
2035 519 2163 566 prae-

61 566 183 614 diere
210 564 391 625 Castoris
411 564 440 593 ὴὲ
462 561 670 624 Templo
705 560 993 624 subjungere.
1061 563 1126 609 Et
1149 566 1352 626 primum
1378 564 1564 628 quidem
1591 565 1720 612 Naso
1746 566 2004 630 fignificat,
2041 566 2162 614 Tibe-

0 650 3 691 ζ
60 635 168 679 rium
191 629 239 675 &
263 627 633 690 Drusum‚-quos
648 624 814 686 fratres
836 627 885 671 de
905 626 1033 672 Gente
1056 628 1247 674 Deorum
1269 642 1432 686 vocat,
1470 629 1600 676 fimul
1634 630 1680 676 id
1706 631 1963 695 Templum
1986 631 2066 679 fibi
2090 649 2162 679 re-

0 713 2 729 τ
60 694 339 742 stituendum
371 690 618 754 suscepiffe.
685 689 814 735 Idem
851 688 1012 736 diserte
1045 694 1169 739 canit
1203 693 1523 743 Albinovanus
1556 694 1745 742 Consol.
1791 695 1844 743 ad
1882 697 2066 745 Liviam
2103 697 2160 743 de

0 802 2 804 ,
59 761 225 806 Morte
249 756 422 816 Drusi,
456 758 483 801 a
503 770 616 803 vers.
639 751 748 815 283.

182 823 331 884 Adjice
354 821 588 877 Ledaeos,
623 818 832 864 concordia
846 818 1017 879 stalera,
1051 819 1211 868 fratres
1227 855 1243 881 ,

248 886 524 950 Templaque
543 884 763 929 Romano
784 884 1058 945 conspicienda
1083 885 1209 932 Foro
1224 920 1241 945 ,
1277 886 1369 933 &c.

183 954 279 1000 Nec
287 951 372 1015 fica
392 949 598 1012 conspiciet
631 946 841 1010 (mifi’rum
863 963 925 993 me
941 947 973 1003 l)
1006 964 1178 995 munera
1202 949 1380 997 Drusus
1396 984 1412 1010 ,

246 1018 342 1062 Nec
347 1015 432 1078 fica
448 1027 552 1074 prae
575 1009 731 1072 Templi
748 1014 912 1060 nomina
925 1011 1069 1073 fronte
1089 1016 1206 1076 leget.

176 1081 305 1141 Saepe
329 1080 490 1128 NERO
519 1073 558 1134 †
580 1079 625 1123 in
646 1079 849 1135 lacrymas
858 1076 1081 1138 summiſja
1103 1095 1199 1124 voce
1219 1081 1429 1141 loquetur:

245 1146 335 1191 Cur
355 1145 452 1190 adeo
477 1141 664 1199 fratreS‚
698 1142 777 1188 heu
796 1145 880 1198 line
891 1141 1069 1203 fratre,
1104 1144 1262 1190 Deos!

50 1209 148 1256 Dio
172 1209 232 1272 (a)
255 1209 424 1273 pariter
460 1206 679 1264 testatur,
713 1205 759 1251 id
782 1204 1041 1269 Templum
1076 1208 1313 1270 utriusque
1347 1207 1524 1267 fratris,
1557 1206 1740 1255 Tiberii
1764 1208 2028 1275 Drufique,
2063 1229 2150 1259 no-

47 1275 171 1320 mine
203 1273 461 1320 dedicatum
494 1270 655 1328 fuisse,
689 1285 897 1330 narrans,
930 1270 1045 1318 illud
1081 1272 1219 1319 etiam
1252 1272 1434 1335 plebem
1471 1275 1732 1320 Romanam
1767 1277 1987 1322 memoria
2009 1276 2151 1324 Drusi

47 1336 308 1396 recreaviffe
321 1369 336 1395 ,
371 1338 479 1398 quod
499 1331 688 1381 ‘liberius
718 1337 764 1381 in
786 1336 1037 1383 dedicatione
1063 1339 1196 1385 Aedis
1220 1337 1400 1400 Castoris
1436 1339 1489 1391 δᾶ
1513 1337 1696 1385 Pollucis
1719 1354 1797 1385 non
1820 1341 2046 1386 Claudiani
2068 1357 2153 1386 mo-

44 1403 120 1461 do,
155 1404 402 1463 (adoptatus
431 1404 538 1447 enim
570 1402 614 1446 in
634 1398 856 1460 familiam
882 1401 1060 1464 Augusti
1081 1403 1361 1450 Claudianum
1370 1403 1419 1465 fi
1433 1417 1510 1464 pro
1535 1403 1709 1450 Claudio
1731 1405 2051 1464 nuncupabat‚)
2074 1406 2157 1467 st’d

44 1469 153 1514 illius
190 1464 383 1528 [Drufi]
423 1481 574 1528 quoque
594 1480 737 1510 nomen
757 1467 795 1510 ei
815 1464 1029 1527 infhrzpfit2
1267 1509 1270 1510 ⁷

107 1530 290 1595 Deinde
312 1529 441 1576 Naso
465 1529 630 1576 eodem
651 1530 805 1593 priore
825 1530 934 1577 loco
960 1531 1162 1591 indicat,
1195 1531 1454 1596 Templum
1482 1530 1595 1578 illud
1615 1532 1674 1578 ad
1695 1534 1857 1579 Lacum
1879 1533 2146 1593 Juturnum,

43 1607 96 1643 ut
126 1595 266 1642 habet
295 1596 434 1642 etiam
459 1592 657 1652 meror,
691 1593 850 1654 fuifl'e,
883 1597 931 1642 in
962 1594 1060 1659 ipso
1087 1598 1306 1643 nimirum
1327 1600 1432 1644 Foro
1454 1599 1672 1656 Romam,
1707 1599 1775 1643 uti
1799 1598 1900 1643 loca
1927 1597 2068 1644 modo
2089 1613 2147 1644 ex

42 1659 338 1707 Albinovano
361 1676 414 1707 ac
438 1659 661 1707 Suetonio
684 1658 866 1706 laudata
886 1660 1109 1708 evincunt
1123 1677 1266 1724 ‚quae
1288 1660 1533 1709 doffiffimi
1556 1662 1643 1707 viri
1658 1663 1854 1709 Donatus
1867 1662 1932 1720 (b)
1949 1678 2001 1708 ac
2017 1664 2067 1709 N
2073 1678 2145 1708 ar-

40 1722 132 1771 dini
156 1724 220 1786 (c)
243 1724 299 1771 de
328 1726 489 1773 Roma
521 1724 730 1787 Antiqua
761 1722 1008 1773 scribentes
1045 1725 1326 1785 omiserunt,
1359 1727 1442 1773 alia
1475 1725 1787 1789 proferentes,
1822 1741 1935 1790 quae
1971 1726 2149 1774 Lestor

39 1788 256 1837 consulat.
323 1790 518 1838 Addere‘
538 1803 693 1837 tamen
722 1788 852 1836 lubet
889 1790 1009 1838 aliud
1032 1791 1185 1838 adhuc
1206 1806 1263 1838 ex
1285 1790 1468 1838 Nostro
1491 1790 1834 1849 testimonium,
1868 1807 1961 1853 quo
1985 1804 2146 1853 patet,

35 1852 233 1902 Castoris
255 1855 429 1903 Aedem
464 1853 593 1901 fuiffe
624 1854 888 1918 proximam
913 1856 1029 1916 Julii
1051 1855 1245 1920 Caesaris
1263 1856 1499 1918 Templo,
1532 1855 1658 1918 quod
1685 1855 1733 1901 &
1758 1857 1802 1901 in
1823 1855 1985 1901 eodem
2009 1856 2139 1902 Foro

36 1919 543 1966 constitutumconstat
563 1920 615 1977 ss,
645 1918 738 1966 scil.
775 1918 923 1982 Epist.
950 1935 992 1966 2.
1014 1920 1123 1967 Lib.
1149 1921 1214 1967 ΙΙ.
1236 1936 1293 1966 ex
1317 1922 1502 1978 Ponto,
1537 1936 1652 1966 vers.
1679 1918 1757 1981 85.
1782 1919 1860 1967 86.

164 1985 388 2028 Fratribus
409 1985 614 2043 afflmzleis
627 2017 641 2041 ,
674 1999 770 2044 quos
780 1987 979 2043 proxima
1000 1982 1166 2045 Templa
1187 1994 1365 2031 tenentes

227 2047 378 2093 Divus
398 2050 453 2093 ab
477 2046 629 2108 excelsa
650 2048 797 2105 Julius
818 2049 933 2094 Aede
952 2049 1082 2094 videt.

35 2109 174 2159 Nulli
209 2125 377 2174 nempe
405 2112 489 2158 Dii
523 2113 695 2157 Fratres
718 2111 922 2174 Templa
955 2111 1172 2158 tenebant
1202 2113 1416 2175 proxima
1439 2111 1696 2171 DiviJulii
1717 2108 1924 2171 Templo
1951 2142 1966 2167 ‚
2010 2125 2137 2172 prae-

34 2188 238 2238 terquam
263 2175 430 2222 Castor
452 2175 500 2220 δε
523 2175 719 2233 Pollux,
733 2191 847 2238 quos
869 2174 996 2239 supra
1013 2176 1209 2224 vidimus
1231 2176 1379 2223 ἀίἃοε
1404 2175 1582 2224 Ovidio
1604 2176 1785 2220 Ledaeos
1798 2176 1940 2230 Deos,
1964 2189 2016 2218 ac
2029 2176 2138 2219 Fru-

34 2251 113 2287 tres
131 2242 272 2299 Deos,
307 2239 763 2304 atque-Albinovano
785 2241 968 2286 Ledaeos
991 2242 1190 2300 Fratres,
1225 2241 1294 2286 uti
1325 2240 1376 2287 &
1406 2240 1614 2287 concordia
1634 2240 1791 2299 fidera.
1858 2238 1949 2284 His
1983 2250 2135 2348 auItTem

2064 2318 2136 2348 ra-

81 2384 102 2407 *
125 2382 192 2425 Sic
220 2382 330 2423 enim
363 2383 489 2436 vulgo
517 2380 760 2432 vocabatur,
797 2393 1030 2433 quanquam
1060 2381 1099 2422 &
1120 2380 1273 2421 Polluci
1289 2379 1491 2431 dicatum,
1520 2388 1564 2419 ut
1587 2378 1721 2431 prodit
1742 2376 1960 2419 Suetonius
1986 2377 2025 2417 in
2047 2377 2131 2427 Jul.

25 2435 144 2479 Caes.
166 2449 201 2476 c.
229 2448 287 2478 10.
305 2435 356 2476 de
375 2435 439 2477 M.
465 2435 610 2476 Bibulo
635 2433 731 2483 Julii
758 2432 938 2476 Caesaris
959 2435 999 2475 in
1023 2434 1239 2475 Aedilitate
1259 2433 1436 2487 Collega
1456 2433 1630 2473 scribens
1645 2462 1656 2482 ,
1684 2431 1796 2484 quod
1814 2442 1899 2471 non
1923 2429 2128 2482 diffimula-

30 2500 109 2539 ret,
139 2487 296 2542 eveniffe
311 2486 386 2538 fibi
413 2488 512 2541 quod
534 2487 699 2528 Polluci.
755 2484 814 2528 Ut
845 2487 945 2527 enim
977 2486 1151 2527 Geminis
1165 2487 1360 2538 fratribus
1380 2487 1502 2526 Aedes
1529 2485 1570 2524 in
1597 2484 1687 2526 Foro
1719 2485 1939 2538 constituta,
1978 2493 2133 2523 tantum

28 2541 193 2639 fassloris
213 2552 432 2584 vocaretur:
460 2543 518 2582 ita
523 2542 639 2594 suam
657 2539 902 2596 Caesarisque
919 2541 1246 2594 munificentiam,
1274 2540 1389 2582 unius
1406 2539 1581 2590 Caesaris
1598 2540 1687 2580 dici.
1744 2537 1842 2578 Inde
1865 2535 2010 2578 Statius
2034 2534 2126 2576 Lib.

51 2625 59 2635 .
135 2598 188 2637 lv.
212 2609 245 2636 1.
266 2608 365 2637 vers.
442 2602 472 2637 ,3
1159 2611 1165 2616 ·
1403 2603 1406 2606 ·

109 2609 129 2650 y
198 2609 579 2745 gthavetsas-gpgciens
596 2648 772 2690 Ledaeus
789 2647 836 2688 ab
854 2646 960 2689 Aede
971 2647 1183 2702 propinqua

286 2717 375 2742 arus
490 2734 501 2745 .

28 2753 67 2795 δι
88 2716 268 2795 Mattiajl.
290 2732 435 2799 Lib.’1.
469 2755 605 2810 Epigr.
631 2766 699 2807 71.

325 2831 419 2840 ——-
442 2808 623 2850 Vicinum
646 2809 804 2862 Castora
825 2821 940 2849 canae

252 2853 446 2899 Transibis
464 2861 608 2912 Vestae.

29 2967 32 2971 Ι
80 2915 101 3014 ἕ
122 2911 484 3016 {Ilbebriiijxiyiempe
499 2912 620 3008 Igero
639 2915 758 2958 Drufi
781 2915 902 2958 frater
926 2922 1022 2956 natu
1039 2913 1201 2967 major,
1229 2913 1298 2966 qui
1316 2913 1402 2968 post
1424 2912 1653 2969 Augustum
1675 2908 1901 2962 imperavit.

98 2978 120 3005 a
206 2979 215 3005 1
248 2996 255 3004 .
360 2997 368 3005 .
390 2977 475 3019 pag.
497 2977 520 3017 5
578 2997 586 3006 .

81 3018 143 3070 (b)
166 3017 259 3063 Lib.
280 3018 329 3058 11.
351 3032 437 3072 cap.
462 3030 521 3070 17.
551 2978 573 3020 7

82 3071 144 3122 (c)
170 3070 259 3113 Lib.
281 3071 397 3114 VIlI.
422 3085 506 3123 cap.
526 3085 567 3125 4.
839 3104 842 3106 v

89 3124 109 3173 ζ
135 3124 232 3166 Aliis
247 3126 401 3168 omiffis
414 3157 424 3175 ‚
453 3126 511 3168 sat
532 3125 605 3168 erit
624 3124 796 3168 Ovidius
816 3125 922 3174 Fast.
941 3128 1033 3172 Lib.
1054 3128 1129 3175 111.
1145 3139 1246 3172 vers.
1273 3134 1367 3183 702.

216 3178 325 3234 Quae
340 3182 476 3222 cecidit
484 3181 612 3233 ferro,
639 3179 820 3221 Caesaris
836 3183 972 3224 umbra
980 3185 1078 3234 fuit.

166 3228 400 3325 lHeEqus'dem
417 3235 528 3275 Coelo
542 3233 680 3288 pofitus
696 3232 814 3282 Jovir
832 3235 935 3276 atria
942 3237 1100 3287 servan

263 3294 281 3324 t
293 3296 396 3328 tenet
412 3288 452 3329 in
469 3301 602 3343 magno
623 3286 806 3340 Templa
819 3288 946 3330 dicata
966 3288 1002 3329 F
1004 3301 1097 3333 oro-
