2547 3708
930 103 954 157 I
1102 101 1147 158 B

1296 102 1318 155 Ι
1470 100 1521 157 S.
2187 115 2257 167 29

388 206 571 278 thue
598 206 701 261 mei
729 205 903 260 versus
926 204 1251 277 aliquantum
1283 201 1451 256 nostis
1479 201 1780 265 habebunt,

462 280 548 334 Sic
575 280 713 333 vitae
737 279 893 333 series
922 291 1033 330 tota
1058 278 1117 330 sit
1143 290 1252 329 atra
1280 289 1413 328 tuae.

247 352 315 418 65
389 351 547 406 Haec
573 351 667 406 tibi
693 351 847 404 natali
874 349 1034 403 facito
1054 349 1282 419 Janique
1310 344 1559 401 Calendis

459 425 585 478 Non
614 424 905 478 mentituro
931 422 1151 492 quilibet
1180 438 1275 473 ore
1301 420 1456 490 legat.

384 495 460 550 Di
492 497 654 550 Maris
685 496 737 547 &
766 509 962 559 terrae,
1002 493 1200 565 quique
1228 493 1305 546 his
1334 491 1554 545 meliora
1582 491 1773 544 tenetis

461 569 602 624 Inter
624 565 857 622 diversos
883 583 1005 620 cum
1024 565 1161 636 Jove
1187 582 1347 637 regna
1371 565 1540 636 polos

149 769 200 806 Tu
215 769 328 816 statius
347 768 636 817 mufismeliorem
657 767 792 805 imitere
812 766 1015 815 Philetam,

204 824 250 858 Et
270 834 337 858 non
358 820 475 871 inflati
485 820 625 869 somnia
647 819 874 857 Callimachi.

99 899 261 950 Ejusque
293 901 463 938 meminit
491 899 668 938 Martialis
699 899 752 936 his
786 898 943 937 versibus
972 898 1016 936 ad
1044 898 1129 936 Ma-

100 960 256 988 murram
274 979 283 992 ,
311 962 393 989 cum
422 950 545 988 suadet
570 962 646 988 non
671 950 782 986 alium
801 951 931 987 librum
956 960 1131 997 quaerere

97 1011 208 1090 qstuam
231 1001 332 1040 AEtia
355 1001 572 1040 Callimachi
596 1029 608 1047 ,
646 999 826 1049 siquidem
848 999 1006 1038 obscuris
1033 1000 1132 1038 dele-

139 1062 156 1089 a
176 1064 236 1090 ur:

148 1117 212 1154 Sed
229 1131 296 1155 non
317 1119 373 1156 vis
396 1125 585 1158 Mamurra
608 1128 683 1157 tuos
704 1118 885 1168 cognoftere
895 1132 1002 1158 mores
1014 1124 1027 1166 ,'

198 1173 271 1205 Nec
290 1179 322 1206 te
335 1169 422 1218 scire
435 1199 445 1215 ,
473 1171 562 1220 legas
586 1170 688 1207 AEtia
709 1170 946 1213 Callimachi.„

35 1245 38 1247 ’
94 1243 250 1333 {ase-que
290 1244 448 1286 Ovidius
478 1247 523 1286 ad
565 1247 640 1287 hoc
667 1248 815 1287 allufifle
851 1248 1029 1294 videtur,
1070 1248 1133 1289 ubi

146 1361 312 1409 Tempora
335 1371 414 1397 cum
434 1358 539 1409 causis
558 1361 702 1399 Latium
722 1362 846 1411 digesta
869 1371 927 1411 per
945 1368 1107 1412 annum,

202 1412 380 1461 Lapsaque
391 1411 458 1460 sub
479 1422 589 1449 terras
602 1440 613 1458 ,
641 1423 787 1464 ortaque
796 1413 899 1463 figna
921 1427 1060 1455 canam.

100 1475 210 1514 A'lm
229 1477 388 1526 quippe,
416 1477 453 1515 id
477 1479 546 1523 est,
575 1480 716 1528 causae,
745 1480 879 1519 eodem
910 1492 1004 1529 pene
1031 1493 1137 1530 argu-

100 1535 257 1572 mento,
285 1540 361 1576 quo
390 1528 481 1567 Fasti
509 1530 687 1568 Ovidiani
709 1558 718 1574 ‚
747 1531 970 1569 constabant.
1025 1533 1137 1570 Calli-

99 1579 253 1616 machus
281 1587 404 1616 autem
436 1581 473 1616 &
500 1580 615 1628 ipsum
650 1582 812 1620 imitatus
842 1582 1021 1626 Ovidius,
1050 1583 1137 1621 ideo

98 1628 191 1667 mihi
211 1628 380 1666 videntur
399 1629 657 1669 obscuritatem
676 1631 857 1671 affectasse
879 1660 890 1678 ‚
919 1633 1021 1682 quod
1039 1633 1136 1681 ipso-

97 1690 181 1718 rum
199 1687 287 1718 vota
316 1679 659 1728 &imprecationes
688 1684 793 1721 instar
824 1683 937 1722 effent
967 1685 1137 1722 oraculo-

98 1741 206 1774 rum,
234 1742 328 1779 quae
356 1732 600 1780 aenigmatice
632 1732 898 1780 efferebantur,
926 1735 1024 1772 unde
1052 1735 1138 1773 Cle-

101 1791 207 1819 mens
226 1781 495 1820 Alexandrinus
510 1783 603 1823 libro
631 1783 780 1823 laudato
803 1799 812 1823 :
850 1787 892 1822 ’O
909 1785 1042 1833 καθκρῷ
1065 1788 1136 1832 γὰρ

103 1830 254 1877 καθαροῦ
281 1834 503 1878 ςράπτεσθσιι
534 1833 571 1870 οὐ
603 1835 741 1880 θεμιτὸν
762 1833 849 1873 εἶναι
868 1837 1042 1874 συνεὲόκοι
1073 1839 1138 1874 καὶ

103 1884 303 1920 nmio-ova:
341 1883 497 1921 ἐντεῦθεν
527 1885 569 1922 αἱ
587 1887 804 1933 προφητεῖαι
828 1917 839 1934 ,
877 1887 951 1924 ὁίτε
979 1889 1136 1935 χρησμοὶ

103 1933 278 1977 λέγονται
304 1933 334 1968 δ’
350 1933 582 1979 αἰνιγμάτων.
610 1938 693 1974 Nec
713 1938 819 1976 aliam
843 1939 891 1976 ob
903 1939 1045 1977 causam
1059 1941 1136 1990 Ly·

101 1983 272 2031 cophron
291 1982 458 2021 obscurus
477 1986 545 2022 fuit
564 1986 602 2023 in
623 1986 826 2026 Cassandra.
854 1989 1052 2028 SALVAGN.

100 2090 104 2094 ι
155 2042 215 2089 ς8.
251 2049 330 2078 Non
344 2044 475 2090 soleam
506 2046 670 2093 quamvis
692 2046 754 2083 hoc
778 2061 885 2096 genus
915 2049 979 2097 ipse
1001 2051 1136 2102 sequi]

102 2089 187 2130 Alia
197 2092 374 2129 Ovidiani
390 2094 527 2140 ingenii
549 2105 795 2133 monumenta
817 2100 933 2136 cuivis
949 2099 1043 2137 adeo
1064 2102 1140 2149 pla-

102 2153 152 2180 na
171 2143 209 2179 &
229 2142 411 2190 perspicua
432 2143 511 2181 sunt
531 2170 542 2188 ,
579 2152 618 2181 ut
643 2144 783 2182 Alanus
809 2146 868 2182 ille
891 2147 1038 2185 Dooor
1055 2153 1138 2186 uni·

98 2193 240 2231 versalis
261 2193 311 2231 ob
329 2193 571 2240 multiplicem
594 2193 799 2232 doctrinam
820 2193 840 2232 a
863 2196 1056 2235 Germanis
1073 2210 1138 2247 ap·

101 2243 276 2299 pellatus,
305 2244 599 2292 Anticlaudiani,
621 2243 682 2283 lib.
702 2258 730 2284 1.
756 2246 877 2285 dicere
896 2259 975 2286 non
996 2247 1136 2288 dubita-

105 2301 163 2332 rit:

154 2364 296 2412 Instruit
319 2375 358 2402 ut
375 2371 515 2410 Seneca,
544 2363 726 2403 blanditur
746 2375 785 2403 ut
808 2366 962 2417 Appius,
990 2376 1088 2416 urget

153 2420 198 2452 Ut
219 2422 307 2454 Cato
321 2444 331 2460 ,
351 2417 527 2463 fieccendit
547 2426 586 2452 ut
606 2417 734 2461 Curio,
764 2418 862 2454 velat
880 2428 919 2454 ut
937 2418 1028 2456 alter

155 2466 287 2515 Perfius
302 2495 312 2512 ‚
340 2478 379 2504 ut
397 2468 532 2516 Craſjus
548 2466 720 2511 fimulans
734 2496 744 2512 ,
774 2479 813 2505 ut
833 2468 958 2515 Julius
970 2469 1060 2506 alter

153 2517 382 2565 ‚Dissimulans
393 2545 404 2562 ,
434 2528 475 2554 ut
493 2518 625 2555 soldius
645 2519 802 2567 implicat
816 2547 826 2563 ‚
854 2520 1001 2569 explicat
1019 2521 1111 2559 idem

153 2571 199 2604 Ut
220 2571 310 2616 Naso
323 2597 334 2614 ‚
361 2579 489 2606 vernat
508 2579 547 2606 ut
570 2569 703 2606 Statius
731 2581 878 2592 ⁶-—

109 2640 198 2687 Quo
224 2649 349 2680 tamen
379 2643 464 2680 loco
493 2642 573 2680 dele
603 2642 736 2685 Soldias
756 2672 766 2688 ,
804 2656 870 2692 pro
901 2658 978 2694 quo
999 2657 1139 2693 repone

110 2689 252 2745 Sollius,
279 2705 341 2740 per
361 2705 472 2742 quem
494 2695 624 2732 Sollius
645 2694 815 2733 Sidonius
837 2696 1062 2744 Apollinaris
1082 2701 1139 2735 in-

112 2740 338 2788 telligendus.
366 2745 562 2782 SALVAGN.

168 2814 226 2849 59.
257 2808 297 2838 In
317 2804 447 2853 1bide.]
479 2807 574 2849 Alii,
603 2806 640 2842 in
665 2806 764 2843 Ibida
791 2808 929 2853 dicam,
956 2809 992 2848 id
1015 2809 1064 2847 est
1085 2811 1142 2847 in-

113 2851 276 2889 vehar&
302 2853 479 2892 incurram
499 2858 536 2893 in
562 2856 654 2893 Ibin.
674 2858 789 2905 Elige.
824 2860 978 2898 VALER.
1006 2862 1143 2898 Anna.

114 2908 158 2940 In
180 2901 278 2938 Ibida
298 2903 476 2941 editiones
496 2906 720 2952 plurimae&
738 2909 796 2946 sex
809 2909 938 2958 scripti.

166 2962 226 3020 .⁶².·
256 2963 358 3021 Ihg'ais
377 2964 539 3020 interea]
563 2966 622 3003 De
634 2967 735 3006 Ibide
755 2970 943 3009 recondita
963 2970 1144 3020 quaedam

113 3013 232 3052 scribit
254 3014 417 3052 fflianus
440 3015 484 3052 de
505 3015 648 3054 historia
678 3017 905 3058 Animalium
928 3021 985 3058 lib.
1009 3034 1044 3058 x.
1069 3033 1148 3069 cap.

119 3075 179 3113 30.
208 3065 245 3101 ὅ(
265 3065 325 3102 lib.
345 3078 387 3102 11.
408 3068 524 3114 capite
548 3066 606 3114 38.
646 3066 724 3106 Ibin
748 3071 876 3108 Lunae
899 3071 1146 3109 consecratam

119 3114 201 3153 effe.
229 3116 398 3153 Ciorau.

117 3238 121 3241 Ι
164 3186 224 3234 63.
250 3192 361 3237 thue
381 3186 484 3235 mal]
516 3193 617 3243 Meae
645 3188 804 3228 Gallicus
827 3190 956 3229 codex.
982 3192 1147 3242 aliquan·

116 3244 194 3283 {um
211 3249 331 3290 agmen
356 3249 447 3280 unus
467 3238 625 3279 Heinfii,

2092 631 2224 687 Huc:

1236 766 1296 814 65.
1328 773 1416 804 Haec
1438 762 1502 802 tibi
1532 762 1647 800 natali
1668 761 1798 809 facito,
1827 760 1988 812 Janique
2017 759 2222 809 Kalendis.]

1185 816 1399 866 Priusquam
1431 816 1529 854 Naso
1561 815 1663 851 Deos
1692 815 1921 850 invocandos
1949 813 2008 849 sibi
2029 812 2226 853 conciliet,

1188 867 1266 904 Ibin
1290 876 1445 911 monet,
1478 874 1517 904 ut
1549 866 1659 902 natali
1690 864 1753 900 suo
1774 863 2020 911 Kalendisque
2050 861 2229 909 Januatiis

1186 918 1248 955 has
1277 918 1367 955 diras
1397 917 1416 954 a
1449 916 1581 967 quovis
1607 914 1775 962 legendas
1800 941 1810 957 ,
1848 913 1983 961 flbique
2011 926 2078 959 pro
2106 911 2226 949 faustis

1187 969 1456 1017 precationibus
1476 966 1674 1004 recitandas
1698 972 1819 1007 curet,
1847 976 1922 1011 quo
1945 964 2076 1000 scilicet
2100 964 2138 1000 iis
2150 963 2229 1000 die-

1188 1020 1253 1057 bus
1271 1020 1535 1068 pronunciatae
1557 1017 1749 1054 certiorem
1774 1015 1972 1062 perniciem
1996 1013 2228 1061 portendant.

1189 1069 1345 1108 Veteres
1385 1071 1484 1108 enim
1517 1066 1694 1116 quidquid
1725 1066 1860 1102 ominis
1889 1064 1974 1101 mali
2008 1064 2134 1100 diebus
2160 1064 2226 1100 illis

1187 1121 1354 1159 auditum
1377 1121 1517 1163 fuisset,
1545 1119 1664 1155 dirum
1696 1116 1819 1153 nescio
1848 1114 1950 1164 quod
1978 1115 2130 1152 exitium
2157 1116 2228 1151 mi-

1188 1173 1265 1210 nari
1286 1172 1501 1213 credebant;
1533 1178 1659 1206 contra
1684 1166 1758 1204 dies
1790 1166 1870 1204 illos
1891 1193 1901 1209 ,
1929 1165 1954 1201 fi
1974 1165 2063 1202 nibil
2083 1164 2228 1202 infausti

1189 1222 1417 1271 contigisset,
1446 1221 1578 1259 saustos
1590 1218 1793 1256 censebant.
1822 1216 1991 1253 Natalem
2015 1216 2114 1253 enim
2130 1215 2229 1265 quis-

1188 1286 1262 1323 que
1289 1274 1394 1311 suum
1425 1272 1616 1321 praecipua
1637 1269 1795 1318 quadam
1826 1266 2004 1314 religione
2030 1278 2072 1302 ac
2090 1266 2227 1303 laetitia

1189 1326 1358 1373 privatim
1380 1321 1673 1372 prosequebatur.
1713 1319 1826 1366 Cujus
1849 1316 2116 1364 antiquissimae
2136 1327 2230 1353 con·

1189 1375 1414 1420 suetudinis,
1442 1374 1552 1412 etiam
1577 1370 1720 1408 mentio
1739 1367 1927 1406 Geneseos
1951 1378 2028 1414 cap.
2050 1378 2104 1403 1v.
2127 1377 2228 1405 com.

1191 1437 1255 1476 49.
1283 1426 1450 1475 Ideoque
1470 1424 1583 1462 moris
1605 1420 1733 1459 itidem
1760 1420 1853 1462 fuit,
1880 1426 1920 1455 ut
1947 1418 2072 1454 amicis
2102 1428 2148 1454 eo
2169 1417 2229 1454 die

1192 1489 1347 1515 munera
1364 1476 1639 1516 miffitarentur,
1652 1470 1750 1510 unde
1762 1471 1871 1520 jocus
1891 1468 2068 1506 Martialis
2089 1469 2127 1506 in
2140 1467 2231 1517 Cly<

1192 1536 1285 1566 tum.
1311 1529 1416 1576 Epig.
1441 1527 1503 1575 64.
1528 1525 1588 1562 lib.
1613 1522 1647 1562 8,

1243 1598 1289 1629 Ut
1304 1591 1418 1642 poscas
1439 1588 1539 1637 Clyte
1561 1598 1695 1644 'mapus
1708 1612 1719 1629 ,
1746 1585 1951 1635 exigasquej

1242 1649 1315 1681 Uno
1340 1641 1483 1689 nasceris
1499 1642 1598 1676 ‘oclzes
1627 1650 1666 1674 m
1689 1649 1796 1674 anno.

1193 1708 1272 1757 Qui
1290 1706 1419 1745 duetus
1438 1702 1581 1742 videtur
1603 1714 1647 1741 ex
1666 1701 1720 1740 his
1740 1700 1872 1740 Ovidii
1888 1698 2125 1739 meretricum
2145 1702 2232 1743 ino-J

1193 1771 1271 1798 rem
1293 1765 1453 1796 notantis
1473 1768 1482 1793 ι

1244 1819 1367 1870 Qid,
1395 1814 1492 1868 quast
1507 1815 1623 1853 natali
1644 1828 1721 1853 cum
1738 1814 1839 1864 poscit
1859 1827 2004 1852 munera
2023 1812 2110 1858 libo;

1295 1875 1341 1908 Et
1359 1869 1486 1921 quoties
1508 1877 1585 1918 opus
1611 1868 1653 1915 esi
1677 1868 1831 1916 nascitur
1851 1865 1915 1902 illa
1932 1864 2020 1913 fibi?

1190 1934 1372 1976 Kalendas
1393 1942 1516 1972 autem
1539 1933 1720 1979 lanuarias
1746 1931 1846 1968 laetis
1878 1927 2146 1976 precationibus
2174 1927 2231 1963 ina

1191 1990 1315 2027 vicem
1328 1985 1454 2024 faustas
1465 1984 1722 2023 ominabantur
1736 2006 1746 2023 ,
1757 1980 1844 2016 teste
1855 1979 1973 2014 Plinio
1986 2005 1994 2021 ‚
2020 1978 2079 2015 lib.
2091 1988 2232 2015 xxviii.

1193 2049 1270 2085 cap.
1295 2049 1329 2072 2.
1358 2037 1396 2071 &
1417 2033 1559 2069 Ovidio
1580 2030 1656 2079 ipso
1676 2029 1737 2067 lib.
1755 2041 1782 2066 1.
1810 2027 1898 2064 Fast.
1921 2039 2006 2065 cum
2027 2029 2098 2065 ait:

1245 2108 1302 2143 At
1320 2115 1380 2140 cur
1398 2102 1491 2137 laeta
1511 2098 1579 2134 tuis
1597 2097 1762 2133 dicuntur
1782 2094 1890 2132 verba
1908 2096 2075 2134 Kalendis
2086 2112 2100 2141 ;

1295 2156 1342 2188 Et
1363 2151 1488 2187 damus
1505 2148 1660 2185 alternas
1681 2147 1929 2197 accipimusque
1942 2156 2048 2196 preces
2060 2157 2077 2186 ,ἒ

1194 2216 1312 2268 Quod
1340 2218 1473 2255 iterum
1504 2214 1679 2264 significat
1706 2213 1767 2252 lib.
1791 2226 1844 2251 1v.
1881 2213 1926 2252 de
1950 2213 2101 2259 Ponto,
2128 2215 2234 2265 Elegj

1195 2282 1250 2307 iv.
1281 2269 1444 2317 Ejusque
1466 2268 1578 2304 moris
1600 2265 1772 2303 meminit
1797 2265 1984 2303 Luci-anus
2006 2267 2041 2303 in
2064 2278 2110 2303 eo
2134 2268 2227 2304 libro

1193 2319 1535 2370 ςιιίΨευδολογιςῆς
1553 2316 1780 2360 inscribitur,
1810 2317 1846 2352 &
1869 2315 2104 2354 Herodianus
2125 2316 2184 2354 lib.
2203 2330 2232 2354 1.

1192 2372 1297 2409 Hinc
1326 2378 1429 2407 ortae
1466 2368 1732 2416 superstitiones
1768 2367 1917 2404 multae.
1971 2367 2230 2416 Quamobrem

1194 2430 1294 2461 extat
1316 2421 1354 2458 in
1376 2419 1603 2458 sermonibus
1625 2417 1875 2455 Ambrosianis
1890 2445 1899 2461 ,
1929 2418 2074 2466 &apud
2095 2418 2129 2454 S.
2149 2420 2232 2456 Au-

1193 2473 1399 2521 gustinum,
1426 2471 1610 2517 Joannem
1644 2467 1947 2516 Chrysostomum
1970 2495 1980 2512 ,
2018 2468 2231 2507 Maximum

1194 2522 1464 2562 Taurinensem
1492 2549 1501 2566 ‚
1536 2521 1684 2558 Petrum
1718 2518 1990 2567 chrysologum
2023 2547 2033 2563 ‚
2073 2521 2109 2556 ὅ(
2140 2520 2230 2557 alios

1195 2574 1322 2612 acerba
1342 2585 1472 2611 eorum
1493 2571 1719 2619 increpatio,
1747 2570 1810 2619 qui
1835 2581 1918 2607 cum
1941 2569 2144 2606 Gentilibus
2158 2570 2233 2607 Ka-

1193 2624 1318 2663 lendas
1339 2622 1579 2661 celebrabant.
1622 2621 1680 2658 Ac
1709 2620 1815 2668 plane
1836 2620 1976 2668 Synodi
1998 2620 2235 2659 Taurinenfis

1196 2674 1375 2714 secundae
1398 2686 1475 2722 cap.
1497 2682 1559 2721 23.
1585 2672 1831 2709 Kalendarum
1852 2670 2012 2717 Januarii
2033 2673 2147 2708 cultus
2160 2683 2230 2708 no·-

1196 2725 1365 2764 minatim
1389 2725 1588 2773 prohibitus
1611 2722 1659 2760 est
1674 2750 1684 2766 ,
1713 2730 1751 2758 ut
1771 2722 1808 2759 δε
1832 2721 1985 2770 Synodo
2014 2721 2232 2759 Antisiodc·

1197 2776 1289 2815 renfi
1308 2803 1317 2819 ,
1356 2787 1433 2823 cap.
1456 2787 1484 2812 1.
1511 2786 1588 2823 quo
1619 2772 1826 2821 praesertim
1859 2773 1994 2808 vetitae
2023 2771 2103 2809 sunt
2136 2772 2232 2809 Stre-

1198 2839 1288 2868 nae‚
1317 2838 1472 2875 quarum
1502 2825 1581 2862 usus
1608 2824 1686 2872 jam
1718 2823 1804 2859 inde
1836 2821 1857 2858 a
1879 2822 1993 2859 Tatio
2015 2823 2142 2870 Rege,
2167 2823 2231 2871 qui

1200 2880 1360 2926 primum
1384 2875 1538 2913 Romuli
1568 2875 1699 2917 hostis,
1727 2871 1859 2910 deinde
1880 2872 2019 2920 collega
2040 2875 2077 2909 in
2100 2874 2232 2921 Regno

1202 2930 1379 2966 Romano
1398 2927 1465 2964 fuit
1486 2954 1496 2970 ‚
1533 2925 1714 2972 originem
1741 2923 1876 2961 ducens
1900 2950 1911 2967 ‚
1954 2934 2037 2960 cum
2062 2924 2234 2960 verbenas

1202 2979 1316 3017 felicis
1330 2978 1463 3014 arboris
1488 2989 1532 3013 ex
1565 2977 1669 3011 Luco
1694 2975 1853 3011 Streniae
1869 3001 1879 3019 ,
1903 2974 1988 3011 anni
2008 2976 2097 3011 novi
2119 2974 2234 3021 auspi-⁴

1203 3041 1261 3068 ces
1275 3057 1285 3073 ,
1308 3029 1446 3076 primus
1465 3026 1616 3073 accepit.
1648 3026 1846 3062 SALVAGN.

1254 3088 1313 3134 65.
1343 3088 1496 3136 Faceta]
1544 3088 1651 3124 Unus
1673 3099 1715 3124 ex
1736 3085 1826 3123 meis
1842 3111 1852 3128 ‚
1872 3085 1992 3130 faHio.
2020 3085 2234 3123 Bononien-

1202 3136 1255 3175 sis,
1280 3140 1383 3182 facio.
1423 3139 1568 3183 Scribe,
1588 3140 1690 3184 saxo.
1727 3134 1828 3185 quod
1860 3136 1907 3172 est
1937 3136 2118 3172 minantis.
2144 3136 2235 3173 nihil

1203 3189 1429 3236 frequemius
1459 3189 1552 3237 apud
1595 3190 1759 3234 optimos
1789 3185 1966 3224 auctores.
2003 3184 2088 3222 vide
2116 3186 2238 3224 Notas

1204 3239 1302 3289 Met.
1321 3240 1476 3281 X111.>Z1's.
1497 3240 1581 3287 875.
1610 3239 1763 3277 Heius,

1385 3290 1420 3327 D
1453 3299 1471 3336 3
2129 3285 2245 3330 Jani·
