2547 3708
740 143 801 200 P.
876 140 1283 203 OVIDII

1357 139 1895 198 NASONIS

538 237 628 295 Ille
656 236 950 304 relegatum
980 234 1184 305 gelidos
1211 233 1493 306 Aquilonis
1517 232 1582 288 ad
1610 245 1760 288 ortus

610 309 735 362 Non
761 308 873 361 finit
903 309 1065 362 exilio
1091 305 1349 360 delituisse
1373 306 1482 360 suo,

540 380 887 450 Vulneraque
911 380 1130 433 immitis
1157 379 1402 448 requiem
1431 378 1738 449 quaerentia
1764 390 1947 443 vexat,

605 451 772 523 Jaeiat
803 452 854 504 ἃ
882 452 936 505 in
965 467 1084 506 toto
1111 452 1328 506 nomina
1353 452 1526 505 nostra
1551 449 1690 504 for0.

302 661 399 694 Nam
426 659 551 692 Romae
568 650 645 701 quis
664 661 758 690 non?
785 651 832 688 ah
845 649 881 701 fi
892 652 954 699 fas
973 650 1083 706 dicere
1111 671 1174 680 -

246 705 399 747 Deinde
424 735 434 751 ‚

311 758 408 795 Men‘
430 757 559 795 mutire
579 755 675 802 nefas
688 782 698 799 ,
728 767 785 791 nec
808 752 898 790 clam
921 765 979 789 nec
999 765 1077 790 cum
1088 751 1230 801 ftrobe?

255 812 431 852 Tandem
448 826 524 852 non
546 814 614 852 alia
633 824 742 862 quam
766 813 940 851 infamiae
963 825 1081 861 poena
1095 813 1185 856 fuit;
1199 813 1304 851 abro-

254 866 348 913 gatis
368 865 466 902 enim
501 878 555 903 12.
584 865 811 902 Tabularum
848 865 986 913 legibus
1009 891 1019 909 ,
1056 865 1118 912 qui
1138 864 1301 902 libellum

253 914 300 952 ad
321 916 513 953 infamiam
546 915 698 964 alicujus
725 916 970 964 pertinentem
1005 914 1209 963 scripserat,
1239 917 1295 953 in-

250 964 418 1003 testabilis
440 965 510 1003 esse
535 965 648 1015 juflus
671 965 718 1002 est
741 993 751 1010 ‚
790 965 812 1001 l.
833 966 889 1002 lex
917 966 1077 1002 Cornelia
1093 993 1102 1009 ‚
1134 967 1165 1006 ξ.
1196 977 1233 1013 9.
1251 967 1294 1014 ff.

246 1015 289 1052 de
309 1015 449 1064 injuriis
469 1021 618 1063 casam.
641 1016 745 1054 libell.
775 1017 910 1054 Donec
930 1017 1019 1054 item
1045 1016 1197 1065 capitale
1211 1017 1295 1061 fuit,

247 1066 274 1103 l.
290 1064 323 1113 fi
342 1067 418 1116 quis
429 1067 608 1115 famosum
631 1094 641 1111 ,
681 1073 722 1104 C.
744 1067 785 1104 de
805 1067 932 1115 samos.
953 1066 1057 1104 libell.
1095 1067 1293 1105 Caeterum

252 1115 412 1154 Codices
438 1118 475 1154 in
501 1118 575 1156 hoc
595 1118 699 1156 versu
725 1118 878 1157 variant.
931 1118 972 1155 In
993 1117 1171 1166 aliquibus
1193 1119 1294 1156 enim

251 1165 407 1215 legitur,
426 1167 626 1219 vitiumque
646 1168 760 1205 tacebo
774 1197 784 1213 ,
811 1169 847 1206 id
870 1169 916 1206 est
930 1196 940 1212 ‚
968 1169 1070 1216 quod
1090 1168 1172 1206 alibi
1194 1168 1295 1214 dicit,

248 1220 299 1253 Et
329 1230 434 1267 neque
455 1232 578 1256 nomen
598 1220 637 1255 in
656 1220 738 1263 hoc,
760 1232 817 1256 nec
840 1219 954 1256 dicam
967 1221 1068 1265 sabla
1090 1218 1213 1258 libello.
1256 1221 1294 1258 in

249 1267 348 1305 aliis:
380 1275 477 1305 Nam
507 1283 629 1306 nomen
660 1269 775 1306 adhuc
806 1280 995 1320 utrumque
1024 1269 1159 1314 tacebo,
1192 1270 1296 1319 quod

249 1317 444 1356 Ascensius
466 1321 609 1358 retinet.
639 1320 721 1369 Ego
742 1331 949 1371 utcumque,
972 1321 1074 1370 quod
1094 1320 1157 1358 hic
1175 1321 1296 1366 valet,

252 1368 373 1417 aliqua
389 1381 433 1406 ex
454 1380 576 1418 parte;
607 1383 692 1408 nam
713 1371 862 1408 subinde
890 1373 1040 1420 patriam
1064 1371 1172 1409 Ibidis
1200 1372 1295 1410 indi-

251 1428 323 1456 cat.
360 1420 557 1458 SALVAGN.
620 1426 812 1471 Utrumque
831 1422 953 1458 latebit
981 1423 1097 1459 editio
1121 1423 1295 1469 Domitii,

254 1469 294 1507 &
316 1479 475 1518 quatuor
497 1471 626 1520 scripti.
655 1472 859 1521 ubicumque
885 1472 1007 1509 latebit
1028 1485 1132 1511 unus.
1159 1484 1297 1510 utcum-

251 1533 316 1571 que
338 1520 459 1558 latebit
488 1521 702 1560 duodecim.
735 1522 905 1561 Heinfius
938 1523 1028 1561 olim
1063 1524 1296 1573 conjecerat,

247 1571 458 1621 fac‘lumque
481 1571 606 1610 tacebo.
632 1582 670 1611 ut
693 1586 782 1613 mox
803 1573 858 1617 sss.
882 1587 943 1622 49.

303 1642 350 1675 Et
369 1650 478 1686 neque
496 1651 619 1675 nomen
641 1639 677 1675 in
698 1639 758 1676 hoc
771 1666 781 1683 ,
812 1652 870 1676 nec
888 1639 1003 1676 dicam
1017 1641 1120 1687 sabla
1137 1639 1264 1681 libello.

252 1696 303 1737 fic
324 1706 378 1733 xv·
401 1695 511 1734 Trist.
533 1710 585 1737 xx.
610 1711 636 1738 1.

302 1755 338 1793 si
356 1756 432 1795 licet
453 1770 496 1799 ω’
509 1762 637 1808 pateris
649 1791 660 1808 ‚
686 1776 809 1801 nomen
823 1765 1034 1816 facinusque
1053 1767 1179 1806 tacebo.

310 1828 367 1855 Π.
402 1820 463 1858 Ille
494 1824 682 1872 relegatum
708 1827 835 1874 gelidos
868 1831 1056 1878 Aquilonis
1087 1833 1134 1868 ad
1159 1831 1296 1882 ortus]

254 1867 455 1916 Relegatum
479 1873 512 1909 se
528 1902 537 1918 ‚
569 1888 646 1912 non
669 1878 815 1914 exulem
837 1879 937 1917 dicit.
995 1883 1091 1919 Nam
1123 1895 1207 1920 cum
1229 1886 1296 1921 tria

255 1916 327 1956 fint
346 1922 650 1978 exulurngenera
675 1953 684 1969 ,
722 1938 882 1975 quorum
911 1931 969 1968 alii
991 1932 1174 1970 interdicsti
1193 1961 1203 1978 ,
1231 1934 1292 1971 alii

249 1968 426 2017 relegati,
454 1974 512 2010 alil
536 1974 715 2023 deportati
744 1982 1013 2025 nominantur;
1053 1983 1203 2021 exulum
1228 1996 1291 2032 ap-

251 2018 402 2074 pellatio
426 2050 436 2066 ,
481 2036 576 2071 quae
609 2027 783 2074 generalis
812 2029 860 2066 est
884 2057 897 2073 ,
943 2031 987 2068 ad
1026 2032 1291 2080 deportationis

248 2067 408 2115 speciem
439 2085 707 2122 nonnunquam
739 2089 932 2116 revocatur
957 2108 967 2124 ‚
1013 2091 1053 2119 ut
1088 2082 1133 2119 de
1163 2094 1205 2121 ea
1235 2084 1291 2121 in-

249 2117 432 2206 ssllifiatur
453 2150 465 2168 ‚
507 2125 544 2161 in
576 2136 689 2173 quarn
716 2128 933 2166 ienrentiam
971 2131 1131 2170 Ovidius
1155 2133 1218 2171 Lib.
1248 2146 1295 2172 11.

295 2180 323 2206 r1
356 2197 364 2206 .

298 2219 406 2257 Adde
426 2224 518 2273 quod
535 2225 685 2262 ediciam
699 2253 709 2270 ,
735 2228 901 2275 quamvis
923 2229 1059 2268 immite
1080 2231 1294 2283 minaxque,

360 2276 539 2312 Attamen
561 2277 599 2313 in
615 2287 738 2326 poenae
756 2279 892 2316 nomine
914 2280 986 2317 lene
997 2282 1086 2328 suit.

302 2322 434 2372 Qcippe
453 2326 617 2374 relegatus
639 2355 650 2372 ,
679 2341 746 2364 non
768 2332 848 2366 exal
867 2330 956 2367 dicor
974 2333 1012 2368 in
1032 2332 1093 2369 illo
1102 2360 1118 2377 ,s

251 2417 286 2458 It
351 2378 528 2426 Parcaque
538 2379 708 2424 fortunae
721 2380 805 2427 sunt
823 2381 889 2418 tibi
911 2381 1019 2418 verba
1039 2396 1146 2422 meae.

290 2431 348 2459 em
367 2436 375 2460 Ζ

301 2478 373 2511 Nec
391 2488 466 2512 mea
486 2479 626 2526 concessa
647 2480 689 2525 est
707 2479 785 2516 aliis
797 2482 971 2528 fortuna,
997 2496 1064 2520 non
1082 2483 1165 2521 exul

352 2526 468 2562 Edicit·
488 2529 603 2565 verbis
624 2532 782 2566 nominor
803 2531 868 2577 ipse
889 2535 955 2570 tui.

299 2578 408 2613 Arva
430 2578 617 2625 relegatum
636 2580 754 2627 jussisti
773 2583 880 2626 visere
904 2584 1028 2628 Ponti,

250 2673 284 2713 E
319 2630 394 2712 Ιξῑ
416 2630 612 2676 scythicum
627 2633 770 2680 profuga
784 2633 939 2680 scindere
953 2645 1058 2686 puppe
1071 2637 1223 2685 fretum„

288 2685 298 2712 t
335 2687 341 2711 1
371 2705 379 2713 .
409 2689 441 2715 v.

299 2743 369 2791 Ipse
384 2743 544 2792 relegati,
567 2759 635 2783 non
653 2747 765 2785 exulis
790 2750 907 2787 utitur
926 2752 962 2789 in
985 2767 1039 2790 me

353 2799 522 2840 Nomine,
551 2807 630 2834 tuta
652 2813 721 2834 meo
736 2800 854 2848 judice
880 2804 981 2851 caiisa
1004 2817 1080 2841 mea
1106 2805 1162 2852 eft.

249 2858 297 2896 Et
316 2860 662 2916 iriterdicfiihpropr-ie
683 2865 853 2905 dicuntur
870 2897 880 2912 ‚
909 2871 1037 2918 quibus
1052 2872 1285 2910 interdie'tum

251 2909 301 2946 est
323 2919 409 2969 certi
441 2911 512 2947 loci
545 2913 644 2951 aditu
673 2917 710 2951 ὃ(
739 2922 968 2958 commercio
990 2949 999 2964 ,
1029 2923 1142 2960 veluti
1163 2922 1286 2972 fiquis

251 2959 377 2997 Roma
397 2959 512 2998 abesse
531 2963 712 3010 jubeatur.
743 2968 909 3016 Relegati
931 2973 994 3019 qui
1019 2971 1054 3009 in
1075 2973 1199 3010 locum
1223 2974 1285 3010 ali—

246 3021 360 3057 quem
386 3020 569 3048 remotum
595 3016 834 3055 amandantur
859 3048 868 3062 ‚
907 3031 967 3058 aut
1000 3023 1062 3070 qui
1084 3032 1222 3060 certum
1247 3025 1284 3060 in

246 3060 372 3098 locum
404 3062 689 3108 quodammodo
720 3069 1089 3115 circumscribuntur3
1129 3082 1167 3110 ut
1199 3085 1283 3111 cum

246 3112 327 3158 quis
348 3112 465 3148 domo
485 3112 564 3155 sua,
597 3123 657 3151 aut
688 3119 799 3163 patria
823 3121 999 3159 excedere
1023 3132 1188 3167 vetatur,
1219 3136 1285 3162 un-

247 3160 294 3197 ‹de
321 3162 418 3198 Naso
441 3162 485 3198 de
510 3162 541 3199 se
562 3163 620 3201 lib.
641 3177 686 3203 11.
716 3167 826 3207 Trist.

305 3214 439 3258 Insuper
459 3213 644 3260 accedunt,
675 3226 707 3252 te
724 3231 790 3254 non
809 3219 983 3259 adimente
995 3250 1005 3265 ,
1028 3231 1209 3270 paternae,

348 3266 531 3313 Tanquam
545 3265 633 3314 ,vita
647 3276 776 3317 param
796 3273 948 3312 muneris
965 3272 1062 3324 effa,
1092 3284 1172 3325 opes0

2266 523 2397 580 Per-

1357 650 1586 791 ?tlgibbinibi
1604 701 1777 738 detractas
1792 700 1927 750 possidet
1948 700 2038 739 alter
2055 708 2137 751 opes.

1377 761 1452 791 tem
1466 766 1474 790 :

1410 820 1483 853 Nec
1503 814 1620 852 vitam
1636 842 1646 859 ‚
1673 827 1731 852 nec
1751 823 1843 864 opes,
1871 828 1928 852 nec
1949 815 2084 854 ademit
2101 816 2181 866 poffe
2201 820 2342 860 reverti.

1358 878 1404 918 Et
1425 881 1656 920 hochbello:

1400 946 1466 985 Dii
1483 947 1630 991 meliu5;
1658 961 1804 997 quorum
1824 948 1917 995 longe
1939 947 2027 984 mihi
2043 947 2220 986 maximus
2243 949 2299 988 ille
2319 951 2392 1000 est,

1450 1000 1526 1046 {Lai
1547 999 1677 1042 nostras
1698 999 1809 1047 inopes
1831 999 1941 1035 noluit
1961 998 2018 1047 effe
2038 999 2130 1036 vias.

1351 1059 1542 1100 Interdum
1574 1071 1700 1100 tamen
1741 1062 1907 1110 Relegati
1934 1061 2124 1106 dicuntur,
2156 1064 2218 1112 qui
2249 1066 2395 1114 proprie

1351 1111 1432 1149 sunt
1452 1113 1647 1151 interdiffi.
1687 1114 1881 1161 Deportati
1905 1124 1993 1150 veto
2015 1113 2071 1159 jus
2102 1125 2218 1152 omne
2237 1118 2393 1155 civitatis

1352 1162 1390 1199 &
1402 1165 1606 1211 agnationis
1620 1193 1630 1209 ‚
1642 1164 1815 1212 bonaque
1835 1164 1962 1201 omnia
1976 1165 2173 1201 amittunt:
2189 1164 2295 1214 lique
2314 1179 2396 1215 per-

1352 1222 1466 1260 petuo
1490 1215 1601 1252 exilio
1620 1215 1861 1258 damnantur,
1890 1215 1927 1251 ὃ(
1949 1214 2059 1251 servis
2079 1214 2230 1259 publicis
2245 1244 2255 1259 ,
2280 1226 2400 1256 uteos

1352 1265 1388 1300 in
1406 1264 1559 1303 Insulam
1578 1267 1817 1309 transferant,
1840 1263 2040 1302 traduntur.
2069 1264 2217 1312 Operae
2237 1268 2396 1314 pretium

1352 1314 1421 1352 fuit
1441 1316 1531 1354 haec
1560 1318 1686 1354 omnia
1716 1327 1880 1354 enarrare
1902 1342 1912 1360 ,
1951 1315 2092 1353 tametsi
2116 1316 2398 1361 Jurisconsulto-

1353 1376 1436 1402 rum
1465 1365 1545 1405 filiis
1575 1367 1759 1415 notiffinia
1780 1378 1824 1404 ex
1853 1366 1909 1402 iit.
1939 1366 2102 1403 pandect.
2120 1365 2161 1402 de
2180 1366 2404 1412 interdictis,

1351 1416 1508 1464 relegatis
1525 1430 1568 1457 ω’
1594 1418 1790 1468 deportatis.
1816 1418 2016 1454 SALVAGN·

1413 1479 1469 1505 11.
1492 1469 1626 1506 Gelidos
1648 1468 1834 1520 Aquilonis
1861 1467 1908 1503 ad
1928 1466 2060 1517 ortus.]
2116 1468 2216 1516 Quia
2231 1496 2241 1513 ‚
2263 1478 2302 1508 ut
2322 1469 2399 1520 ipse

1355 1518 1406 1556 ait
1425 1517 1486 1556 lib.
1513 1533 1565 1558 iv.
1595 1520 1639 1557 de
1662 1521 1809 1563 Ponto,
1838 1519 1939 1566 Eleg.
1957 1531 1991 1556 x.

1405 1580 1495 1618 Hinc
1517 1582 1628 1619 oritur
1651 1588 1771 1619 Boreas
1786 1609 1795 1625 ,
1823 1593 1964 1628 oraeque
1985 1580 2183 1628 domesticus
2201 1581 2282 1622 huic
2300 1585 2345 1633 est
2355 1615 2369 1632 ‚

1456 1636 1502 1669 Et
1514 1633 1630 1682 sumit
1648 1633 1739 1670 vires
1759 1632 1783 1669 ἂ
1805 1632 1952 1681 propiore
1972 1631 2050 1669 loco.

1350 1698 1407 1737 Ut
1433 1710 1511 1737 non
1542 1699 1704 1739 dubitem
1726 1730 1734 1746 ‚
1766 1701 1919 1750 spuriam
1943 1701 2013 1740 effe
2045 1703 2247 1742 lectionem
2276 1705 2371 1743 illam
2389 1710 2407 1752 ,ἦ

1350 1761 1461 1798 quam
1484 1750 1673 1790 Domitius
1694 1754 1869 1801 agnovit:
1900 1754 2040 1790 Gelidas
2060 1756 2247 1803 Aquilonis
2267 1756 2316 1792 ad
2335 1769 2395 1792 ar-

1355 1803 1433 1837 Hos.
1462 1801 1661 1840 Samen.
1714 1803 1854 1840 Gelidas
1886 1804 2075 1854 Aquilonis
2104 1805 2152 1841 ad
2172 1808 2282 1843 arcies
2302 1819 2396 1845 unus

1353 1851 1454 1889 liber.
1480 1852 1611 1901 gelidas
1631 1867 1722 1890 arces
1749 1854 1851 1892 alius,

1409 1914 1468 1940 12.
1495 1904 1609 1941 Exitio
1620 1904 1785 1954 delituiffe
1795 1904 1898 1953 mom]
1925 1905 2038 1943 Liber
2048 1906 2273 1946 Maffeianus
2289 1936 2298 1952 ,
2316 1908 2390 1954 suo,

1353 1953 1525 1991 C10FAN.
1539 1960 1602 1990 Suo
1620 1956 1734 2000 Jureti
1749 1956 1866 1993 codex
1880 1956 1918 1993 &
1930 1956 1988 1993 alii
2002 1957 2178 2006 quinque.
2191 1969 2314 2007 neque
2327 1960 2393 1997 ali-

1348 2010 1401 2040 ter
1413 2003 1668 2053 Eutycheslib.
1680 2019 1725 2043 1r.
1737 2007 1800 2054 qui
1814 2007 1851 2043 δε
1866 2006 2098 2053 praecedenti
2113 2009 2215 2046 versu
2230 2036 2240 2052 ‚
2259 2008 2399 2057 gelidae

1347 2053 1520 2101 aquilonis
1530 2055 1577 2090 ad
1588 2068 1664 2092 oras
1681 2055 1855 2104 agnoscit.
1883 2056 2029 2093 Herus.
2082 2063 2171 2102 Suo,
2198 2059 2299 2106 quod
2314 2059 2394 2105 plu-

1347 2103 1429 2140 rimi
1450 2104 1674 2152 agnoscunt,
1704 2106 1817 2153 magis
1837 2106 1927 2143 mihi
1950 2106 2079 2153 placet..
2104 2107 2270 2155 quuitur
2290 2110 2399 2149 enim

1346 2152 1392 2189 de
1414 2154 1449 2189 se
1471 2157 1508 2189 in
1526 2156 1630 2190 tertia
1652 2155 1815 2201 persona.

1401 2225 1455 2260 14.
1483 2214 1612 2260 Jaftat
1638 2226 1681 2256 φ’
1717 2216 1756 2253 in
1782 2226 1851 2253 toto
1882 2217 1990 2255 verba
2010 2219 2138 2256 canina
2160 2219 2276 2271 soro]
2330 2222 2391 2262 Sic

1347 2264 1509 2310 Julianus
1527 2266 1609 2311 ille,
1639 2278 1752 2315 quem
1776 2268 1939 2318 plerique
1961 2269 2178 2315 ἀποςοὶτην,
2210 2272 2397 2312 Eustatius.

1347 2316 1565 2361 παρκβείτην
1586 2316 1726 2366 semper
1748 2320 1945 2364 nominat,
1969 2321 2003 2357 in
2021 2320 2290 2370 Misopogone:
2321 2323 2391 2360 027-

1347 2379 1396 2402 τω
1415 2365 1456 2407 δὴ
1478 2368 1541 2402 mci
1573 2366 1670 2411 ὑμεῖς
1701 2367 1738 2404 ἐν
1770 2372 1852 2411 ταῖς
1879 2370 2022 2415 ἀγοραῖς
2046 2371 2256 2417 ἐπιτρίβετε
2275 2374 2394 2411 Mdv.-

1346 2420 1494 2460 ραῦντες.
1530 2417 1583 2454 Sic
1608 2418 1755 2467 inquam
1778 2434 1838 2456 vos
1862 2420 1900 2457 in
1922 2423 1999 2468 foro
2017 2422 2181 2460 conviciis
2205 2423 2394 2472 affiduevm»

1344 2480 1402 2503 nos
1424 2468 1713 2512 debacchamini;
1746 2470 1785 2506 In
1818 2470 1902 2508 foro
1935 2471 2114 2520 liquidem
2145 2474 2204 2511 vel
2239 2475 2385 2515 circulis

1343 2519 1513 2556 convicia
1529 2520 1725 2567 jaciuntur.
1782 2523 1992 2570 caeteroqui
2014 2534 2091 2560 non
2123 2526 2268 2573 proprie
2292 2537 2385 2563 con·

1343 2568 1437 2605 vicia
1470 2569 1638 2607 dicuntur
1660 2598 1669 2613 ,
1708 2579 1747 2608 ut
1776 2571 1961 2619 eleganter
1990 2573 2119 2611 definit
2150 2575 2328 2622 Ulpianus
2358 2575 2384 2615 l:

1345 2617 1428 2655 item
1447 2620 1538 2668 apud
1568 2621 1756 2658 Labeonem
1777 2649 1787 2664 ‚
1825 2623 1859 2663 §.
1894 2632 1952 2660 12.
1982 2623 2025 2671 ff
2052 2623 2092 2660 de
2119 2624 2282 2673 injuriis,
2310 2627 2386 2665 hoc

1348 2670 1491 2707 modo:
1512 2670 1591 2718 five.
1612 2685 1700 2708 unu-s
1713 2671 1790 2720 five
1806 2672 1917 2718 plures
1938 2672 2116 2716 dixerint,
2146 2676 2235 2724 quod
2257 2676 2294 2713 in
2317 2689 2387 2714 coe-

1349 2729 1389 2756 tu
1408 2720 1541 2757 dmum
1570 2722 1613 2768 est
1636 2750 1646 2764 ‚
1685 2724 1878 2758 convicium
1906 2723 1948 2768 est
1968 2738 1979 2767 ;
2009 2724 2100 2773 quod
2115 2736 2233 2762 autem
2257 2741 2324 2764 non
2344 2729 2387 2765 in

1349 2781 1442 2808 coetu
1463 2785 1521 2808 nec
1540 2773 1781 2819 vociferatione
1802 2774 1928 2809 dicitur
1949 2801 1958 2817 ,
1998 2775 2190 2812 convicium
2212 2790 2279 2813 non
2304 2788 2383 2826 pro-

1341 2823 1412 2870 prie
1433 2823 1564 2859 dicitur
1585 2851 1594 2866 ,
1625 2824 1686 2870 sed
1708 2823 1910 2869 infamandi
1931 2825 2032 2872 causa
2052 2825 2195 2864 diclam.
2236 2828 2381 2866 Tullius

1343 2881 1467 2910 autem
1490 2885 1556 2921 pro
1578 2873 1712 2910 Coelio
1730 2900 1741 2917 ,
1779 2874 1999 2917 Maledicta,
2027 2876 2168 2925 inquit,
2206 2876 2297 2914 nibil
2317 2877 2386 2915 ha-

1344 2922 1398 2959 bet
1427 2922 1581 2970 propofiti
1598 2933 1731 2972 praeter
1755 2925 2000 2961 contumeliam
2019 2953 2029 2969 ,
2067 2940 2154 2977 quae
2178 2926 2382 2973 sipeiulan-

1340 2973 1411 3009 tius
1425 2975 1607 3021 jaciatur,
1634 2973 1851 3017 convicium3
1878 2974 1910 3023 si
1922 2977 2096 3022 facetius,
2125 2975 2308 3014 urbanitas
2321 2993 2383 3016 no-

1341 3024 1512 3059 minatur.
1551 3023 1749 3062 SALVAGN.
1806 3025 1907 3063 Idem
1939 3027 2054 3067 liber,
2092 3026 2198 3063 verba
2231 3029 2381 3073 canina,

1340 3085 1451 3121 quam
1479 3073 1679 3111 lectionem
1721 3076 1922 3121 agnoscunt
1958 3077 2200 3122 interpretes:
2257 3079 2301 3116 Et
2331 3080 2385 3117 fic·

1342 3124 1507 3162 Tacitus.
1539 3125 1703 3161 caninam
1725 3127 1946 3170 facundiam.
1985 3125 2152 3164 CIOFAN.
2191 3131 2296 3166 Verba
2323 3143 2382 3166 ca-

1342 3176 1428 3211 nina
1454 3174 1601 3222 plurimi
1637 3176 1794 3214 codices.
1821 3178 1858 3213 in
1888 3174 2016 3224 quibus
2057 3178 2094 3214 ὅ(
2126 3178 2240 3225 Jureti
2274 3180 2381 3220 liber.

1344 3225 1464 3269 Puto,

1397 3280 1526 3315 Latrat
1547 3286 1591 3319 φ’
1612 3275 1650 3316 in
1670 3285 1739 3314 toto
1759 3274 1867 3314 verba
1885 3275 2012 3315 canina
2028 3277 2118 3329 foro,

2317 3331 2387 3380 nilis
