2547 3708
261 119 294 168 6
657 101 1987 164 PROLEGOMENA

267 237 390 290 dem
432 233 735 300 palaestram
760 230 1113 292 descendere,
1152 231 1257 283 hoc
1286 245 1468 283 revera
1494 226 1568 281 est
1607 224 1723 295 post
1748 225 2005 281 Roscium
2033 227 2083 281 in
2121 229 2271 284 scena
2296 234 2404 288 vel-

266 310 314 362 le
345 306 548 378 gestum
584 323 740 376 agere
771 329 785 366 ;
837 305 925 358 sed
966 304 1088 374 quia
1126 301 1251 371 jacla
1279 301 1353 355 est
1377 304 1515 363 alea,
1545 297 1895 353 efficiendum
1922 300 2023 360 011,
2047 317 2113 354 ne
2141 303 2265 356 mihi
2287 305 2407 374 jure

265 397 469 435 novum
509 396 640 449 opus
675 378 959 431 nuncietur
983 414 997 439 ,
1048 387 1137 430 aut
1173 373 1459 428 interdicto
1498 373 1646 442 quod
1686 371 1764 451 vi,
1803 384 1889 423 aut
1916 373 2051 424 clam
2086 391 2296 429 mecum
2322 379 2405 448 agi

264 451 438 525 poffit.
517 450 802 505 Neminem
832 448 987 502 laude
1012 447 1098 502 sua
1125 447 1410 507 fraudabO,
1449 444 1639 498 nobilis
1662 459 1807 495 enlm
1835 443 1964 496 mihi
1988 444 2192 514 semper
2219 448 2318 501 visa
2334 450 2408 504 est

266 529 354 580 lex
378 524 459 577 illa
489 522 869 584 Laurentium,
909 519 1010 574 NE
1049 518 1344 573 POMUM
1381 517 1488 572 EX
1528 514 1833 571 ALlENO.
1885 514 2069 586 Itaque
2096 519 2411 591 praecipuus

270 598 357 652 hic
386 595 537 649 nobis
562 596 747 665 scopus
775 593 844 647 ob
871 595 1056 647 oculos
1083 591 1183 646 erit
1213 629 1229 655 ‚
1268 603 1325 645 ut
1352 607 1488 662 quae
1519 589 1849 650 obscuriora,
1888 605 1987 641 nec
2006 589 2134 642 dum
2159 591 2410 664 cuiquam

271 668 531 739 explicata
555 667 701 730 sunt,
740 666 918 738 quoad
946 666 1054 735 ejus
1088 664 1201 719 fieri
1239 665 1470 735 poterit,
1493 661 1802 716 illustratum
1829 678 2025 714 eamus,
2077 661 2411 721 Excusorum

271 744 433 795 etiam
462 741 718 794 librorum
747 739 974 793 maculas
997 754 1156 791 manu
1182 735 1514 807 Scriptorum
1543 752 1675 802 ope,
1713 746 1800 786 aut
1823 748 1968 787 certe
1993 733 2086 805 ipsi
2110 735 2411 806 deingenio

272 814 525 868 eluamus,
600 812 779 865 Prima
802 810 1023 883 quidem
1050 809 1289 863 editione
1311 808 1759 863 Observationum
1786 806 2077 860 nostrarum
2109 806 2415 866 difficiliora
2490 871 2494 875 ,

272 884 536 957 quaedam
562 885 679 938 loca
706 885 964 938 saltuatim
989 883 1352 952 selegeramuS.
1392 881 1635 935 Planiora
1662 880 1714 932 δε
1745 896 1879 950 quae
1903 878 1969 933 ab
2005 880 2113 933 aliis
2141 883 2417 939 enucleata
2457 908 2460 909 ⁷
2489 904 2498 912 ·

260 958 480 1013 'silentio
516 957 979 1012 transmiseramus,
1056 955 1214 1008 Nunc
1253 955 1470 1008 hortatu
1508 953 1746 1007 virorum
1787 953 1894 1005 acri
1929 951 2162 1021 judicio,
2200 955 2416 1010 uberio-

275 1047 393 1085 rem
419 1029 472 1083 &
501 1046 819 1101 perpetuum
846 1028 1315 1083 Commentarium
1354 1026 1537 1080 damus
1561 1063 1577 1088 ,
1625 1042 1694 1079 ne
1729 1023 1832 1077 alio
1855 1025 2157 1095 quaerenda
2183 1026 2242 1080 fit
2268 1027 2418 1083 fabu-

273 1104 443 1157 larum
470 1103 641 1156 minus
669 1101 944 1156 obviarum
971 1099 1252 1154 enarratio.
1329 1099 1650 1171 Quanquam
1678 1114 1745 1150 ne
1770 1096 1836 1150 fic
1862 1097 2082 1168 quidem
2109 1115 2205 1152 nos
2232 1116 2420 1156 omnes

275 1175 494 1245 hujusce
519 1174 679 1228 libelli
724 1174 940 1228 salebras
976 1173 1347 1244 explanaturos
1373 1172 1713 1243 pollicemur,
1754 1182 1813 1222 ut
1852 1170 2022 1240 quivis
2061 1169 2315 1242 deinceps
2341 1175 2421 1228 in-

274 1246 481 1301 offenso
507 1247 647 1317 pede
673 1263 1013 1319 quacumque
1037 1244 1409 1318 progrediatur
1431 1269 1444 1306 3
1479 1244 1534 1298 id
1560 1242 1703 1297 enim
1729 1242 2058 1311 pleniorem,
2098 1259 2255 1314 quam
2282 1259 2421 1299 aetas

277 1319 451 1374 nostra
474 1318 640 1382 ferat,
681 1320 1040 1374 eruditionem
1069 1318 1311 1389 postulat.
1385 1316 1601 1370 Deinde
1624 1314 1790 1368 multa
1812 1315 1928 1368 sunt
1953 1315 2007 1368 in
2033 1332 2130 1377 e0‚
2167 1333 2302 1385 quae
2328 1318 2434 1386 nist'

279 1391 481 1461 Sibylla
507 1393 722 1463 legerit,
762 1407 819 1446 ut
845 1393 914 1444 ait
940 1393 1080 1463 apud
1109 1391 1358 1444 Plautum
1370 1387 1661 1444 Pseudolus
1681 1425 1698 1451 ‚
1738 1388 2086 1459 interpretari
2111 1389 2272 1443 alium
2286 1395 2422 1462 poffe

284 1482 403 1518 reor
431 1468 704 1527 neminem,
743 1464 1045 1533 cujusmodi
1070 1463 1186 1518 sunt
1214 1461 1329 1516 ista:

585 1588 701 1642 Aut
724 1590 873 1642 velut
900 1588 1129 1649 Euryali
1153 1588 1244 1658 qui
1261 1589 1520 1657 fieptrum
1547 1585 1683 1655 cepit
1706 1583 1770 1638 ab
1794 1585 1885 1638 illo
1901 1622 1917 1647 ,

655 1660 776 1715 Sint
799 1675 951 1716 artus
979 1660 1159 1714 avidis
1183 1659 1433 1737 anguibus
1460 1659 1574 1727 esca
1599 1658 1698 1712 tui.

285 1780 359 1836 Et
387 1781 507 1837 ista:

587 1902 704 1956 Aut
725 1903 817 1973 pia
840 1914 893 1956 te
920 1903 1057 1971 caeso
1083 1901 1293 1956 dicatur
1321 1900 1592 1962 adultera,
1616 1897 1754 1966 ficut

655 1973 784 2050 Qci
809 1973 996 2027 cecidit
1026 1972 1235 2028 Leucon
1262 1974 1500 2037 vindice,
1538 1971 1682 2026 dista
1694 1969 1793 2040 pia
1818 1967 1900 2038 esta

292 2099 426 2153 Item
453 2097 569 2153 illa:

582 2166 880 2248 QAEthalart
904 2196 963 2238 ut
989 2185 1120 2239 vita*
1131 2186 1391 2257 spoliavit
1417 2184 1605 2257 Istdius
1627 2188 1827 2262 hospes,

661 2257 826 2335 Qaeem
849 2274 1036 2310 memor
1063 2258 1097 2310 ci
1108 2260 1285 2327 stzcris
1309 2277 1442 2313 nunc
1466 2279 1659 2333 qnoque
1670 2264 1834 2331 pellit
1858 2262 1932 2316 Io.

582 2329 769 2401 ‘thue
795 2328 1157 2383 Melantheum
1183 2332 1412 2396 tenebris
1435 2332 1471 2384 ci
1494 2332 1644 2386 caede
1666 2335 1916 2389 latentem

658 2401 913 2457 Prodidit
937 2399 1092 2471 officio
1122 2403 1335 2456 luminis
1365 2404 1475 2475 ipstz
1491 2417 1703 2476 parens.

295 2529 366 2584 Et
393 2526 600 2588 similia,
639 2542 868 2597 quorum
895 2525 1268 2596 interpretatio
1291 2527 1522 2596 petenda
1555 2528 1682 2583 effet
1706 2529 1770 2583 ab
1794 2529 1891 2584 illis
1917 2529 2301 2600 ScriptoribuS,
2336 2532 2430 2603 qui

296 2602 552 2672 temporis
579 2598 765 2668 injuria
791 2595 957 2651 amiffi
975 2636 990 2661 ‚
1031 2596 1174 2651 triste
1200 2597 1351 2652 nobis
1380 2598 1434 2653 &
1473 2601 1724 2655 acerbum
1752 2602 1824 2656 sui
1851 2602 2171 2656 defiderium
2200 2604 2428 2676 relique-

298 2687 437 2727 runt.
513 2671 628 2726 Hic
682 2670 825 2724 enim
861 2669 1066 2724 fabulae
1104 2670 1367 2741 quaedam
1406 2671 1510 2726 five
1546 2673 1791 2727 historiae
1840 2687 2162 2745 tanguntur,
2200 2692 2429 2745 quarum

298 2744 437 2815 apud
465 2760 629 2797 unum
672 2742 929 2796 duntaxat
971 2742 1274 2796 Authorem
1311 2745 1517 2797 mentio
1554 2744 1665 2807 est,
1713 2763 1871 2816 quem
1909 2747 1944 2800 fi
1973 2747 2114 2801 forte
2143 2747 2428 2802 desiderari

300 2815 628 2885 contigiffet‚
667 2814 735 2867 de
763 2830 944 2867 earum
973 2814 1309 2867 enarratione
1344 2816 1700 2884 proculdubio
1739 2817 1912 2872 aftum
1938 2818 2081 2874 ess'et.
2158 2819 2429 2873 Nimirum

300 2887 504 2944 Achaei
544 2886 850 2955 supplicium
892 2884 1038 2951 cujus
1075 2886 1319 2938 meminit
1357 2886 1584 2941 Ovidius
1631 2891 1787 2958 verstt
1829 2909 1943 2954 301.
2009 2908 2141 2944 unus
2177 2891 2430 2961 Polybius

300 2971 705 3014 commemorat.
783 2957 969 3025 Pyrrhi
1013 2957 1231 3010 Achillis
1268 2957 1360 3011 filii
1396 2960 1642 3031 reliquias
1681 2978 1774 3032 per
1803 2963 2115 3017 Ambraciae
2146 2962 2249 3014 vias
2276 2962 2429 3025 disie-

301 3033 404 3086 &as
432 3029 563 3089 effe,
599 3028 824 3100 Hygino
853 3028 944 3082 soli
982 3045 1106 3081 cum
1146 3030 1353 3083 Nasone
1392 3035 1659 3087 convenit.
1734 3033 1819 3088 De
1856 3034 2250 3107 Eurydamante
2287 3036 2315 3087 a
2353 3034 2431 3088 Si-

301 3121 462 3160 mone
487 3101 758 3159 Larissaeo
791 3101 931 3156 circa
965 3100 1226 3173 Thrasylli
1262 3103 1526 3159 tumulum
1560 3118 1806 3178 raptato,
1844 3121 2051 3179 praeter
2078 3104 2334 3162 Ovidium
2376 3107 2433 3160 &

2267 3178 2443 3250 Didya
