2547 3708
335 194 436 244 134

778 164 838 220 P.
914 155 1319 216 OVIDII
1390 157 1926 220 NASONIS

617 266 760 322 Utve
791 265 933 332 lyrae
970 270 1118 313 vates
1163 257 1332 312 fertur
1360 258 1564 329 periisse
1592 262 1838 328 severae3

696 334 882 393 Caussa
907 333 965 386 fit
989 331 1138 386 exitii
1163 330 1384 384 dextera
1409 332 1542 385 laesa
1570 336 1664 390 tui.

619 411 808 482 thue
837 404 1270 476 Agamemnonio
1300 402 1487 459 vulnus
1511 404 1664 483 dedit
1690 406 1872 477 anguis
1897 406 2147 471 Orestam

337 616 401 655 das
417 626 495 655 non
518 609 661 653 retulit;
690 607 927 657 suspicabatur
943 604 1009 642 hic
1029 603 1275 642 Stesichorum
1297 614 1369 641 no-

337 669 426 712 tari,
454 668 492 704 &
513 675 574 711 per
594 673 734 698 carmen
750 669 875 708 parum
893 656 1012 703 stabile
1043 654 1193 702 intelligi
1217 655 1293 703 ejus
1314 655 1364 692 vi-

339 718 611 766 tuperationem
631 711 797 748 Helenae
816 736 828 754 ‚
855 709 957 756 cujus
979 706 1113 744 deinde
1138 704 1367 742 Palinodiam

341 769 489 806 cecinit.
524 763 662 812 legebat
680 772 792 797 vero:

391 836 501 880 thue
515 837 640 875 parum
667 821 786 869 stabili
822 821 876 859 cui
898 817 1048 858 carmine
1060 816 1150 864 laesa
1164 823 1342 863 Lacaena,

344 891 418 929 Sed
437 881 1217 936 haeclongiusavestigiisscriptaelec‘tionis
1227 880 1374 918 abeunt.

341 943 403 980 De
423 942 573 978 Eubaeo
595 940 704 976 etiam
728 938 832 974 Pario
852 934 1111 979 suspicabatur,
1140 933 1200 980 qui
1215 931 1373 968 Scazon-

340 1001 397 1031 tas
416 994 452 1030 in
483 992 645 1028 Athenas
675 987 868 1035 scripserat.
892 984 953 1022 sed
983 984 1194 1020 Athenaeus
1233 982 1292 1019 lib.
1312 993 1375 1037 ξεν.

347 1044 404 1082 16.
430 1042 599 1080 Parodias
618 1037 785 1086 scripsisse
807 1038 867 1073 ait.
889 1046 1002 1083 quare
1033 1045 1102 1080 ego
1125 1032 1296 1070 nondum
1318 1043 1373 1069 in—

343 1093 532 1131 tellectum
551 1094 624 1128 hoc
649 1088 823 1126 distichon
849 1085 1017 1133 relinquo
1035 1084 1255 1121 felicioribus
1273 1083 1375 1131 inge·

349 1147 429 1184 niis.
457 1144 715 1190 invituspereas
738 1139 826 1176 alter
842 1136 968 1173 Petav.
992 1135 1121 1170 Euam.

397 1205 480 1243 527.
506 1199 614 1240 thue
633 1190 726 1238 lyrae
749 1186 886 1236 ναίει]
914 1185 1035 1224 Aristo
1051 1183 1289 1222 ChiusPo'e'ta
1302 1194 1378 1222 car-

347 1255 435 1283 men
457 1244 660 1290 Tragicum
683 1251 744 1287 per
766 1239 891 1276 [ilvam
912 1235 1085 1274 transiens
1107 1234 1374 1278 meditabatur,

348 1297 407 1334 cui
427 1295 568 1342 serpens
590 1304 633 1329 ex
655 1291 782 1327 arbore
797 1317 807 1333 ,
835 1288 935 1334 cujus
959 1287 1045 1324 folia
1062 1284 1374 1333 perculserande-

346 1347 470 1384 cidens
490 1355 642 1382 manum
666 1338 892 1381 momordit,
921 1348 1032 1386 quare
1044 1345 1250 1373 extremum
1275 1336 1376 1373 diem

347 1397 450 1435 obiit.
504 1396 741 1432 INTERPRES.
777 1390 878 1437 Quid
910 1387 934 1425 si
961 1388 1205 1425 Philoxenum
1241 1386 1379 1435 Cythe-

349 1458 455 1485 reum
475 1444 806 1492 Dithyramborum
826 1441 981 1478 Po'e‘tam
1009 1438 1222 1493 intelligas-,2
1261 1437 1378 1484 Quod

348 1498 449 1535 enim
478 1497 523 1533 de
541 1495 782 1541 Aristophane
802 1490 924 1528 nescio
950 1500 1027 1538 quo
1056 1488 1244 1524 Domitius
1275 1499 1381 1524 com-

351 1547 576 1588 miniscitur,
606 1542 865 1592 perridiculum
889 1540 949 1577 est.
1001 1538 1382 1594 Nam&·Dithyram-

350 1598 485 1636 borum
511 1597 647 1634 Po'e'tae
680 1593 845 1630 severitas
876 1591 997 1637 Lyrae
1017 1597 1207 1635 congruit:
1237 1590 1380 1644 &quae

352 1650 550 1698 sequuntur
568 1646 611 1682 ab
629 1644 790 1681 Historia
807 1654 881 1680 non
903 1641 984 1678 sunt
1003 1640 1130 1676 aliena.
1160 1640 1257 1677 (jum
1282 1650 1381 1676 cniru

354 1699 450 1747 apud
470 1695 689 1745 Dionysium
701 1695 761 1731 hic
779 1700 925 1741 ageret,
956 1701 1023 1728 nec
1034 1691 1110 1738 ejus
1123 1690 1384 1738 poematalau·

357 1750 442 1787 dare
471 1746 585 1797 posset
611 1774 620 1790 ,
656 1746 779 1791 inepta
813 1746 849 1779 ὃς
875 1741 1100 1778 inconcinna
1120 1768 1129 1781 ‚
1157 1741 1192 1776 in
1213 1739 1382 1777 latomias

357 1799 546 1848 conieeius
569 1797 639 1840 est,
669 1796 766 1832 unde
779 1792 1156 1840 precibusamicorum
1180 1790 1383 1834 extractus,

358 1863 443 1888 cum
475 1847 697 1896 Dionysium
729 1846 943 1881 recitantem
977 1839 1124 1879 audiiset
1145 1840 1316 1885 surrexit,
1346 1841 1384 1878 ὃ(

356 1899 545 1949 Dionysio
577 1897 716 1935 causam
750 1893 1003 1942 percunctanti
1027 1919 1037 1935 ,
1075 1891 1178 1928 satius
1200 1918 1209 1934 ,
1238 1891 1383 1939 inquit,

361 1952 408 1988 est
428 1951 464 1988 in
490 1948 688 1996 lapicidinis
708 1957 813 1993 agere
828 1971 838 1988 ‚
867 1955 978 1992 quam
1000 1943 1213 1980 recitantem
1238 1941 1386 1988 Tyran-

360 2013 451 2039 num
471 2001 614 2037 audire:
647 1998 763 2034 Cicer.
792 1996 828 2031 in
843 1993 1000 2042 Epistola
1012 1993 1055 2029 ad
1077 1992 1239 2028 Atticum
1260 1991 1387 2029 lib.1v.

363 2052 563 2100 Reliquum
576 2049 624 2086 est
652 2046 988 2090 cra·;}p‘ts‹zv'f'>.2xee,
1005 2046 1139 2080 ταῦτ-κν
1151 2042 1285 2081 κὸσμει.
1310 2053 1389 2078 non

363 2101 573 2140 mehercule
591 2097 731 2147 possum
749 2123 759 2140 ‚
788 2096 823 2132 δε
845 2095 1048 2132 Philoxeno
1062 2092 1208 2140 ignosco
1224 2119 1232 2135 ,
1261 2093 1323 2140 qui
1336 2104 1389 2129 re-

365 2152 497 2189 duciin
514 2160 694 2187 carcerem
717 2146 843 2183 maluit
859 2173 868 2187 ,
894 2155 1005 2193 quam
1024 2145 1117 2180 talia.
1157 2142 1389 2179 Hictandem

367 2214 452 2239 cum
479 2202 684 2238 Tarentum
715 2194 924 2243 aufugiffet,
951 2202 1143 2230 revozatus
1169 2193 1211 2228 ab
1254 2192 1389 2230 eodem

367 2251 553 2301 Dionysio
572 2261 633 2298 per
650 2249 767 2286 literas
782 2275 791 2290 ‚
820 2246 908 2282 nihil
928 2243 1023 2281 aliud
1047 2243 1252 2290 respondit,
1280 2254 1391 2291 quam
1410 2260 1416 2264 ·

368 2317 389 2339 a
409 2303 563 2339 literam.
591 2298 687 2336 unde
710 2299 743 2333 in
766 2297 932 2344 adagium
964 2293 1147 2330 Philoxeni
1166 2292 1316 2336 libellus,
1348 2293 1393 2330 de

368 2353 422 2390 his
445 2353 601 2399 quirem
621 2350 780 2396 aliquam
805 2345 1085 2387 facerenoiunt,
1113 2343 1294 2390 usurpant.
1348 2344 1393 2380 Et

371 2404 501 2440 Graeci
524 2430 533 2445 ,
570 2403 607 2437 in
633 2398 816 2440 latomias,
847 2397 881 2434 id
904 2397 951 2433 est
973 2394 1182 2442 lapicidinas
1207 2421 1216 2434 ‚
1255 2394 1391 2440 conjici,

371 2465 456 2490 cum
480 2454 638 2501 aliquem
663 2450 698 2486 in
720 2450 851 2486 malam
864 2459 940 2483 rem
954 2444 1173 2493 abigendum
1197 2443 1394 2490 significare

371 2505 515 2541 volunt.
571 2502 622 2538 Sir
649 2508 770 2536 autem
807 2496 1010 2535 aestimatio
1033 2523 1043 2539 ,
1083 2505 1159 2530 non
1198 2495 1394 2542 judicium.

373 2555 471 2592 Nam
506 2565 582 2589 non
616 2550 692 2587 satis
711 2549 828 2596 liquet
851 2575 861 2591 ,
898 2559 940 2583 an
971 2546 1178 2590 incorrupta
1203 2544 1243 2580 iit
1274 2545 1397 2582 lecstio.

376 2603 595 2653 Quideniin
626 2600 685 2637 sibi
710 2599 795 2635 velit
815 2626 825 2641 ‚
865 2597 964 2645 quod
997 2596 1123 2640 laesszm
1157 2594 1249 2631 ajiJat
1282 2596 1399 2631 dexte-

376 2669 454 2691 ram
479 2653 577 2691 exitii
612 2647 788 2691 caussam,
819 2647 1026 2695 conjectare
1058 2658 1133 2683 non
1159 2644 1295 2692 aliquid
1322 2646 1400 2693 pos-

376 2706 468 2742 sum.
523 2702 614 2740 Illud
636 2701 808 2737 omittere
829 2710 903 2734 non
924 2697 971 2734 est
991 2695 1101 2733 visum
1128 2723 1137 2737 ‚
1166 2695 1268 2737 quod
1285 2697 1403 2733 variae

374 2756 541 2792 historiae
557 2765 608 2789 w.
639 2751 810 2788 Aelianus
831 2748 1011 2796 prodidit,
1039 2746 1252 2791 AEscliylum
1273 2746 1404 2793 Tragi-

378 2817 461 2842 cum
490 2807 533 2842 ab
564 2799 843 2840 Atheniensibus
881 2798 1077 2844 impietatis
1116 2797 1269 2833 crimine
1301 2796 1403 2834 fuiffe

380 2854 594 2892 damnatum
620 2880 629 2893 ‚
668 2863 777 2898 quem
814 2860 896 2886 cum
917 2847 1090 2895 lapidibus
1114 2847 1266 2882 obruere
1286 2846 1403 2883 Athe-

380 2905 518 2942 nienses
547 2903 655 2951 parati
678 2903 754 2948 jani
786 2898 897 2935 client
918 2925 928 2942 ‚
968 2896 1126 2933 Aristeae
1159 2897 1293 2932 minori
1316 2906 1403 2935 natu

379 2957 477 2993 fratri
499 2953 660 2991 exerenti
683 2951 865 2987 biaslnum
885 2977 894 2992 ,
922 2948 979 2984 cui
1001 2958 1128 2983 manus
1159 2945 1299 2982 abscissa
1324 2948 1404 2984 fue-

381 3014 434 3042 rat
474 3005 665 3042 Salamini-3.
690 3014 807 3048 pugna
830 3028 840 3043 ‚
879 3001 914 3036 in
960 3009 1032 3043 qua
1069 3007 1152 3043 prae
1180 2999 1327 3033 caeteris
1347 2998 1402 3034 in·

383 3055 521 3104 {ignem
552 3054 705 3103 gloriam
737 3051 904 3088 retulerat
927 3076 936 3087 .
974 3047 1079 3084 facile
1112 3046 1234 3083 civitas
1256 3048 1400 3086 fratrem

385 3107 564 3150 donavit,
589 3113 735 3141 memor
757 3114 768 3132 x
783 3101 896 3137 irtntis
917 3098 1075 3135 Aristeae
1096 3098 1130 3133 in
1165 3097 1282 3133 navali
1304 3109 1405 3144 prae-

382 3156 434 3194 lio
453 3163 617 3193 navatae.
670 3153 896 3188 Ronanus.
927 3151 1089 3186 Sentiant
1120 3147 1193 3183 hoc
1220 3147 1304 3183 loco
1325 3147 1406 3192 alii,

382 3205 563 3254 quidquid
599 3203 753 3241 volunt:
794 3202 870 3249 ligo
918 3200 1077 3246 Eupolin
1115 3197 1404 3237 Comoediarum

382 3257 595 3306 scriptorem
637 3251 825 3303 fignifican
854 3260 1032 3296 autumo,
1061 3249 1124 3299 qui
1158 3248 1206 3286 ob
1235 3247 1402 3286 Comoe-

2214 497 2317 547 530
2355 480 2446 538 Tu

1422 606 1520 646 diam
1551 609 1637 657 (cui
1658 620 1799 647 nomen
1821 615 1947 659 Raptus
1967 609 2120 659 indidit)
2149 612 2184 649 in
2205 611 2382 660 quosdam
2397 608 2450 650 Α·ἱ

1421 658 1624 696 thenienses
1638 660 1827 705 editam,in
1841 661 1931 698 mari
1943 660 2203 707 estsuffocatus‚
2215 671 2253 700 ut
2266 663 2452 700 platonius

1423 707 1553 746 scribit.
1583 709 1667 758 lego
1686 712 1797 748 etiam
1823 711 1918 759 apud
1939 711 2153 749 Strabonem
2169 714 2204 750 in
2226 725 2294 751 xxv
2318 713 2453 750 Gram-

1426 759 1604 797 maticum
1625 761 1807 809 quendam
1823 789 1833 805 ,
1862 764 1919 799 cui
1941 774 2081 799 nomen
2103 763 2279 808 Daphitas
2298 763 2384 806 fuit,
2414 765 2452 801 in

1426 810 1602 847 Thorace
1624 812 1873 861 montejuxta
1896 813 2125 861 Magnetiam
2149 814 2342 850 Aeolicam
2364 814 2456 850 civi-

1424 868 1539 897 tatem
1574 861 1786 900 crucifixum
1818 861 1950 906 fuiffe,
1986 863 2087 911 quod
2120 864 2335 901 carminibus
2354 874 2454 911 reges

1426 909 1627 949 incesseret.
1678 913 1787 949 Unde
1801 914 2036 960 proverbium
2060 915 2152 958 fuit,
2181 927 2264 950 cave
2282 927 2303 950 a
2325 914 2456 949 Thora-

1428 974 1477 1005 ce,
1513 961 1550 999 id
1570 962 1618 999 est
1639 962 1681 1000 ab
1703 962 1911 1001 inceffendo
1931 975 2032 1013 reges
2047 993 2056 1008 ,
2083 977 2130 1002 ne
2144 977 2189 1002 eo
2204 965 2363 1002 afficiaris
2375 964 2456 1011 sup-

1428 1012 1560 1060 plicio,
1588 1023 1665 1060 quo
1687 1014 1715 1050 is
1734 1014 1797 1061 qui
1818 1015 1855 1051 in
1886 1014 2061 1053 Thorace
2080 1027 2213 1064 paenas
2243 1016 2322 1053 luit.
2382 1013 2454 1051 Sed
2489 1056 2493 1059 ξ

1429 1064 1528 1110 prior
1547 1062 1692 1101 historia
1715 1064 1828 1112 magis
1848 1064 2035 1102 consonat.
2089 1066 2240 1103 ConsT.
2271 1066 2365 1102 Fan.
2395 1065 2455 1102 De

1429 1113 1572 1151 Alcaeo
1606 1115 1744 1161 Lyrico
1773 1122 1885 1163 poeta
1912 1114 1994 1153 sunt
2013 1115 2074 1164 qui
2093 1116 2191 1153 hunc
2213 1117 2338 1153 locum
2359 1115 2456 1153 acici-

1433 1164 1555 1210 piant:
1583 1170 1823 1215 Dextramque
1844 1164 1992 1217 laesam„
2020 1177 2086 1213 pro
2113 1165 2184 1203 fide
2203 1165 2294 1204 laesa
2315 1178 2356 1203 ac
2376 1166 2459 1202 vio-

1430 1214 1498 1251 lata
1520 1224 1730 1263 exponant,
1759 1215 1861 1263 quod
1879 1216 1905 1251 is
1925 1227 2002 1252 non
2033 1216 2148 1253 solum
2174 1225 2300 1254 contra
2323 1217 2459 1264 patriae

1431 1264 1512 1301 suae
1530 1274 1704 1312 tyrannos
1727 1265 1900 1313 scripserit
1915 1292 1924 1307 ‚
1953 1268 2001 1302 ob
2020 1278 2129 1316 quam
2153 1279 2228 1304 rem
2255 1268 2293 1304 δε
2313 1267 2459 1303 severae

1432 1316 1531 1362 lyrae
1552 1327 1698 1364 poetam
1722 1316 1795 1353 dici
1821 1325 2033 1360 autumant,
2062 1317 2118 1354 sed
2141 1318 2177 1353 ὅ(
2202 1317 2395 1354 seditiones
2416 1327 2459 1353 ac

1433 1377 1488 1403 res
1515 1379 1629 1404 novas
1661 1367 1809 1404 molitus
1840 1367 1969 1404 fuerit:
2000 1377 2038 1404 ut
2065 1368 2192 1404 Strabo
2227 1377 2332 1404 autor
2351 1367 2399 1403 est
2419 1367 2461 1404 ii-

1434 1416 1793 1506 broddecimotertio.
1847 1416 1948 1455 Hinc
1966 1418 2004 1455 &
2025 1418 2199 1456 Horatius
2228 1418 2313 1456 Ode
2330 1417 2462 1466 32.lib.

1436 1479 1462 1505 1.
1519 1477 1601 1506 ixit:
2453 1477 2456 1478 ⁷

1868 1564 1927 1599 age
1947 1550 2001 1588 dic
2023 1551 2193 1588 Latinum

1695 1602 1834 1638 Barbite
1853 1615 1993 1638 carmen
2007 1630 2017 1645 ,

1538 1651 1652 1689 Lesbio
1671 1654 1823 1699 primum
1846 1652 2022 1689 modulate
2039 1651 2133 1696 civi,

1539 1703 1614 1750 Qri
1624 1704 1726 1747 ferox
1745 1703 1850 1747 bello,
1880 1713 1999 1739 tamen
2016 1704 2109 1740 inter
2127 1715 2230 1740 arma
2246 1729 2258 1746 ,

1537 1759 1619 1790 Stve
1629 1754 1805 1802 jaHatam
1824 1754 1987 1801 religarat
2005 1754 2072 1790 udo

1737 1804 1867 1840 Littore
1890 1816 2018 1840 navem
2032 1831 2043 1848 ‚

1542 1853 1700 1891 Liberum
1714 1866 1755 1892 (φ
1768 1855 1888 1902 Marsas
1901 1881 1911 1899 ‚
1942 1859 2166 1905 Veneremque
2181 1882 2191 1898 ,
2203 1865 2247 1894 ω’
2267 1853 2320 1891 illi

1542 1910 1631 1954 Sem?
1640 1917 1675 1941 er
1697 1905 1894 1943 haerentem
1905 1915 2054 1954 puerum
2075 1905 2239 1950 canebat,
2260 1918 2332 1945 <76-

1442 1996 1648 2036 Verisimile
1669 2001 1792 2048 itaque
1822 2007 1972 2047 putant,
1999 2000 2099 2038 hunc
2122 1998 2142 2036 a
2163 1999 2328 2043 Pittaco,
2355 2010 2468 2048 quem

1445 2048 1558 2096 ipsum
1585 2062 1734 2098 quoque
1758 2050 1942 2087 maledicis
1964 2050 2120 2088 versibus
2132 2049 2320 2087 insectatus
2331 2050 2469 2093 fuerat,

1446 2099 1683 2147 posteaquam
1713 2100 1772 2137 ille
1806 2111 1925 2138 rerum
1962 2101 2119 2148 potitus,
2149 2099 2399 2137 monarchiam
2427 2109 2471 2135 ae

1447 2149 1744 2187 dominationem
1766 2149 1864 2187 suam
1891 2148 2078 2194 firmasset,
2109 2150 2268 2198 ejectum
2289 2160 2331 2186 ac
2351 2149 2474 2196 profli-

1446 2210 1568 2246 gatum
1585 2202 1732 2237 tandem
1745 2201 1781 2237 in
1795 2201 1904 2237 exilio
1918 2199 2070 2248 periiffe.
2095 2199 2212 2248 Quod
2232 2211 2302 2246 ego
2320 2200 2473 2247 quidem

1448 2250 1672 2287 docs'tiorihns
1689 2250 1930 2298 judicandum
1952 2249 2132 2300 relinquo.
2149 2251 2323 2287 chrti..
2353 2250 2475 2297 Bapti-

1449 2300 1494 2336 sta
1512 2301 1686 2350 Egnatius
1707 2329 1717 2343 ,
1746 2300 1853 2337 miffis
1877 2300 2037 2338 Domitii
2057 2301 2160 2349 nugis
2183 2328 2192 2344 ,
2227 2301 2474 2337 Philoxenum

1450 2352 1779 2400 Dithyrainborum
1795 2353 1947 2388 Poe'tam
1972 2352 2151 2400 intelligit.
2179 2350 2342 2389 Alciatus
2370 2351 2475 2388 lib.v.

1453 2412 1530 2449 cap..
1558 2402 1611 2439 18.
1638 2400 1821 2449 Parergon
1840 2401 1952 2447 Juris‚
1982 2401 2163 2439 Ovidium
2175 2402 2221 2439 de
2242 2401 2478 2438 Heliodoro-

1452 2453 1514 2500 qui
1535 2460 1646 2499 putat.
1701 2451 1864 2489 sanetius
1895 2451 1939 2488 de
1970 2452 2177 2489 Steficlioro
2210 2453 2477 2500 interpretatur.

1454 2503 1549 2539 Mihi
1573 2511 1760 2539 tantorum
1793 2502 1956 2539 virorum
1988 2502 2171 2539 honorem
2192 2503 2356 2550 praefato
2380 2503 2476 2539 nulla

1454 2553 1500 2590 de
1522 2554 1631 2590 tribus
1650 2554 1717 2589 illis
1737 2551 2022 2598 expositionibus
2036 2553 2180 2589 arridet.
2216 2552 2285 2588 Sed
2307 2551 2480 2590 cumanis

1456 2604 1634 2640 Alcaeum
1655 2605 1810 2640 Poetam
1832 2604 2007 2649 Lyricum
2028 2602 2193 2649 intelligo
2211 2628 2221 2644 ,
2250 2602 2312 2650 qui
2334 2602 2481 2639 morda-

1457 2654 1601 2691 ciffimis
1621 2653 1776 2691 vestibus
1789 2654 1964 2690 Pittacum
1981 2679 1991 2696 ‚
2019 2652 2211 2700 Myrsilum
2227 2678 2236 2695 ,
2270 2652 2482 2700 Megalagy-

1458 2716 1539 2742 rum
1557 2732 1567 2747 ,
1594 2703 1866 2745 Cimmeriam,
1895 2702 2058 2751 aliosque
2083 2702 2339 2750 Tyrannidem
2362 2703 2396 2738 in
2417 2714 2483 2750 pa-

1459 2757 1525 2793 tria
1553 2763 1763 2791 exercentes
1792 2753 1981 2790 infestatus
2010 2752 2083 2788 est:
2115 2753 2202 2789 teste
2219 2753 2394 2789 Strabone
2421 2752 2483 2792 lib.

1459 2817 1553 2847 xiix,
1578 2816 1657 2852 pig.
1677 2815 1757 2848 424-
1784 2803 1957 2839 editionis
1973 2801 2226 2840 aCasaubono
2247 2803 2480 2850 recognitae,

1459 2858 1497 2893 δε
1520 2855 1629 2892 Fabio
1651 2854 1883 2902 Quintiliano
1912 2852 1969 2889 lib.
1989 2866 2026 2890 x.
2051 2855 2111 2901 qui
2127 2854 2245 2890 scribit
2256 2866 2339 2890 eum
2354 2855 2388 2890 in
2404 2865 2484 2899 par-

1459 2915 1495 2942 te
1525 2906 1643 2952 operis
1669 2933 1677 2947 ‚
1713 2916 1785 2952 qua
1815 2904 2014 2950 Tyrannos
2042 2903 2235 2940 insectatus
2261 2904 2333 2945 est,
2369 2914 2482 2941 aureo

1458 2955 1598 3004 plectro
1626 2956 1758 2991 merito
1779 2953 1975 2992 donatum.
2032 2954 2132 2990 Hinc
2152 2954 2281 2990 Graeci
2300 2955 2482 3001 quaedam

1460 3007 1536 3054 ejus
1566 3017 1677 3053 opera
1700 3004 1910 3046 ςασιότικσι,
1942 3004 1979 3042 id
2012 3004 2060 3041 est
2098 3003 2287 3046 seditiosa,
2321 3014 2485 3041 vocave-

1459 3067 1565 3098 runt,
1592 3060 1629 3094 ὃς
1662 3056 1833 3092 Horatius
1864 3056 1950 3092 Ode
1970 3067 2007 3103 9.
2031 3055 2092 3092 lib.
2113 3065 2165 3091 ιν.
2192 3055 2267 3101 ejus
2293 3059 2485 3092 camoenas

1463 3108 1633 3150 minaces,
1659 3108 1694 3143 in
1720 3106 1798 3142 his:

1516 3200 1585 3231 Nec
1602 3192 1770 3240 fipriores
1791 3191 1968 3228 Maeonius
1991 3197 2082 3224 tenet

1516 3251 1637 3283 Partes
1655 3250 1822 3282 Homerus
1836 3269 1847 3287 ,
1874 3238 2082 3278 Pindaricae
2098 3237 2210 3276 latent
2223 3265 2234 3285 ,

2400 3293 2489 3327 Cae-
