2547 3708
629 139 1533 194 PRAEFATIONEa
2035 166 2130 214 πμ

820 259 863 307 Ε
891 260 921 321 J
955 261 1005 308 U
1040 262 1070 309 S
1106 261 1155 310 D
1192 262 1234 309 E
1268 264 1330 311 M

769 339 823 386 In
846 341 903 385 P.
919 339 1073 387 Ovidii
1094 342 1279 400 Nasonis
1306 343 1424 390 Ibin.

216 434 289 486 M,
347 430 857 484 ANTONIO
925 433 1379 489 MURETO
1443 438 1941 509 JUNIORI,

774 531 1012 578 Maximae
1036 532 1126 597 spei
1150 551 1295 598 puero
1332 539 1378 586 S.

30 639 143 747 D
162 633 380 692 Ebitum,
413 648 508 678 non
535 647 725 690 munuS,
760 631 883 693 quod
912 630 1000 678 tibi
1026 633 1265 681 MURETE
1287 653 1485 698 JUNIOR
1511 637 1798 685 offerendum
1825 641 2015 701 putavi,
2053 642 2120 702 ju-

178 716 225 746 re
256 698 466 744 dixerim.
537 696 778 758 Quidquid
815 698 935 741 enim
967 699 1014 742 in
1048 714 1121 743 me
1155 699 1410 747 litterarum
1437 703 1528 761 est,
1563 704 1685 765 quod
1709 704 2008 767 perexiguum
2035 700 2122 750 ess'e

28 766 171 812 sentio
197 798 213 822 ,
259 780 316 810 ex
353 763 565 827 perenni,
610 774 744 822 atque
779 759 1012 806 uberrimo
1045 765 1195 824 patrui
1228 767 1335 823 tui,
1379 769 1462 812 viri
1498 766 1790 825 disertissimi,
1836 768 1993 827 fonte,
2038 769 2120 815 nisi

25 831 233 878 omnium
268 828 529 875 mortalium
563 823 886 887 ingratiffimus
923 825 1007 871 effe
1037 827 1176 886 volo,
1212 829 1398 876 hausisse
1432 832 1630 893 ingenue
1663 831 1802 878 fatear
1826 834 1998 878 necesse
2020 834 2114 879 est:

22 910 168 956 neque
204 894 294 939 hoc
327 893 497 949 solum,
534 889 656 952 quod
693 890 943 935 maximum
970 891 1155 952 quidem
1181 909 1302 939 voco
1329 895 1637 953 beneficium,
1671 897 1711 941 ei
1733 911 1976 956 acceptum
2006 900 2119 942 refe-

21 975 100 1016 ro,
134 957 203 1005 sed
236 958 348 1004 illud
384 958 548 1012 etiam,
582 952 706 1016 quod
748 954 1127 1018 quotiescumque
1154 973 1269 1018 opus
1292 958 1380 1004 fuit
1421 961 1652 1023 (contigit
1672 973 1824 1006 autem
1847 961 2117 1024 saepissime)

21 1037 98 1069 aut
131 1023 218 1068 mei
249 1021 409 1084 ipsius,
444 1035 520 1066 aut
546 1018 945 1083 propinquorum,
981 1033 1058 1066 aut
1080 1022 1216 1067 etiam
1240 1025 1494 1070 amicorum
1521 1024 1691 1083 caussa,
1726 1025 1772 1070 iu
1795 1041 1881 1087 qua
1904 1029 1999 1085 ejus
2025 1026 2114 1071 stu-

21 1087 97 1133 dio
132 1087 180 1134 &
200 1088 347 1150 gratia
374 1100 445 1130 me
471 1101 606 1147 egere
634 1083 868 1145 cognovi,
904 1101 997 1129 non
1020 1086 1141 1147 prius
1165 1087 1322 1145 innui,
1358 1105 1490 1151 quam
1514 1104 1617 1134 eum
1641 1089 1819 1135 nullum
1844 1084 2020 1152 prorsus
2051 1091 2113 1136 la-

21 1151 176 1198 borem
200 1151 529 1197 detrectantem
545 1184 558 1208 ,
593 1163 909 1211 quaecumque
931 1148 1207 1211 efflagitavi,
1231 1151 1403 1198 summa
1426 1170 1530 1199 cum
1553 1155 1691 1199 animi
1710 1153 1936 1201 hilaritate
1958 1155 2116 1201 confe-

20 1216 122 1262 ciffe
147 1217 368 1278 comperi.
438 1214 549 1260 Uno
573 1213 715 1259 verbo
740 1228 834 1258 rem
858 1214 1146 1259 concludam.
1220 1217 1292 1263 EX
1316 1234 1371 1263 eo
1394 1217 1493 1276 die,
1516 1234 1608 1280 quo
1632 1220 1678 1264 in
1703 1218 1882 1264 Urbem
1909 1221 2110 1282 primum

19 1281 147 1339 veni,
181 1282 435 1326 litterarum
467 1277 856 1340 adipiscendarum
894 1277 1231 1341 cupidiffimus,
1266 1282 1314 1327 in
1348 1283 1556 1328 intimam
1591 1285 1687 1346 ejus
1709 1282 1846 1343 ipsius
1867 1285 2114 1329 amicitiam

19 1343 72 1392 ab
105 1360 160 1391 eo
193 1344 428 1402 admifl'us,
464 1345 510 1389 in
544 1342 627 1388 filii
663 1358 808 1405 prope
839 1343 945 1389 loco
977 1358 1202 1406 perpetuo
1240 1345 1421 1392 habitus
1443 1348 1566 1404 sum,
1601 1361 1735 1409 atque
1759 1348 1942 1394 habeor.
1978 1349 2116 1410 idque

18 1426 111 1456 non
143 1425 304 1472 parvae
340 1409 571 1455 felicitatis
605 1407 690 1452 effe
718 1406 856 1452 duco.
924 1409 1013 1454 His
1039 1408 1186 1472 igitur
1208 1410 1264 1456 de
1288 1411 1426 1457 caufis
1451 1413 1632 1459 OV1D11
1657 1427 1713 1457 IN
1742 1427 1853 1458 lmN
1879 1428 1994 1474 opus
2019 1414 2112 1458 ele-

19 1473 354 1538 gantiffimum,
398 1472 682 1530 fabularum,
729 1472 1115 1536 historiarumque
1146 1477 1365 1522 varietate
1402 1477 1589 1539 plenum
1625 1475 1709 1522 tibi
1745 1476 1982 1538 persolvo,
2026 1493 2112 1536 ac,

19 1539 138 1602 quod
164 1538 284 1602 apud
308 1554 381 1585 me
404 1535 748 1602 quodammodo
767 1535 1028 1600 depofitum
1051 1538 1145 1599 est,
1180 1539 1319 1586 reddo
1343 1556 1394 1586 ac
1418 1541 1622 1587 restituo.
1693 1541 1747 1586 In
1769 1557 1863 1602 quo
1887 1556 1958 1586 me
1979 1540 2112 1586 scho=

19 1604 104 1662 lia,
138 1604 300 1667 quibus
336 1618 412 1649 aut
446 1603 575 1650 locos
598 1603 773 1664 aliquot
798 1602 1094 1660 illustrarem,
1116 1618 1205 1649 .aut
1228 1617 1434 1650 veterum
1458 1605 1682 1652 librorum
1707 1606 1879 1651 auxilio
1907 1606 2113 1668 corrige-

18 1684 136 1726 rem,
171 1668 307 1714 amici
327 1667 509 1731 quidam
536 1665 804 1723 doc‘tissimi,
832 1667 902 1713 vel
928 1668 1329 1730 occupatiffimum
1346 1704 1361 1728 ,
1386 1670 1511 1734 quod
1536 1683 1721 1732 patruus
1747 1668 1839 1731 ipse
1862 1682 1967 1716 tuus
1993 1672 2111 1717 MU-

19 1749 183 1779 RETUS
216 1749 310 1778 non
342 1735 552 1796 ignorat,
598 1732 789 1778 scribere
822 1733 1094 1795 coegerunt.
1164 1735 1233 1780 Ea
1265 1748 1415 1781 tamen
1445 1750 1761 1798 quaecumque
1796 1733 1928 1792 sunt,
1975 1737 2111 1781 aetati

16 1810 115 1844 tuae
134 1814 230 1843 non
252 1804 429 1859 prorius
454 1797 633 1844 inutilia
653 1811 811 1843 erunt:
847 1797 1176 1862 ingeniumque
1202 1800 1499 1864 tuum,quod
1526 1799 1580 1845 ad
1605 1797 1777 1845 summa
1801 1814 2007 1861 quaeque
2033 1816 2111 1846 nae

16 1874 114 1908 tum
138 1862 221 1907 effe
241 1861 474 1925 perspexi,
508 1863 560 1908 iis
582 1862 815 1924 aliquanto
841 1863 1025 1919 melius,
1062 1863 1379 1927 excultiusque
1400 1864 1608 1910 futurum
1637 1870 1729 1909 non
1752 1861 1953 1926 despero.
1999 1864 2046 1910 V
2052 1880 2110 1910 A-

15 1942 110 1985 LE„
145 1926 192 1972 ὃς
226 1926 381 1984 istam,
416 1943 550 1989 quarn
581 1941 746 1988 magna
769 1942 876 1971 cum
905 1926 1034 1972 laude
1057 1929 1275 1990 ingressus
1294 1945 1369 1988 es,
1403 1930 1588 1974 virtutis
1613 1929 1761 1985 viam,
1795 1941 1847 1973 ut
1871 1927 2008 1991 ipsius
2029 1944 2111 1989 pa-

14 1993 106 2036 trui
131 1990 197 2036 tui
219 1990 547 2049 aestimationi,
582 1991 868 2051 nominisque
894 1991 1149 2038 celebritati
1172 2009 1252 2056 par
1276 1992 1357 2052 fis,
1392 1993 1671 2057 amplexari„
1699 2007 1751 2037 ac
1771 1990 1926 2039 seclari·
1950 2007 2111 2056 pergei

14 2056 211 2101 ROMAE
235 2070 337 2101 v111.
366 2054 434 2100 Id.
457 2055 664 2101 Martias.
687 2068 1020 2100 cm.1:>.Lxxx‚
1481 2058 1484 2060 ’

244 2178 868 2238 GEORGII
986 2178 1873 2242 BERSMANNI

558 2345 559 2348 Ἰ
929 2278 1174 2324 Praefatio.

186 2367 827 2416 REVERENDISSIMO
869 2367 1573 2429 lLLUSTRlSSIMOQUE
1613 2367 1929 2416 PRINCIPI

1023 2461 1090 2508 Ac

95 2549 1103 2626 D.D.JOACHIMO
1187 2551 2020 2613 FRIDERICQ

174 2650 302 2697 Duci
317 2651 523 2714 Silefiac,
548 2654 755 2717 Lignicii
781 2672 832 2702 ac
846 2657 1047 2719 Bregae,
1070 2657 1161 2702 &o
1197 2655 1466 2718 Praeposito
1481 2653 1948 2718 ArchiepiscopamS,

667 2719 715 2766 δί
741 2721 967 2768 Primatus
990 2719 1435 2785 Magdeburgenfis,

611 2814 824 2860 Domino
844 2812 923 2859 suo
947 2811 1311 2859 Clementiffimo
1346 2813 1391 2859 S..
1429 2812 1495 2858 D.

13 2919 141 3032 M
158 2921 371 2970 Emoriae
395 2927 632 2988 proditum
656 2929 746 2987 est,
780 2929 1172 2976 Reverendiffime
1198 2929 1246 2975 ὅ(
1270 2928 1572 2975 Illustrissime·
1586 2929 1834 2989 Princeps,
1858 2926 2102 2972 Romano.-

175 3003 276 3032 rum
314 3004 500 3052 gentem
536 2991 658 3037 inter
690 2994 888 3055 templa,
924 3011 1037 3056 quae
1063 2990 1242 3043 πλυθὲες
1265 2995 1384 3040 illius
1407 2993 1639 3056 religionis
1665 2992 1793 3038 cultu
1821 2992 1964 3053 impio
1984 2990 2104 3035 sacra

11 3045 193 3108 habuit,
226 3054 422 3100 Herculi
460 3055 508 3102 &
532 3054 679 3101 Musis
702 3073 950 3104 commun-e
972 3058 1191 3104 dedicaffe
1217 3058 1456 3105 delubrum
1473 3091 1488 3115 ,
1523 3070 1575 3102 ut
1604 3056 1743 3103 essent
1770 3057 1818 3102 hi
1841 3054 1964 3118 quasi
1990 3053 2099 3101 δυω-

10 3110 134 3171 χὲτοι,
163 3114 251 3163 sive
280 3115 473 3180 ὄμόναοι,
513 3120 604 3166 hoc
629 3119 721 3179 est,
755 3121 916 3167 eodem
942 3123 1119 3186 templo
1143 3122 1391 3180 iisdemque
1414 3120 1543 3167 sacris
1566 3120 1918 3167 honorarentur.
1985 3118 2099 3175 Qo

11 3175 221 3227 nimirum
268 3183 619 3233 consecrationis
652 3185 778 3232 istius
812 3185 1015 3234 auetores
1048 3203 1143 3235 non
1174 3189 1322 3234 minus
1354 3184 1568 3248 sapientia
1588 3217 1605 3243 ,
1648 3202 1784 3250 quam
1824 3182 2100 3231 fortitudine

1289 3251 1338 3298 T
1382 3264 1403 3312 3
1969 3259 2098 3309 prae-
