2547 3708
306 157 400 230 149,
811 142 1960 210 Rovrnlt-NASole

598 254 831 325 Propter
858 268 988 324 opes
1012 267 1224 322 magnas
1248 256 1309 306 ut
1334 249 1570 322 perdidit
1596 251 1785 321 hospes
1809 252 2110 318 alumnum,

668 326 865 381 Perdat
893 325 962 378 ob
993 324 1210 394 exiguas
1237 337 1291 377 te
1317 338 1437 377 tuus
1462 323 1650 393 hospes
1676 341 1819 394 opes.

601 399 785 471 thue
810 397 988 452 ferunt
1015 396 1202 451 fratres
1227 396 1318 451 sex
1341 413 1465 450 cum
1489 395 1906 452 Damafichtone
1929 397 2130 464 caes08‚

672 472 902 526 Intereat
927 484 1106 525 tecum
1130 470 1197 525 sie
1223 487 1390 541 genus
1420 486 1582 524 omne
1608 482 1777 524 tuum.

312 680 400 722 urbe
432 693 519 721 cum
557 679 796 718 detestatione
833 676 982 728 expulit,
1036 675 1102 714 Ille
1144 673 1341 713 conscenso

314 745 420 771 curru
443 734 566 782 fugam
589 733 738 780 arripuit
760 758 770 774 ,
808 729 865 767 sed
890 740 974 767 curn
1000 727 1104 776 juxta
1131 726 1229 764 littus
1258 738 1343 774 pro-

311 779 552 827 ficisceretur,
582 784 667 832 equi
689 781 877 818 horrendo
900 780 1039 828 phocae
1062 776 1082 815 ὲ
1106 778 1194 815 mari
1225 787 1346 814 emer-

314 834 434 883 gentis
455 833 598 882 aspetstu
631 833 847 872 conterriti.
879 831 994 881 ipsum
1027 842 1089 878 per
1110 828 1277 876 scopulos
1307 827 1345 864 &

311 886 394 922 saxa
414 892 599 932 raptarunt
618 892 723 921 tanto
744 884 910 931 impetu,
939 891 979 919 ut
990 879 1227 928 compagibus
1238 876 1346 915 disso-

312 935 398 973 lutis
416 935 603 973 infelicem
620 936 802 983 juvenem
823 933 1141 980 lorisimplicitum
1156 929 1347 977 discerpse-

315 987 412 1031 rint,
434 985 528 1024 adeo
542 994 579 1024 ut
598 985 718 1023 effusis
730 985 921 1022 visceribus
933 995 1004 1021 nec
1023 991 1118 1019 artus
1131 981 1274 1017 attubus
1286 992 1348 1017 co-

315 1036 505 1075 haeserint.
525 1037 659 1074 Fabula
680 1036 906 1073 sivehistoria
925 1043 1012 1072 nota
1026 1045 1069 1069 ex
1085 1032 1231 1069 Nasone
1258 1031 1349 1068 [κν.

315 1088 573 1137 ΜεῑαωοῐρΙι.
616 1089 703 1124 item
733 1087 794 1124 lib.
815 1098 878 1123 111.
907 1087 943 1122 &
972 1097 1024 1121 vx.
1052 1083 1141 1120 Fau.
1173 1082 1349 1130 Euripide

319 1139 359 1177 3<
381 1139 517 1176 Seneca
537 1140 573 1176 in
598 1137 810 1186 Hippolyto
825 1165 835 1182 ,
861 1136 1020 1184 Virgilio
1045 1132 1350 1171 lib.vi1.AEneid.

315 1189 474 1238 Hygino
513 1189 581 1226 fab>
604 1200 661 1233 47.
700 1187 874 1226 Diodoro
902 1186 1025 1224 Siculo
1058 1185 1119 1222 lib.
1142 1197 1177 1221 v.
1213 1184 1350 1222 Plutar-

317 1241 391 1278 cho
420 1241 456 1277 in
481 1239 657 1278 Parallelis
679 1268 688 1284 ,
726 1239 849 1276 histor.
872 1249 931 1288 34.
963 1235 1184 1280 Lactantio,
1213 1237 1274 1284 qui
1298 1235 1350 1271 fa-

319 1290 444 1330 bulam
458 1292 550 1329 ridet
578 1291 677 1328 lib.1.
705 1290 925 1328 Divinarum
942 1287 1216 1325 Institutionum
1231 1315 1242 1330 ,
1271 1296 1352 1333 cap.

321 1354 380 1385 17.
407 1342 477 1379 Sed
508 1343 607 1379 enim
629 1341 832 1378 Troezenii
867 1340 963 1387 apud
983 1338 1190 1376 Pausaniam
1214 1338 1250 1374 in
1274 1337 1351 1374 Co-

315 1394 504 1435 rinthiacis
523 1392 703 1439 negabant
719 1391 965 1440 Hippolytum
978 1391 1021 1428 ab
1032 1388 1349 1436 equisdistrachim

322 1442 395 1482 effe
409 1472 418 1488 ‚
445 1455 514 1481 nec
530 1443 603 1481 ullo
623 1444 660 1480 in
680 1445 763 1481 loco
787 1442 990 1490 sepulcrum
1009 1441 1101 1478 illius
1121 1447 1243 1476 extare
1255 1439 1349 1476 affir-

320 1494 484 1533 mabant.
538 1494 680 1531 Verum
708 1494 759 1532 illi
778 1492 798 1529 a
830 1493 911 1531 Diis
927 1504 1013 1530 eum
1039 1492 1223 1528 honorem
1246 1490 1350 1527 habi-

318 1554 424 1590 tum,
454 1555 492 1583 ut
513 1546 549 1582 in
574 1544 731 1582 siderum
763 1555 961 1582 numerum
980 1542 1133 1587 relatus,
1165 1541 1261 1578 idem
1279 1541 1350 1589 ipse

318 1597 382 1641 fit,
410 1598 474 1644 qui
498 1596 634 1643 Auriga
657 1595 818 1633 coelestis
838 1595 982 1633 dicitur.
1034 1591 1231 1641 Hippolyti
1259 1603 1351 1629 vero

320 1659 464 1689 nomen
498 1646 651 1684 du&um
689 1646 738 1683 est
764 1646 808 1683 ab
836 1654 998 1688 eventu;
1037 1643 1085 1681 est
1113 1641 1212 1680 enim
1236 1640 1352 1684 ἵππος

320 1710 455 1749 equas,
476 1700 605 1743 λύομαι
622 1696 739 1744 solvor
761 1724 771 1741 ,
809 1696 911 1745 quod
940 1695 1132 1733 ridiculum
1156 1700 1257 1741 putat
1275 1694 1355 1731 Au-

319 1750 442 1787 sonius
471 1749 656 1797 Epigram.
680 1760 736 1796 19.
762 1746 859 1796 quasi
880 1748 999 1784 futura
1012 1745 1261 1794 praescierint,
1291 1745 1355 1793 qui

321 1812 466 1850 nomen
487 1799 717 1844 indiderant,
737 1810 821 1837 cum
847 1798 965 1836 scribit
988 1799 1026 1836 in
1039 1798 1222 1840 Meroen,
1240 1806 1354 1833 anum

320 1851 522 1891 ebriosam:

343 1950 347 1952 -
374 1927 452 1976 Qi
465 1929 601 1977 primus
625 1933 740 1968 Meroe'
756 1943 878 1968 nornen
899 1930 965 1968 tibi
986 1931 1166 1976 condidit,
1194 1929 1253 1968 ille

429 1978 593 2028 Thefidae
612 1994 736 2018 nomen
756 1981 908 2018 condidit
929 1982 1118 2030 Hippolyto.

374 2034 474 2068 Nam
499 2031 664 2069 divinare
682 2033 725 2079 est
746 2046 868 2069 nomen
892 2042 1100 2079 componere,
1132 2033 1222 2084 quod
1235 2031 1280 2081 sit

423 2085 598 2121 Fortunae
613 2110 624 2128 ,
651 2096 786 2121 morum
799 2112 809 2129 ,
842 2082 896 2120 vel
916 2083 1002 2120 necis
1019 2084 1203 2122 indicium.

327 2169 412 2211 Nec
431 2168 620 2206 omiserim
650 2168 690 2206 B.
712 2168 963 2217 Hippolytum
984 2180 1050 2218 pro
1077 2169 1304 2207 confeffione
1318 2168 1359 2206 fi-

325 2219 386 2258 dei
408 2218 470 2258 sub
502 2219 698 2257 Valeriano
729 2219 958 2268 Imperatore
979 2248 989 2263 ,
1025 2229 1166 2267 praeter
1193 2219 1260 2257 alia
1282 2228 1358 2257 tor-

324 2277 479 2322 menta,
517 2270 670 2317 pedibus
697 2271 812 2318 ligatis
840 2269 885 2307 ad
907 2271 999 2308 colla
1018 2269 1292 2308 indomitorum
1320 2283 1356 2308 e-

323 2328 486 2369 quorum
521 2332 584 2368 per
611 2322 729 2359 sentes
766 2323 803 2358 &
830 2321 939 2358 rubos
967 2321 1096 2359 misere
1122 2321 1328 2358 distraeturn
1345 2350 1356 2367 ,

323 2372 473 2410 Rornae
491 2370 612 2409 Idibus
640 2372 791 2421 Augusti
819 2373 1040 2421 Martyrium
1067 2371 1355 2417 consummasse,

322 2422 648 2471 quemadmodum
682 2424 953 2472 Martyrologia
997 2423 1183 2461 testantur.
1236 2423 1354 2471 Quod

323 2474 487 2523 sequitur
515 2473 649 2511 Veneris
670 2474 900 2511 moribundus
917 2474 957 2511 ob
978 2474 1070 2510 iram
1086 2502 1096 2518 ‚
1124 2474 1159 2510 id
1183 2485 1270 2511 vero
1291 2486 1356 2511 ne-

325 2525 473 2574 gotium
498 2524 643 2562 faceffit.
698 2525 759 2562 An
788 2525 949 2563 Ovidius
974 2524 1102 2562 alludit
1125 2524 1170 2561 ad
1190 2533 1295 2563 vetus
1314 2525 1355 2562 il-

325 2576 390 2614 lud
419 2574 547 2612 odium
570 2601 580 2618 ,
621 2587 697 2624 quo
725 2576 854 2613 Venus
882 2576 1007 2614 Solem
1039 2576 1078 2612 ὃ(
1098 2575 1174 2624 ejus
1195 2575 1356 2622 posteros

325 2625 638 2677 prosequebatur,
664 2626 710 2663 de
731 2638 807 2673 quo
828 2626 877 2663 fic
895 2627 1068 2674 Hyginus
1088 2626 1157 2663 fab.
1182 2624 1262 2672 148.
1292 2627 1358 2662 Soli

328 2687 449 2715 autem
474 2682 585 2713 Venus
609 2676 648 2712 ob
676 2676 845 2713 indiciam
866 2680 913 2714 ad
934 2677 1124 2725 progeniem
1147 2678 1216 2725 ejus
1234 2678 1359 2724 semper

322 2729 401 2776 fuit
419 2727 577 2766 inimica.
631 2726 775 2765 Servius
804 2728 840 2764 in
871 2728 1048 2776 Eclogam
1073 2741 1126 2765 vi.
1154 2727 1299 2776 Virgilii
1320 2728 1359 2764 de

332 2777 499 2828 Pafiphae
526 2778 682 2827 loquens
706 2805 716 2820 ‚
752 2776 804 2814 Oh
829 2777 921 2814 iram
936 2779 1064 2825 scilicet
1088 2778 1244 2823 Veneris,
1272 2775 1375 2829 quae'

331 2831 430 2869 irata
453 2829 540 2871 Soli,
570 2829 660 2878 quod
681 2831 735 2876 se,
766 2839 805 2864 ut
823 2828 1129 2878 quidamvolunt,
1157 2828 1358 2875 Anchisae,

331 2890 397 2919 aut
417 2890 456 2916 ut
476 2880 558 2921 alii,
590 2878 703 2916 Marri
732 2880 949 2922 constanciam
976 2879 1190 2928 prodidiſjet‚
1214 2879 1360 2928 sobolem

331 2933 403 2979 eJ'us
433 2929 612 2975 inhonestis
641 2929 815 2966 amoribus
833 2929 977 2978 subjecit
1000 2957 1010 2974 ,
1035 2940 1075 2965 ut
1105 2930 1226 2966 Circen
1239 2948 1251 2973 ·,
1284 2936 1360 2967 Me-

331 2985 435 3021 deam
449 3009 458 3024 ‚
488 2979 689 3028 Pafi'pha‘e'n.
744 2979 848 3016 Idem
871 2979 1001 3017 eadem
1022 2979 1139 3016 scribit
1157 2979 1199 3016 ad
1228 2979 1288 3017 lib.
1309 2992 1362 3018 vx.

329 3032 487 3073 ..AEneid
522 3039 561 3067 ut
589 3031 626 3067 &
664 3030 844 3078 Euripidis
873 3030 1087 3068 Scholiastes
1112 3030 1148 3067 in
1177 3030 1367 3078 Hippoly-

333 3095 451 3129 tum,.
468 3081 635 3119 Valerius
653 3081 800 3120 Flaccus
825 3081 960 3120 lib.v1.
986 3081 1193 3130 Argonaut.
1220 3081 1266 3119 de
1289 3082 1368 3126 Ve-

333 3147 423 3176 nere
438 3149 461 3173 :.

387 3213 495 3263 Sensit
516 3215 616 3253 Diva
634 3213 744 3259 dolos,
766 3215 978 3264 jampridem
996 3216 1112 3263 sponte
1129 3215 1302 3264 requirens

385 3266 574 3313 Colchida,
594 3265 861 3317 &invifigenus
884 3280 981 3320 omne
1000 3266 1190 3317 exscindere
1211 3265 1361 3314 Phoebi,

2173 544 2276 613 585
2317 548 2431 605 Ads-

1448 676 1538 712 Tum
1561 686 1642 714 vero
1666 677 1793 726 optatis
1805 678 1941 727 potitur
1969 689 2118 701 —·=·

1395 753 1558 795 Phaedra
1579 755 1651 803 ipsa
1673 755 1770 804 apud
1788 755 1968 793 Senecam
1990 755 2026 793 in
2049 733 2293 807 Hippolyto:

1453 820 1598 869 Stirpem
1616 821 1729 870 perosa
1749 819 1832 857 Solis
1853 819 1961 870 invisi
1980 825 2111 865 Venus,

1455 877 1521 908 Per
1541 884 1599 908 nos
1617 882 1755 908 catenas
1776 871 1941 907 vindicat
1961 873 2094 908 Martis
2103 870 2176 919 sui.

1405 934 1452 972 Et
1482 935 1528 972 de
1557 935 1628 984 ipsa
1658 937 1770 973 etiam
1798 938 2020 975 nominatim
2052 936 2264 986 Fulgentius
2297 939 2359 980 lib.
2389 953 2446 982 114-

1406 986 1623 1035 Mytholog.
1650 992 1758 1023 Venus
1778 987 1868 1024 enim
1885 1000 1963 1024 cum
1981 995 2101 1025 Marte
2111 989 2311 1034 concubuit,
2326 1006 2436 1041 quam

1406 1036 1460 1073 Sol
1476 1037 1658 1075 inveniens
1676 1037 1828 1074 Vulcano
1841 1038 2005 1087 prodidit.
2058 1039 2118 1076 Jlle
2136 1040 2328 1080 adamante
2346 1054 2438 1082 cate-

1407 1100 1469 1124 nas
1486 1089 1618 1137 affecit,
1646 1087 1829 1135 ambosque
1847 1088 1994 1136 religans
2007 1117 2018 1134 ‚
2048 1091 2125 1127 Diis
2136 1093 2280 1140 turpiter
2286 1095 2439 1142 jacentes

1406 1138 1560 1184 ostendit.
1612 1139 1679 1177 Illa
1701 1139 1817 1175 dolens
1848 1141 1999 1189 quinque
2016 1139 2108 1183 filias
2127 1141 2211 1179 Solis
2231 1157 2348 1181 amore
2361 1146 2439 1192 fiac·

1407 1189 1518 1226 cendit
1532 1218 1540 1234 ,
1570 1189 1608 1227 id
1626 1190 1669 1236 est
1689 1218 1698 1232 ‚
1727 1188 1919 1235 Pafiphaen
1937 1218 1948 1234 ,
1986 1190 2151 1228 Medeam
2166 1220 2176 1235 ‚
2211 1193 2410 1234 Phaedram
2423 1224 2437 1243 ,

1406 1242 1530 1277 Circen
1545 1270 1554 1285 ,
1584 1241 1722 1278 Dircen.
1773 1240 1954 1289 Idemque
1980 1241 2141 1289 produnt
2163 1244 2322 1283 Nonnus
2339 1247 2438 1285 Dio-

1406 1290 1541 1340 nyfiac.
1566 1292 1626 1329 lib.
1646 1303 1784 1329 xxxnt..
1810 1291 2013 1330 Eustathius
2032 1294 2069 1332 in
2088 1303 2178 1332 v111.
2205 1294 2305 1334 Iliad.
2343 1300 2437 1346 Quo

1405 1343 1562 1390 pertinet
1580 1342 1667 1380 illud
1689 1342 1868 1380 Phaedrae
1888 1342 2070 1385 scribentis
2092 1344 2136 1382 ad
2156 1346 2405 1398 Hippolytum
2425 1377 2438 1395 ,

1408 1393 1503 1442 apud
1523 1393 1911 1433 Ovidium-nostrumt

1458 1470 1625 1521 Forfitam
1648 1472 1830 1521 huncfato
1844 1473 1975 1522 generis
1995 1475 2183 1512 reddamus
2197 1489 2369 1524 amorem,

1511 1528 1557 1561 Et
1579 1531 1686 1562 Venas
1704 1538 1746 1562 ex
1765 1536 1838 1563 tota
1851 1535 1951 1574 gente
1968 1525 2102 1563 tributa
2117 1526 2215 1575 petit.

1409 1607 1667 1658 Quamobrem
1685 1607 1912 1657 Hippolytus
1932 1607 1981 1646 ob
2000 1607 2290 1657 indignationem
2313 1613 2443 1653 Vene-
2478 1604 2483 1612 ’

1410 1664 1454 1698 ris
1477 1658 1618 1709 periisse
1640 1660 1806 1703 videtur,
1836 1671 1920 1698 cum
1939 1659 1996 1697 illa
2018 1660 2216 1699 Phaedram
2236 1675 2444 1704 novercam

1412 1713 1448 1749 in
1471 1712 1548 1759 eius
1571 1722 1739 1748 amorem
1770 1711 1959 1748 stimularit
1974 1737 1984 1753 ,
2010 1722 2104 1759 quae
2132 1711 2175 1749 ab
2197 1725 2244 1750 eo
2261 1716 2454 1762 repulsam

1411 1760 1503 1812 paffa
1524 1763 1798 1810 praeoccupatis
1820 1760 1953 1798 Thesei
1974 1761 2139 1807 auribus,
2167 1764 2320 1809 crimen,
2336 1767 2440 1816 quod

1412 1822 1487 1851 erat
1524 1812 1630 1860 ipsius
1663 1814 1850 1860 proprium
1877 1840 1886 1854 ,
1923 1812 1960 1849 in
2001 1811 2102 1850 illum
2138 1814 2324 1853 transtulit.
2377 1819 2439 1855 An

1413 1864 1639 1913 Hippolytus
1660 1862 1708 1901 ob
1729 1864 1818 1901 iram
1843 1863 1999 1900 Veneris
2022 1864 2264 1912 interemptus
2287 1866 2417 1906 dicitur
2430 1897 2452 1913 2,

1412 1915 1514 1964 quod
1537 1915 1580 1952 ab
1607 1913 1682 1960 ipso
1710 1916 1790 1951 Dea
1813 1923 2136 1960 contemneretur,
2167 1916 2267 1954 velut
2288 1919 2449 1959 innuere,

1414 1966 1559 2005 videtur
1579 1965 1738 2002 Ovidius
1752 1965 1811 2002 lib.
1824 1977 1856 2002 v.
1884 1964 2096 2002 Fastorum:

1465 2028 1641 2079 Hippolyte
1657 2029 1780 2073 infelix
1795 2057 1805 2072 ‚
1832 2027 1936 2064 velles
1956 2027 2084 2075 colaiffie
2110 2029 2282 2076 Dionem,

1521 2086 1614 2118 Cum
1639 2079 1858 2126 consternatis
1876 2078 2065 2127 diripereris
2083 2081 2189 2130 equis.

1416 2153 1534 2202 quue
1556 2152 1666 2190 fufius
1697 2151 1852 2190 declarat
1875 2152 2067 2199 Euripides
2093 2154 2129 2189 in
2146 2152 2355 2202 Hippolyto
2379 2165 2443 2192 co-

1416 2213 1572 2248 ronato,
1602 2203 1698 2250 apud
1725 2214 1837 2252 quem
1871 2203 1989 2240 Diana
2008 2202 2159 2251 indigne
2186 2204 2306 2242 ferens
2324 2206 2443 2242 hone-

1411 2254 1546 2293 stiffimi
1569 2252 1806 2291 adolescentis
1825 2253 2013 2290 interitum
2036 2281 2045 2298 ,
2073 2254 2174 2302 cujus
2194 2255 2298 2303 culpa
2319 2256 2452 2293 omnis

1412 2306 1583 2344 haerebat
1610 2306 1646 2342 in
1680 2305 1829 2341 Venere
1849 2332 1858 2347 ,
1895 2304 2055 2342 minatur
2075 2316 2152 2341 non
2175 2305 2328 2354 impune
2351 2307 2443 2345 latu-

1412 2368 1509 2394 rarn:
1541 2367 1627 2393 nam
1652 2354 1685 2392 se
1705 2354 2145 2403 quoqueinterfeeturam
2165 2356 2350 2406 aliquem,
2377 2357 2442 2407 qui

1412 2408 1551 2445 Veneri
1572 2404 1711 2444 eximie
1730 2417 1830 2443 carus
1853 2405 1912 2448 fit,
1942 2413 1981 2443 ut
1997 2406 2107 2453 ipsam
2133 2410 2207 2454 pari
2226 2408 2442 2445 doloreaffi-

1413 2459 1498 2496 ciat.
1548 2457 1746 2495 SALVAGN.
1776 2455 2443 2505 Venerisperituresmeliores.Herus.

1411 2509 1455 2545 ab
1473 2509 1527 2546 ira
1548 2509 1659 2546 etiam
1674 2508 1809 2556 Regius
1825 2519 1928 2546 unus.
1941 2507 2167 2545 moribundas
2179 2508 2266 2546 editi
2288 2510 2439 2557 quidam

1413 2561 1451 2597 δί
1472 2560 1608 2608 septem
1625 2558 1753 2606 scripti.

1467 2610 1550 2655 581·
1577 2617 1715 2659 Propter
1744 2618 1816 2658 opes
1841 2606 2009 2656 nimian]
2046 2607 2275 2656 Polydorum
2299 2608 2387 2647 dicit
2418 2609 2440 2648 a

1411 2660 1694 2710 Polymnestore
1724 2659 1900 2697 occisum.
1960 2659 2206 2696 INTERPRES.
2250 2660 2370 2698 Vatic.
2402 2662 2442 2699 &

1414 2713 1519 2751 Maff.
1540 2720 1612 2760 opes
1630 2723 1785 2759 magnas.
1812 2711 1943 2758 placet.
1967 2709 2028 2747 lib.
2050 2721 2136 2747 xm.
2166 2711 2418 2760 Metamorph.

1642 2779 1904 2829 Polymnestoris
1925 2778 1998 2816 illic

1464 2833 1566 2881 Regia
1587 2833 1684 2869 dives
1704 2842 1800 2874 erat,
1826 2830 1880 2867 cui
1900 2840 1932 2866 te
1951 2830 2116 2879 commisit
2139 2830 2305 2869 alendum

1464 2885 1570 2923 Clam
1584 2911 1593 2927 ‚
1624 2881 1805 2931 Polydore‚
1830 2891 1928 2931 pater
1943 2908 1953 2926 ,
1984 2880 2205 2933 Phrygiisque
2227 2883 2376 2921 removit
2396 2884 2441 2922 ab

1542 2946 1653 2971 armis

1469 2984 1664 3030 confilium
1683 2984 1840 3032 sapiens,
1861 2982 1996 3029 sceleris
2017 2980 2082 3028 nisi
2096 2983 2249 3031 praemia
2271 2997 2418 3035 magnas

1467 3036 1657 3085 'Adjeciffet
1674 3043 1763 3083 opes,
1791 3033 1904 3070 animi
1922 3033 2108 3070 irritamen
2124 3034 2244 3072 avari.

1422 3107 1484 3146 De
1496 3106 1710 3154 Polydoro,
1739 3104 2090 3153 &Polymnestore,
2117 3103 2264 3142 lib.111.
2286 3105 2444 3146 Aeneid.

1368 3198 1370 3201 ,
1423 3160 1462 3196 &
1488 3160 1523 3197 in
1552 3157 1707 3196 Hecuba
1729 3156 1922 3203 Euripidis.
1963 3155 2130 3191 Ciomu.
2167 3155 2233 3193 Per
2262 3157 2442 3204 hospitem

1420 3208 1678 3261 Polymnestor
1691 3236 1702 3255 ,
1725 3218 1788 3257 per
1807 3207 1998 3243 alumnum
2015 3204 2219 3254 Polydorus
2237 3207 2446 3257 intelligen-

1418 3261 1482 3301 di..
1517 3261 1679 3314 {tianius
1709 3259 1811 3300 enim
1835 3256 1954 3306 Regni
1974 3255 2026 3294 sui
2057 3255 2286 3297 eversionem
2308 3260 2446 3316 prospi-

2319 3321 2418 3348 ciens
2432 3338 2460 3357 ,,
