2547 3708
740 116 1446 181 PERJ.MASSON.
2043 149 2134 193 119

33 237 194 274 annum
211 216 419 268 Abrahae
440 210 818 263 MMXXXHI.
850 213 931 276 qui
953 212 979 260 a
994 213 1254 277 Septembri
1274 213 1518 279 superioris
1543 218 1650 266 anni
1673 219 1970 271 decurrebat:
2008 228 2134 276 Ovi-

33 304 173 346 mus,
206 287 296 345 ait,
330 284 467 329 Poe'ta
488 283 532 327 in
553 281 688 341 exstlio
714 279 821 325 diem
843 280 971 338 obiit,
1006 279 1206 339 &juxta
1228 284 1416 341 oppidum
1445 280 1585 330 Tomos
1598 285 1812 348 sepelitur.
1868 289 2004 346 Quae
2025 308 2134 353 pro-

32 353 277 409 culdubio,
313 363 407 394 non
431 345 553 392 secus
577 360 628 390 ac
649 344 734 391 alia
755 343 812 390 de
825 344 953 392 Viris
979 343 1230 391 Illustribus
1257 346 1479 409 plurima,
1506 363 1741 397 mutuatus
1764 351 1829 399 est
1855 350 2134 404 aSuetonio.

95 416 262 479 Qoad
289 411 450 461 Ovidii
461 409 724 474 sepulchrum
750 407 918 472 spe&at
934 443 948 468 ,
982 424 1121 472 grave
1145 426 1240 455 non
1265 413 1351 458 erit
1377 412 1456 458 hic
1480 414 1760 477 apposuisse,
1795 434 1909 481 quae
1936 419 2136 482 Stepha-

30 499 111 530 nus
131 479 369 529 Zamofius
392 479 439 523 in
464 474 694 522 Anale6fis
721 476 891 521 Daciae
915 475 1267 537 Antiquitatum
1296 477 1356 538 (a)
1373 477 1566 540 profert.
1611 482 1880 539 „Eusebius
1905 482 2064 530 scribit
2090 486 2134 532 in

28 583 60 609 „
96 546 344 594 Chi-onicis
371 541 601 590 Ovidium
628 542 823 597 Tomis,
859 540 1035 603 oppido
1065 539 1272 587 Moesiae
1308 543 1568 603 inferioris,
1602 546 1690 592 effe
1715 546 1975 610 sepultum,
2012 551 2137 612 quod

27 647 60 674 „
93 627 213 658 nunc
241 607 504 657 Tomes-Vdr
526 607 612 652 css'e
635 617 853 668 putatur,
889 607 937 650 in
961 604 1132 651 finibus
1160 607 1330 652 Daciae
1352 608 1526 655 etiamsi
1550 611 1599 656 in
1622 627 1676 658 eo
1698 611 1996 660 describendo
2022 616 2135 662 varii

27 711 60 738 „
96 676 180 723 {int
203 690 392 722 veteres.
459 674 694 718 Pontanus
715 683 868 715 autem
893 670 939 714 in
962 669 1111 716 Libro
1133 670 1190 716 de
1218 673 1606 735 magnificentia,
1641 692 1740 740 cap.
1773 693 1843 737 15.
1877 680 2048 738 tradit,
2076 696 2135 727 ex

27 777 60 803 „
95 757 172 787 ore
206 740 407 803 Georgii
441 735 778 799 Trapezuntii,
813 734 1097 780 Tomitanos
1122 736 1317 798 Scythas
1342 740 1523 785 ovidio
1548 742 1722 788 Poetae
1758 745 1853 790 vita
1884 744 2135 806 defundffl,

24 841 57 868 „
94 806 260 853 collata
286 821 309 851 c
333 802 523 868 publico
550 800 769 864 pecunia,
792 813 985 862 propter
1009 801 1183 863 ingenii
1208 802 1498 850 nohiiitatem
1524 806 1722 868 tymbon
1750 809 1998 872 magnifice
2024 809 2137 857 stru-

25 907 58 932 „
93 872 231 930 xisse,
265 884 370 917 ante
395 866 553 930 oppidi
576 877 755 928 portam
774 898 789 924 ,
825 865 871 909 in
896 865 1004 910 loco
1031 867 1233 911 maxime
1257 867 1450 914 celebri:
1486 872 1695 932 quamvis
1717 873 1823 933 ille,
1860 875 1908 921 &
1930 875 2134 938 peregri-

26 971 60 997 „
95 953 176 981 nus
203 936 334 991 esset,
368 933 415 978 Sc
436 931 491 978 ab
518 929 736 994 Augusto
767 928 953 976 Caesare
979 929 1279 993 proscriptus.
1350 933 1528 980 Verum
1566 936 1683 983 hanc
1715 937 1949 1002 utriusque
1975 942 2136 1003 conje-

27 1037 62 1062 „
94 1000 268 1047 &uram
305 997 615 1044 recentiorum
649 995 934 1057 experientia
969 995 1246 1043 emendavit.
1317 998 1494 1045 Sci-ibit
1526 1003 1648 1047 enim
1685 1001 1854 1065 Caspar
1876 999 2137 1051 Bruschius

25 1101 58 1128 „
92 1082 209 1112 anno
239 1062 376 1124 1508.
413 1059 578 1108 Ovidii
602 1059 892 1123 sepulchrum
909 1095 924 1119 ,
947 1060 1180 1123 lapideum
1205 1077 1516 1123 cameratum,
1539 1068 1871 1132 epitaphioque
1894 1084 2104 1116 ornatum
2121 1104 2136 1127 ,

25 1166 58 1192 „
95 1132 142 1177 in
168 1129 342 1193 oppido
371 1126 550 1174 Sabaria
574 1126 720 1189 patria
741 1125 857 1172 Divi
884 1126 1081 1172 Martini
1104 1127 1356 1191 Episcopi,
1389 1129 1475 1175 csse
1498 1132 1755 1178 inventum.
1824 1132 1879 1179 {d
1912 1135 2136 1198 oppidum

28 1232 63 1258 „
98 1197 145 1242 in
168 1194 399 1242 Pannonia
432 1193 662 1254 superiore
693 1191 986 1238 Ptolemaeus
1023 1195 1186 1255 ponit,
1223 1195 1353 1258 cujus
1385 1197 1599 1243 meminit
1630 1197 1833 1258 Plinius,
1870 1200 2138 1246 Antoninus

24 1297 59 1325 2,
94 1261 139 1308 in
160 1260 420 1317 itinerario,
455 1257 728 1304 Ammianus
751 1257 798 1302 δί
823 1256 914 1303 alii.

89 1325 297 1374 Ortelius
322 1339 462 1382 vero,
496 1334 550 1368 ut
572 1323 664 1368 hoc
690 1321 962 1380 inseramus,
995 1321 1053 1367 de
1075 1323 1259 1370 Sabas-m
1282 1323 1504 1372 scribens:
1540 1359 1574 1385 „
1590 1326 1772 1373 Sabaria
1788 1361 1802 1387 ,
1838 1328 2018 1391 inquit,
2046 1328 2137 1376 La=

0 1392 1 1407 ³
25 1426 61 1452 „
95 1393 169 1439 zio
198 1389 265 1453 (b)
287 1388 497 1436 Austriae
529 1387 757 1452 oppidum
779 1387 845 1434 est
867 1387 922 1434 ad
945 1388 1162 1452 Angrum
1198 1388 1397 1436 fluvium
1432 1392 1623 1438 nominc
1648 1393 1788 1440 Smin.
1823 1392 1997 1456 Gaspar
2020 1395 2138 1440 Bru·

26 1490 61 1518 „
93 1457 242 1504 schius
265 1455 382 1502 dicit
407 1453 487 1501 hic
512 1470 634 1500 anno
659 1453 921 1500 MDVIII.
955 1451 1250 1515 sepulchrum
1277 1457 1459 1504 Ovum
1488 1457 1728 1505 NASONIS
1763 1459 2033 1518 inventum,
2069 1473 2138 1506 te·

25 1556 62 1585 ,‚
95 1521 268 1569 studine
290 1519 595 1584 magnificum
611 1552 627 1578 ,
663 1518 709 1564 &
733 1517 828 1565 hoc
855 1519 1097 1582 epitaphio
1123 1533 1367 1568 ornatum:

217 1588 415 1635 FATUM
453 1600 820 1632 NECESSITArxs
857 1599 959 1630 Lux

151 1653 239 1702 Hic
249 1657 360 1715 sttus
383 1652 438 1715 est
460 1652 621 1709 Vates,
654 1666 771 1712 quem
792 1650 887 1696 divi
912 1649 1105 1711 Cacstzris
1129 1653 1198 1698 ira

213 1718 419 1782 Augusti,
445 1719 596 1779 patria
619 1717 751 1762 cedere
761 1715 884 1777 juffit
905 1715 1044 1763 humo.

151 1785 278 1846 Saepe
297 1783 419 1847 miser
439 1785 576 1830 voluit
591 1784 748 1843 patriis
775 1782 1000 1828 occumbere
1022 1785 1173 1842 terris,

215 1851 298 1898 Sed
309 1849 507 1912 frustra,
543 1848 648 1894 hunc
668 1846 853 1909 illisam
874 1847 1014 1894 dedere
1037 1850 1182 1894 locum.

21 1915 120 1976 At,
155 1930 212 1962 ne
235 1914 291 1960 de
317 1915 484 1960 horum
520 1912 777 1959 carminum
808 1910 1035 1974 elegantia
1068 1911 1377 1975 disputemus,
1410 1914 1490 1961 vix
1516 1913 1736 1961 credibile
1769 1913 1978 1972 videtur,
2013 1917 2136 1964 Ovi·-

22 1981 151 2028 dium
180 1981 412 2037 Sabariae,
446 1993 560 2041 quae
581 1976 672 2023 fuit
695 1980 720 2021 a
739 1976 910 2022 Tomis
936 1976 1057 2022 haud
1079 1993 1239 2040 parum
1264 1977 1411 2025 diffita
1437 1979 1590 2038 Urbs,
1625 1978 1920 2041 sepulchrum
1954 1980 2137 2027 habuis-

22 2046 92 2105 se,
127 2046 329 2091 maxime
363 2060 470 2090 cum
497 2042 814 2104 Hieronymus
844 2039 1008 2087 diserte
1043 2040 1236 2101 scribat,
1271 2059 1375 2089 eum
1402 2045 1534 2106 juxta
1565 2046 1752 2105 oppidum
1776 2043 2137 2108 meossepultum

21 2110 163 2158 fuisse.
233 2110 346 2156 Nec
371 2108 416 2154 id
448 2105 693 2154 verisimile
725 2103 869 2152 efficit
902 2105 1027 2169 quod
1053 2108 1269 2168 Zamofius
1302 2107 1568 2172 subjungit:
1604 2109 1808 2168 „Credo
1844 2122 1997 2156 autem
2028 2126 2137 2157 eum

21 2209 56 2237 „
91 2173 357 2235 (Ovidium)
393 2189 488 2219 non
514 2188 608 2218 uno
633 2172 682 2216 in
704 2170 812 2216 loco
835 2171 1113 2231 constitisse,
1146 2171 1220 2218 sed
1245 2173 1292 2218 in
1307 2174 1562 2220 Pannonias
1587 2174 1865 2237 quandoque
1886 2175 2135 2235 divertisse,

24 2274 67 2302 „
92 2255 144 2288 ut
177 2239 381 2286 taedium
419 2236 673 2284 solitudinis
708 2235 910 2293 levaret,
945 2234 1194 2282 doftorum
1226 2238 1433 2284 virorum
1471 2238 1739 2298 consortio,
1774 2240 1854 2302 qui
1890 2240 2040 2286 isthuc
2079 2257 2137 2287 ex

23 2340 58 2367 „
94 2305 223 2352 Italia
243 2305 502 2368 frequentes
525 2300 956 2359 adventabant,ubi
980 2316 1086 2347 eum
1113 2301 1298 2348 tandem
1325 2319 1448 2350 mors
1471 2303 1692 2366 insperata
1717 2305 2001 2368 oppresserit.
2041 2305 2139 2351 Ab·

26 2370 206 2418 surdum
243 2370 365 2416 enim
404 2367 586 2432 prorsus
623 2367 715 2425 est,
751 2365 932 2413 Ovidio
969 2366 1143 2413 licuisse
1176 2380 1270 2413 tam
1302 2367 1445 2432 longe
1476 2369 1532 2414 ab
1557 2368 1704 2415 exfilii
1738 2369 1846 2415 loco
1879 2371 2135 2430 divertere,

23 2436 95 2483 vel
129 2437 265 2482 etiam
290 2436 400 2481 dum
426 2432 650 2480 exsularet
672 2432 1010 2478 commercium
1034 2448 1144 2478 cum
1170 2432 1266 2478 aliis
1289 2434 1514 2480 Romanis
1539 2434 1648 2480 illuc
1677 2434 2031 2481 adventantibus
2051 2435 2135 2481 ha-

22 2499 189 2558 buisse;
227 2500 449 2564 fiquidem
483 2500 575 2545 hoc
610 2496 830 2561 nusquam
853 2496 1047 2544 verbulo
1069 2498 1235 2544 innuit.
1306 2498 1616 2545 Verifimilior
1639 2498 1747 2546 esset
1772 2502 1909 2546 Lazii
1933 2504 1994 2562 (c)
2020 2516 2134 2545 con-

16 2566 193 2630 jecstura
225 2566 281 2612 de
306 2566 486 2613 Sabaria
509 2563 771 2610 scribentis:
808 2562 1078 2622 „Relatum
1094 2596 1109 2620 ,
1124 2563 1213 2620 ait,
1229 2562 1294 2608 est
1318 2564 1433 2609 mihi
1458 2563 1654 2627 denique
1677 2581 1700 2610 a
1723 2564 1814 2611 fide
1837 2565 1981 2628 digno
2005 2563 2133 2622 sene,
2205 2624 2210 2628 ι

20 2663 54 2691 „
88 2631 309 2678 Friderici
345 2632 473 2678 tertii
498 2627 697 2677 Caesaris
726 2641 875 2675 aetate
912 2627 1148 2674 tumulum
1184 2626 1394 2675 effossum
1423 2645 1529 2675 cum
1568 2628 1762 2688 offibus,
1798 2632 1847 2676 in
1870 2632 1998 2692 cujus
2020 2630 2131 2675 saxis

24 2727 60 2756 „
92 2697 154 2742 P.
175 2697 327 2742 Ovidii
351 2697 536 2759 Nafimis
572 2693 798 2756 adscripta
831 2693 1033 2741 fuissent.
1100 2694 1261 2757 anue
1292 2692 1556 2754 aJaurienfi
1586 2694 1855 2758 Episcopo,
1890 2697 2020 2758 cujus
2057 2694 2132 2739 illa

21 2793 56 2821 „
91 2759 155 2807 est
181 2760 446 2820 Dioecesis,
477 2760 624 2808 ablata
657 2758 757 2806 esse.
793 2759 867 2806 Ut
891 2758 1169 2806 credendum
1198 2758 1282 2816 fit,
1315 2757 1515 2805 exsulem
1542 2759 1769 2807 Ovidium
1787 2794 1802 2818 ,
1838 2759 2131 2822 posteaquam

25 2858 60 2885 „
91 2827 336 2888 impetrata
371 2827 543 2887 gratia,
578 2823 603 2872 ἐ
626 2827 784 2873 Ponto
816 2823 1042 2884 rediiffet,
1079 2824 1286 2871 sabariae
1322 2822 1456 2870 rebus
1481 2825 1691 2870 humanis
1715 2837 1986 2889 exemptum
2010 2823 2130 2882 effe,

28 2922 66 2950 ‚,
93 2891 141 2938 ὃς
164 2889 408 2954 sepultum.

92 2954 178 3004 Sed
202 2957 312 3002 haec
338 2970 434 3001 non
455 2951 577 2999 secus
599 2969 651 2999 ac
679 2954 754 2999 illa
777 2969 884 3000 cum
909 2953 1189 3016 Hieronymi
1214 2952 1482 3001 testimonio
1503 2953 1686 3002 adversa
1709 2952 1862 3001 fronte
1885 2966 2094 3018 pugnant
2110 2974 2128 3010 3

33 3034 114 3066 nec
146 3020 264 3068 ullus
299 3019 466 3066 dubito
482 3052 499 3078 ,
535 3018 648 3081 quin
678 3018 752 3064 illa
787 3018 844 3065 de
868 3019 1038 3067 Nostri
1064 3019 1247 3065 tumulo
1271 3020 1476 3067 Sabaride
1502 3032 1687 3082 reperto
1715 3019 2050 3066 narratiuncula
2073 3017 2130 3127 fig

2075 3099 2098 3127 a

86 3159 143 3211 (a)
169 3161 266 3215 Cap.
288 3176 327 3215 4.
345 3175 430 3217 pag.
462 3172 522 3213 ¹7-
555 3160 605 3200 ad
641 3161 800 3200 calcem
828 3157 1076 3216 Wolfgangi
1107 3160 1223 3204 Lazii
1246 3161 1532 3204 Commentar.
1556 3159 1607 3201 de
1624 3158 1728 3214 Rep.
1753 3159 1881 3202 Rom.
1903 3160 1986 3201 An.
2012 3156 2126 3210 1598.

88 3213 150 3265 (b)
177 3215 412 3260 Comment.
433 3215 551 3269 Reip.
570 3213 697 3258 Rom.
721 3212 814 3255 Lib.
835 3211 936 3255 ΧΠ.
955 3227 991 3255 c.
1015 3228 1052 3256 7..

71 3266 242 3320 -(c)Lib.
264 3271 329 3312 cit.
353 3283 389 3323 p.
412 3271 503 3324 967.
