2547 3708
571 147 1542 204 maxumin-Troiane.v
2008 166 2102 231 ως

38 240 460 327 vepfflemffi'ffiffl
473 235 575 302 sien
588 243 727 313 qued
751 236 844 296 ulia
862 244 1169 289 ‘annotatione
1185 243 1329 312 digna
1350 242 1551 312 putarim
1569 277 1584 309 ‚
1601 258 1737 313 quam
1759 259 1815 298 ut
1836 249 1885 298 δε
1903 261 1990 300 vos
2005 255 2100 312 ,Eu

6 282 746 394 {quentssi‘ffiffiiffdvoeatfflesstc
771 317 958 380 per³yos
981 307 1164 354 studiosi
1191 313 1706 377 omnes-cognb‘scerent
1731 313 1981 362 istiusmodi
2003 318 2099 364 ine-

7 398 119 460 ptias
153 386 262 434 meis
293 378 653 429 enarrationibus
680 374 803 420 nulla
836 372 919 418 alia
954 372 1017 418 de*
1047 372 1176 418 causa
1205 387 1230 420 'a
1259 373 1477 425 scelerato
1511 379 1589 425 illo
1615 379 1798 426 librario
1821 379 1949 426 fuifl‘e
1969 381 2100 427 ascri-

9 471 128 523 ptas,
152 464 285 514 quam
308 457 360 491 ut
383 459 456 490 me
479 456 668 503 meaque
693 440 847 485 omnia
869 449 1120 494 evertere-t,
1135 453 1187 483 ac
1209 439 1381 504 ubique
1403 443 1452 490 ὅ(
1477 444 1525 490 in
1548 459 1684 490 omne
1708 456 1889 507 tempi-,5
1914 444 2103 491 infima-

7 534 98 578 ret,
130 512 366 573 ansamque
390 506 552 555 invidis
573 521 624 551 ac
651 500 906 550 semidofitis
928 500 1192 564 quibusdam
1220 505 1267 549 in
1292 523 1366 552 me
1390 502 1701 555 debacchandi
1726 509 1973 574 praeberet.
2008 509 2102 556 Va*

11 587 96 634 lete
111 615 125 641 ,
153 574 385 625 clariffima
408 570 695 633 eloquentiae
720 565 998 628 Senatusque
1022 566 1193 613 Veneti
1217 584 1498 620 ornamenta.

474 656 1058 728 *EJUSDEM
1126 642 1548 711 IBIDEM.

10 749 391 819 PAULO
491 742 1271 820 CORNELIO,
1367 744 2101 809 PATRITIO

305 846 490 894 Veneto
505 878 521 903 ,
536 841 811 890 Doctiffimo
827 840 1256 904 Sapientiflimoque
1279 846 1490 892 Senatori
1516 844 1794 894 felicitatem.

106 941 158 988 X
192 937 438 988 releffione
466 950 670 982 mearum
709 935 756 980 in
792 932 957 981 Ovidii
983 935 1392 999 Metamorphosin
1424 939 1789 996 enarrationum,
1823 953 1929 1000 quas
1962 934 2106 984 Osta-

127 1005 283 1054 vianus
305 1001 486 1066 quidam
515 1001 657 1047 Scota
679 1000 881 1061 primum
907 998 1126 1060 impreffit
1141 1034 1156 1058 ,
1170 1000 1448 1064 deprehendi
1469 1019 1604 1066 quam
1626 1003 1824 1065 plurima
1845 1002 1892 1048 &
1911 1000 2109 1050 foediffi-

9 1087 82 1120 me
115 1066 425 1133 quidem,five
449 1065 737 1113 librariorum
765 1064 970 1121 incuria,
1010 1062 1099 1111 five
1124 1065 1387 1111 invidorum
1424 1068 1709 1130 quorundam
1736 1065 2108 1128 conspiratione;

12 1132 101 1185 five
135 1134 290 1198 potius
324 1144 525 1193 utroque«
555 1128 684 1176 fuisse
714 1128 987 1190 depravata,
1020 1127 1070 1175 &
1107 1144 1179 1174 me
1204 1146 1390 1193 quoque
1417 1132 1526 1178 dum
1553 1132 1742 1178 librariis
1765 1130 1869 1194 ipsis
1889 1131 1942 1176 ad
1967 1130 2110 1177 finem

10 1196 361 1265 properantibus
385 1203 561 1241 morem
585 1207 771 1256 gerere,
796 1208 931 1255 quam
967 1195 1268 1256 praecipienti
1295 1196 1526 1255 Horatio,
1560 1209 1613 1243 ut
1636 1194 1781 1259 siquid
1806 1194 2041 1242 scribimus
2064 1196 2112 1242 in

11 1262 196 1328 aliquod
218 1275 399 1322 tempus
432 1270 682 1321 reponatur
705 1272 1006 1320 nonnumque
1028 1272 1262 1321 prematur
1282 1261 1328 1306 in
1348 1275 1515 1306 annum
1531 1294 1546 1319 ,
1580 1276 1736 1323 parere
1762 1260 1911 1318 malo,
1937 1261 1982 1306 in
2011 1260 2112 1322 qui-

12 1327 195 1377 busdam
230 1324 400 1388 lapsum
420 1324 507 1370 esse
529 1322 845 1369 animadverti.
913 1321 1048 1377 Quae
1074 1322 1260 1386 quidem
1284 1324 1365 1370 nisi
1390 1326 1436 1371 in
1463 1326 1547 1371 hac
1570 1323 1762 1370 secunda
1784 1324 1986 1370 editione
2009 1339 2113 1369 cor·

13 1391 216 1441 rexiss‘em
232 1388 376 1448 ‚Sede
400 1387 554 1434 studiis
576 1387 691 1433 male
714 1387 900 1433 meritus
918 1386 1082 1446 essem,
1099 1387 1146 1433 &
1171 1388 1262 1434 istis
1284 1389 1682 1453 vitiiitigatoribus
1698 1389 1804 1452 ,qui
1831 1388 1905 1434 vel
1930 1403 1980 1434 ea
2002 1402 2115 1450 quae

16 1455 131 1505 reeta
162 1453 291 1513 sunt,
326 1453 539 1500 damnare
563 1451 739 1511 solent,
772 1451 917 1497 ansam
954 1453 1199 1498 maximam
1241 1454 1287 1499 in
1323 1469 1395 1499 me
1429 1453 1737 1501 debacchandi
1776 1452 2022 1515 praebuisse
2046 1453 2116 1499 vi-

16 1516 108 1570 deii
127 1518 322 1583 possem.
393 1518 543 1564 Nunc
565 1531 678 1565 vero
704 1531 811 1561 cum
840 1531 890 1562 ea
920 1530 1037 1578 quae
1069 1532 1178 1563 cum
1205 1516 1521 1577 festinatione,
1559 1531 1661 1565 tum
1686 1517 1876 1563 istorum
1903 1516 2116 1580 maligni-

17 1580 109 1634 terte
134 1583 378 1647 depravata
411 1582 500 1628 effe
533 1582 581 1627 in
615 1579 868 1627 transcursu
894 1582 1128 1644 cognovi,
1163 1583 1438 1628 emendarim
1458 1617 1472 1641 ,
1508 1582 1555 1628 &
1580 1583 1727 1629 bonae
1750 1581 1914 1627 mentis
1933 1581 2119 1644 juveni-

17 1649 98 1698 bus
116 1649 296 1712 optime
317 1645 617 1702 consuluifle,
654 1645 702 1692 &
726 1660 776 1691 os
803 1645 895 1691 istis
919 1645 1306 1693 obt1·e5tatoribus
1330 1649 1392 1694 ita
1416 1646 1575 1694 videor
1598 1645 1895 1703 obstruxisse,
1930 1658 1982 1692 ut
2004 1645 2119 1691 Cer-

19 1713 114 1762 beri
145 1723 276 1759 'more
305 1727 445 1758 vanos
479 1710 703 1756 duntaxat
738 1710 922 1756 latratus
958 1711 1004 1755 in
1029 1727 1151 1757 auras
1173 1712 1340 1758 rabiem
1367 1712 1486 1758 suam
1513 1711 1760 1757 indicantes
1782 1709 1912 1755 edere
1935 1709 2120 1772 poffint.

22 1777 142 1834 Qus
174 1777 298 1824 enim
330 1775 414 1823 nisi
437 1774 677 1837 impudens
699 1773 925 1837 vanusque
949 1774 1117 1821 nebulo
1143 1777 1261 1823 illius
1285 1779 1463 1840 operis,
1500 1775 1624 1839 quod
1649 1791 1721 1821 me
1745 1775 1791 1820 δε
1814 1773 1955 1819 inscio
1981 1774 2029 1821 ὃς
2051 1775 2122 1820 in-

23 1843 120 1890 vito
152 1844 268 1889 citra
297 1841 435 1887 ullam
469 1840 816 1903 castigationem
858 1855 1003 1885 meam
1045 1839 1097 1886 sit
1118 1841 1293 1887 editum
1311 1876 1326 1900 ,
1361 1857 1533 1888 errores
1559 1857 1680 1903 quos
1693 1839 1765 1885 vel
1788 1841 1834 1884 in
1860 1837 2123 1899 primaedi-

26 1907 154 1953 tione
177 1940 193 1964 ,
239 1905 557 1951 emendaturus
591 1903 622 1950 fi
660 1903 855 1949 licuisset
883 1937 897 1962 ‚
940 1919 1060 1950 eram
1089 1939 1104 1963 ,
1148 1918 1201 1951 ut
1238 1905 1403 1953 Ovidii
1445 1921 1627 1952 carmen
1660 1905 1751 1951 istis
1790 1903 1991 1965 objicere
2019 1918 2123 1948 mo-

25 1969 132 2030 liar,
169 1970 216 2015 &
253 1970 299 2014 in
333 1968 526 2014 secunda
549 1969 757 2024 conexi,
792 1967 905 2012 mihi
927 1968 1113 2014 duxerit
1139 1970 1464 2031 imputandos?
1500 1970 1672 2031 Neque
1707 1970 1874 2030 ignoro
1905 1965 2125 2013 nonnulla

24 2035 72 2081 in
105 2034 189 2079 hac
222 2047 407 2094 quoque
441 2030 634 2076 secunda
671 2031 874 2084 editione
911 2031 958 2077 δί
985 2034 1094 2078 novi
1112 2033 1234 2078 istius
1259 2034 1444 2079 artificii
1470 2031 1740 2078 difficultate
1763 2032 1809 2076 &
1836 2031 2126 2077 librariorum

27 2094 198 2144 incuria
233 2097 414 2142 admiss‘a
439 2094 764 2157 deprehensum
798 2096 877 2140 iri:
915 2094 985 2141 sed
1006 2096 1080 2141 illa
1101 2109 1201 2142 tum
1227 2097 1371 2156 levia,
1405 2109 1505 2143 tum
1532 2111 1644 2159 quae
1671 2096 1803 2142 facile
1827 2094 2128 2158 unusquisque

27 2162 98 2209 vei
121 2160 418 2207 mediocriter
441 2158 600 2205 doctus
621 2159 737 2204 citra
759 2158 894 2204 ullam
921 2159 1281 2207 admonitionem
1306 2160 1441 2224 possit
1464 2161 1717 2207 emendare.
1785 2159 1918 2215 Quae
1941 2158 2128 2221 quidem

29 2238 190 2273 notatu
226 2224 365 2287 digna
398 2223 489 2269 istis
524 2222 829 2269 nebu-ionibus
860 2224 1071 2286 malignis
1098 2224 1230 2271 facile
1263 2224 1558 2272 videbuntur:
1595 2225 1672 2288 qui
1694 2222 1874 2271 tametsi
1896 2223 2011 2269 nihil
2032 2224 2130 2269 exi-

31 2290 226 2337 miorum
249 2305 442 2353 operum
467 2287 583 2334 citra
605 2287 767 2333 alienas
787 2286 1102 2349 expositiones
1125 2290 1381 2352 percipiant
1395 2323 1410 2349 ‚
1435 2290 1749 2353 praelegereve
1770 2287 1988 2345 audeant,
2010 2303 2129 2333 nun-

32 2367 161 2418 quam
197 2368 350 2400 tamen
381 2369 463 2416 per
497 2364 610 2415 quos
635 2350 922 2414 proficiunt,
955 2352 1149 2399 lacerare
1186 2352 1417 2400 desistunt.
1488 2353 1575 2401 Sed
1609 2366 1662 2400 ut
1696 2352 1775 2416 qui
1798 2352 1974 2397 milium
2002 2350 2131 2397 semi-

34 2432 142 2465 nant
165 2452 180 2476 ,
226 2417 496 2482 passerculos
532 2428 831 2463 contemnere
868 2417 916 2461 in
948 2417 1061 2462 trito
1105 2416 1168 2463 est
1199 2419 1483 2481 proverbio:
1532 2419 1608 2465 Sic
1644 2433 1734 2480 ego
1776 2432 1909 2462 vanas
1940 2415 2131 2461 istorum

34 2483 244 2541 voculaS,
258 2482 367 2527 dum
386 2481 540 2544 probis
551 2478 812 2544 doctisque,
827 2480 919 2527 hoc
942 2480 1006 2527 est
1029 2481 1099 2526 tui
1123 2480 1340 2528 similibus
1355 2482 1518 2541 ,Paule
1535 2481 1754 2539 Corneli,
1768 2480 1967 2543 placeam
1982 2513 1998 2538 ,
2012 2480 2131 2525 floc-

38 2546 229 2594 cifacere
251 2546 480 2592 consuevi.
517 2545 598 2592 Tu
623 2560 820 2606 namque
844 2545 918 2591 illa
942 2544 1046 2592 es&
1061 2546 1339 2593 modestia&
1354 2546 1587 2605 doctrina,
1602 2558 1655 2592 ut
1670 2560 1781 2608 quae
1795 2544 1910 2591 bene
1929 2543 2134 2590 scribun-

30 2619 143 2670 tur,
159 2612 357 2675 ingenue
371 2609 682 2657 commendes.
718 2609 853 2669 Qae
869 2625 978 2657 vero
993 2609 1284 2657 festinatione
1308 2612 1654 2658 librariorumve
1679 2610 1853 2656 incuria
1867 2620 2136 2672 peccantur,

40 2674 113 2722 illa
133 2676 334 2737 benigne
357 2675 556 2722 excuses.
592 2676 766 2738 Neque
786 2675 923 2721 etiam
946 2674 1073 2738 quod
1087 2690 1175 2738 ego
1188 2676 1434 2739 exemplari
1449 2675 1666 2736 deceptus
1680 2675 1727 2720 in
1738 2673 1975 2736 epitaphio
1990 2672 2137 2718 Phae'-

41 2739 185 2785 tontis
197 2739 342 2799 fatum
357 2774 370 2798 ,
386 2739 433 2786 &
457 2740 548 2803 legi
575 2738 623 2785 &
642 2738 860 2803 exposui,
895 2755 1002 2786 cum
1028 2737 1053 2785 a
1076 2739 1271 2803 pulchro
1294 2740 1415 2787 sensu
1437 2756 1530 2787 non
1553 2738 1793 2786 abhorreat
1809 2757 1818 2785 :
1833 2752 1949 2783 meas
1961 2737 2136 2783 idcirco

44 2803 346 2849 enarrationes
380 2805 424 2848 in
459 2804 674 2851 omnibus
703 2804 981 2867 abjiciendas
1006 2803 1090 2850 esse
1123 2805 1428 2864 existimabis,
1462 2805 1668 2868 quamvis
1691 2805 1853 2851 Saxum
1884 2817 1977 2848 non
1990 2801 2138 2862 fatum

46 2877 133 2930 ego
159 2881 346 2929 quoque
365 2866 620 2926 tester,esse
644 2869 904 2931 legendum.
940 2868 1064 2915 Cum
1091 2885 1200 2914 vero
1223 2871 1268 2915 in
1293 2886 1386 2916 non
1407 2869 1542 2916 nullis
1563 2869 1741 2914 literam
1763 2884 1848 2930 pro
1872 2867 2030 2924 litera,
2053 2865 2139 2928 syl*

45 2929 245 2978 hbainve
271 2947 356 2994 pro
380 2930 572 2993 syllaba,
597 2944 676 2978 aut
696 2932 946 2979 dffitionem
970 2935 1106 2980 etiam
1132 2949 1217 2996 pro
1239 2933 1440 2981 dictione
1466 2932 1661 2997 positam
1685 2930 1769 2978 esse
1792 2931 2066 2994 comperies:
2092 2928 2141 2976 id

14 2992 17 3041 l
48 3006 140 3042 non
161 2995 306 3051 mihi3
341 2994 412 3040 sed
439 2994 628 3042 librariis
659 2996 890 3058 flagitium
913 2995 1257 3044 adscribendum
1281 2996 1366 3044 esse
1387 2996 1576 3046 candide
1593 2995 1834 3061 judicabis.
1900 2994 1999 3053 Qui
2019 2994 2143 3040 enim

16 3060 17 3105 1
50 3057 264 3123 plerisque
285 3061 333 3106 in
348 3059 468 3106 locis
489 3077 586 3106 non
607 3059 742 3106 sentit
767 3060 969 3108 librarios
990 3063 1076 3109 esse
1090 3062 1388 3110 hallucinatos
1402 3065 1466 3121 ‚is
1481 3079 1574 3109 non
1596 3061 1972 3125 minusindignus
1983 3058 2047 3105 est
2061 3058 2140 3121 qui

16 3133 19 3162 ἓ
53 3122 211 3170 nostris
222 3123 622 3173 lucubrationibus
639 3126 855 3188 juvetur,
870 3141 1005 3189 quam
1027 3129 1107 3190 qui
1131 3128 1323 3191 pueriles
1335 3128 1435 3175 illos
1449 3141 1621 3173 errores
1632 3126 1917 3189 malignitate
1939 3138 2143 3188 quorun-

17 3202 20 3229 ί
55 3185 155 3238 dam
179 3189 441 3240 invidorum
466 3192 514 3239 in
535 3192 680 3257 prima
702 3189 905 3261 editione
924 3189 1132 3241 admissos
1154 3194 1200 3240 in
1223 3208 1297 3239 me
1317 3202 1450 3256 putat
1471 3190 1556 3239 effe
1581 3189 1852 3239 referendos,
1898 3186 2141 3249 Quamob-

63 3281 68 3285 .
99 3283 102 3285 .
268 3287 272 3289 ,
331 3288 334 3291 ,
1259 3256 1340 3303 Bb
1377 3271 1405 3305 2
2045 3264 2143 3297 rem
