2547 3708
359 140 458 197 '132
877 120 1938 175 DEDICATIONESET

362 236 451 285 que
485 235 580 285 quo
612 218 746 284 pacto
770 217 888 266 ferre
913 218 1117 282 poffem,
1151 233 1301 279 neque
1325 233 1417 280 quo
1441 216 1575 280 paeto
1598 216 1878 275 recusarem,
1912 212 2143 262 videbam.
2210 213 2258 261 Si
2284 214 2357 275 id,
2393 220 2473 268 cuin,
2521 255 2529 267 A,

360 286 402 332 se
434 284 510 332 ille
541 282 632 349 ipse
667 286 876 331 omnium
913 282 1192 331 doctisfimus
1221 283 1301 330 vix
1327 298 1483 345 parem
1504 281 1834 338 arbitrabatur,
1867 296 1989 342 ege,
2024 279 2105 341 qui
2129 277 2209 324 vix
2231 278 2342 325 haec
2365 282 2469 330 scri-

361 349 456 410 bo,
492 353 572 413 qui
598 350 740 397 literis
764 349 999 412 paululum
1025 347 1078 395 ad
1104 347 1296 394 modum
1321 346 1555 394 institutus
1575 347 1696 392 sum:
1734 345 1955 391 subirem:
1991 358 2084 388 non
2108 340 2283 402 solum,
2308 360 2365 391 ne
2387 363 2470 411 op-

361 416 616 478 primerer,
651 415 895 460 timebam:
932 412 1004 459 sed
1042 413 1191 459 multo
1226 414 1371 476 magis
1408 427 1463 457 ne
1494 408 1906 474 impudentissimus
1942 407 2180 471 judicarer.
2223 410 2470 472 quicquam

362 495 474 529 vero
507 480 682 538 oneriS,
717 479 842 540 quod
878 478 933 525 ab
969 478 1047 524 illo
1074 478 1188 523 mihi
1209 477 1478 541 impositum
1505 493 1555 522 ac
1577 475 1789 521 relietum
1816 473 1953 532 effet,
1988 471 2223 519 recusare:
2255 489 2403 537 neque
2425 493 2470 523 a·
2531 531 2534 539 Ι

360 546 513 604 mori,
549 562 642 607 quo
675 544 806 590 illum
841 543 1016 607 semper
1049 542 1317 606 prosecutus
1351 541 1475 589 sum:
1513 557 1660 604 neque
1687 539 1824 598 fidei,
1860 554 1996 602 quam
2022 537 2097 584 ille
2121 537 2177 583 de
2198 553 2274 584 me
2296 538 2491 603 semper¹

358 610 606 657 maximam
638 609 824 656 habuit:
862 610 1112 655 convenire
1149 607 1480 654 existimabam.
1549 604 1737 668 Suscepi
1771 605 1916 668 igitur
1950 602 2171 667 praesenti
2203 607 2385 652 animo:
2422 606 2469 654 ὃς
2532 642 2534 645 .

359 674 601 738 impudens
641 673 795 737 potius
820 673 1003 731 haberi,
1038 690 1174 736 quam
1197 671 1356 718 officio
1378 671 1523 717 deesse
1546 671 1704 718 volui:
1742 685 1798 715 ne
1820 669 1934 715 mihi
1956 681 2110 714 tamen
2130 667 2372 731 aliquando
2395 683 2471 719 aut

358 739 485 801 quod
508 738 641 784 semel
665 736 943 801 suscepissem
959 772 975 797 ,
1010 738 1230 800 abjicere,
1267 749 1345 783 aut
1378 735 1676 783 succumbere
1698 734 1875 781 necess‘c
1895 733 2029 803 esset,
2064 731 2184 779 reste
2217 733 2334 780 mihi
2357 750 2469 783 con·

356 803 558 863 sulturus
589 802 704 849 visus
727 802 851 862 sum,
887 803 919 850 fi
943 803 1069 866 quod
1095 804 1207 850 meis
1227 802 1401 850 viribus
1425 818 1521 848 non
1545 800 1715 864 poffem
1732 834 1747 858 ,
1781 799 1936 846 alienis
1959 799 2238 845 iustinerem.
2307 799 2475 863 Itaque
2528 843 2547 862 Ἰ.

356 867 535 915 Aldum
572 866 718 930 ipsum
745 885 832 933 qua
856 869 902 914 in
927 884 974 913 re
999 870 1134 932 potui
1159 868 1365 914 imitatus
1388 865 1510 913 sum:
1548 866 1597 913 ὃς
1617 868 1741 929 quod
1769 864 1890 928 ipse,
1914 864 2129 934 *quamvis
2153 863 2362 910 omnium
2385 865 2472 913 bo·
2531 890 2547 907 π·

355 948 518 979 narum
542 933 709 979 artium
735 932 1051 996 peritiffimus,
1077 932 1155 979 fibi
1184 932 1414 996 agendum
1441 944 1596 978 tamen
1619 930 1842 988 ducebat,
1879 930 1924 974 id
1953 929 2044 991 egi.
2112 928 2372 992 Nunquam
2397 931 2475 980 ille

354 997 437 1044 suo
477 1010 658 1043 tantum
678 998 860 1062 judicio
883 998 1164 1045 credendum
1189 997 1390 1056 censuit,
1425 1010 1478 1043 ut
1504 997 1697 1043 aliorum
1721 993 1994 1058 repudiaret.
2028 994 2208 1057 quoties
2230 993 2370 1041 libros
2394 996 2472 1043 ali-

356 1079 472 1126 quos
509 1062 714 1109 editurus
747 1075 869 1123 erat,
906 1063 1054 1127 fiquos
1091 1076 1310 1121 noverat,
1347 1062 1426 1124 qui
1464 1063 1512 1109 in
1536 1061 1621 1107 illis
1645 1058 1966 1118 elaborassent,
2000 1075 2076 1105 eos
2099 1057 2369 1107 adhibebat:
2405 1074 2489 1109 at·-

355 1143 445 1189 que
477 1142 638 1173 eorum
662 1144 800 1191 opera
824 1129 872 1174 in
898 1128 966 1175 his
987 1128 1255 1192 castigandis
1282 1127 1481 1173 maxime
1506 1125 1735 1172 utebatur.
1803 1124 1932 1171 Idem
1961 1125 2075 1170 mihi
2099 1139 2188 1186 ego
2205 1158 2220 1183 ,
2257 1124 2304 1170 ὅτ.
2327 1140 2382 1172 eo
2405 1139 2472 1175 et-

355 1192 444 1238 iam
481 1195 625 1256 magis
659 1191 920 1241 faciendum
953 1193 1240 1251 existimavi,
1276 1209 1368 1255 quo
1405 1192 1556 1238 minus
1583 1207 1664 1255 per
1686 1206 1760 1236 me
1782 1191 2030 1253 quicquam
2054 1190 2101 1235 in
2125 1189 2220 1235 hoc
2246 1187 2338 1236 fine
2359 1191 2471 1239 alio-

355 1273 458 1303 rum
480 1258 653 1303 auxilio
680 1258 901 1321 praestare
921 1258 1118 1321 poss'um.
1152 1259 1310 1321 Atque
1331 1256 1377 1302 id
1402 1256 1427 1302 a
1455 1272 1528 1303 me
1548 1272 1656 1302 cum
1684 1257 1729 1302 in
1754 1255 1850 1301 aliis
1870 1255 2028 1301 multis
2049 1268 2150 1300 tum
2164 1254 2346 1301 Latinis
2369 1269 2471 1305 tum
2531 1277 2535 1291 ν

358 1321 550 1368 Graecis
576 1322 728 1382 libris,
764 1340 876 1385 quos
909 1322 1011 1386 post
1047 1323 1167 1370 illius
1200 1336 1401 1369 mortem
1425 1322 1573 1381 edidi,
1609 1335 1710 1367 tum
1734 1336 1884 1385 nuper
1904 1321 1952 1366 in
1974 1319 2152 1367 Ovidio
2177 1318 2349 1366 factum
2377 1321 2493 1371 estz'
2532 1362 2535 1372 .

357 1388 439 1449 qui
473 1403 598 1433 nunc
631 1404 688 1434 ex
722 1387 908 1434 officina
942 1388 1093 1434 nostra
1112 1389 1146 1434 is
1172 1384 1359 1451 prodit,
1392 1399 1445 1434 ut
1467 1387 1544 1450 qui
1569 1387 1693 1450 prius
1718 1386 1874 1432 multis
1899 1386 1945 1431 in
1968 1385 2082 1432 locis
2105 1384 2475 1447 corruptissimus
2532 1383 2533 1409 ³

354 1452 779 1513 circunferebatur,
814 1455 860 1499 in
885 1469 940 1500 eo
965 1470 1109 1517 pauca
1130 1453 1381 1500 admodum
1417 1452 1653 1498 desiderari
1677 1451 1801 1516 posse
1825 1450 2079 1498 videantur.
2148 1448 2203 1496 Id
2230 1450 2344 1497 adeo
2368 1453 2470 1499 An·
2532 1484 2537 1510 ‚

353 1514 485 1562 dreae
512 1518 566 1564 N
570 1519 757 1581 augerio
779 1517 945 1564 referre
966 1532 1211 1583 acceptum
1235 1518 1477 1565 debemus:
1516 1519 1623 1579 qui,
1647 1533 1755 1564 cum
1779 1516 1908 1563 illum
1933 1532 1990 1562 ex
2014 1514 2243 1563 veteribus
2268 1517 2469 1578 permul-
2490 1548 2491 1551 =

355 1580 414 1627 tis
438 1583 776 1643 exemplaribus
808 1583 1149 1648 diligentissime
1169 1583 1449 1647 castigasset:
1485 1582 1661 1629 labores
1680 1583 1781 1629 suos
1801 1581 2029 1645 impertiri
2051 1579 2263 1627 omnibus
2286 1581 2467 1631 voluit:
2491 1602 2503 1643 '.
2533 1582 2535 1593 ⁴

356 1661 410 1691 ac
435 1647 550 1692 mihi
576 1649 936 1711 imprimendum
962 1649 1104 1696 dedit.
1161 1649 1275 1695 Tibi
1297 1665 1407 1695 vero
1430 1647 1513 1694 hos
1538 1647 1704 1695 Ovidii
1727 1647 1869 1694 libros
1895 1663 1991 1692 non
2015 1645 2077 1692 ob
2102 1645 2149 1691 id
2171 1644 2317 1692 solum
2340 1646 2472 1695 dedi-

357 1726 515 1757 camus
531 1746 546 1771 ,
563 1714 687 1774 quod
710 1729 818 1759 cum
842 1713 1076 1760 literarum
1101 1715 1312 1761 omnium
1330 1714 1377 1760 &
1390 1712 1679 1776 peritiffimus
1696 1711 1748 1759 sis
1760 1746 1775 1771 ,
1790 1712 1838 1759 &
1851 1711 2005 1758 fautor
2027 1711 2282 1769 maximus,
2296 1713 2475 1773 omnia,

354 1792 470 1838 quae
492 1776 545 1823 ad
568 1778 720 1825 literas
743 1779 969 1837 attinent,
1005 1779 1127 1843 quafi
1153 1781 1222 1826 tui
1241 1780 1356 1843 juris
1381 1777 1467 1823 effe
1488 1778 1753 1824 videantur:
1791 1776 1864 1823 sed
1890 1777 1950 1823 ob
1977 1775 2021 1822 id
2046 1776 2321 1839 praecipue,
2345 1777 2495 1840 quod-

351 1841 417 1887 ita
440 1841 509 1887 his
535 1841 661 1889 libris
694 1842 952 1903 delectaris,
988 1857 1041 1891 ut
1070 1845 1187 1891 nihil
1222 1845 1345 1908 legas
1379 1843 1621 1890 libentius:
1661 1842 1708 1889 ὃς
1740 1842 1865 1905 quod
1899 1842 2088 1887 maximi
2125 1841 2265 1903 poe'ta
2296 1841 2474 1905 ingenii
2534 1839 2537 1884 ἕ

352 1905 468 1964 tibi,
505 1907 583 1969 qui
608 1909 814 1955 maximo
836 1925 881 1955 es
905 1910 1122 1973 ingenio,
1157 1909 1441 1973 potiffimum
1465 1908 1649 1954 videtur
1671 1908 1934 1954 convenire.
1991 1905 2138 1964 Quod
2163 1921 2219 1951 eo
2245 1919 2399 1953 tamen
2421 1909 2469 1955 in
2536 1919 2537 1944 1

352 1983 400 2015 te
427 1970 723 2033 praestantius
749 1973 997 2020 existimari
1031 1974 1193 2021 debet:
1231 1989 1326 2037 quo
1360 1974 1502 2035 longe
1538 1973 1603 2019 est
1634 1974 1808 2035 majus,
1841 1985 1978 2032 atque
2016 1969 2227 2017 universo
2263 1971 2494 2025 humano,
2535 1991 2538 2005 ·

352 2037 513 2097 generi
540 2037 912 2098 conducibilius,
948 2039 1003 2085 ad
1024 2039 1184 2086 orbem
1212 2038 1542 2085 moderandum
1557 2072 1571 2097 ,
1606 2036 1731 2100 quod
1754 2050 1807 2082 tu
1829 2035 2003 2094 fecisti,
2024 2051 2156 2099 quam
2173 2068 2186 2091 ‚
2212 2037 2338 2097 quod
2364 2037 2471 2098 ille,
2494 2072 2495 2077 ,

352 2099 409 2144 ad
434 2101 663 2160 carmina,
678 2103 794 2149 nihil
816 2103 936 2149 aliud
961 2121 1096 2168 quam
1121 2104 1412 2168 voluptatem
1439 2103 1665 2166 quandam
1687 2101 1868 2148 auribus
1890 2099 2126 2147 afferentia
2142 2099 2215 2158 ,id
2239 2101 2467 2149 conferre.

354 2162 467 2221 Qa
489 2165 537 2209 in
564 2180 610 2210 re
641 2181 735 2213 non
759 2168 805 2212 id
829 2167 974 2214 solum
998 2170 1045 2214 in
1068 2183 1113 2216 te
1135 2170 1382 2231 praecipue
1406 2168 1583 2214 elucet:
1620 2166 1692 2212 sed
1715 2167 1908 2212 virtutes
1932 2165 2071 2211 animi
2100 2165 2170 2210 tui
2194 2163 2472 2228 singulares,

353 2242 469 2289 quae
505 2228 552 2274 in
581 2229 711 2275 nullo
745 2245 945 2294 unquam
968 2234 1121 2296 plures
1141 2235 1357 2280 fuerunt:
1393 2233 1457 2277 ita
1479 2231 1689 2277 homines
1715 2230 2019 2275 admirantur:
2057 2242 2140 2287 ut,
2175 2244 2282 2275 curn
2308 2247 2466 2279 omnes

353 2292 403 2337 in
431 2303 478 2337 te
501 2290 694 2340 summas
716 2295 801 2341 esse
825 2296 1098 2343 facillimum
1125 2297 1179 2344 fit
1204 2296 1512 2360 cognoscere:
1546 2293 1872 2340 difficillimum
1899 2306 2052 2339 tamen
2079 2292 2162 2351 fit,
2183 2294 2230 2340 in
2258 2311 2345 2359 qua
2369 2313 2464 2344 ma-

352 2356 480 2402 xime
505 2358 723 2418 excellas,
741 2360 955 2421 judicare.
991 2378 1087 2408 non
1112 2364 1346 2408 immerito
1375 2361 1522 2423 igitur
1546 2359 1595 2406 te
1618 2359 1722 2406 Leo
1747 2357 1968 2405 Pontifex
1998 2359 2239 2405 Maximus
2263 2362 2378 2407 tanti
2399 2361 2465 2409 fa-

354 2422 449 2467 cit:
487 2433 541 2468 ut
576 2439 715 2469 omne
753 2425 871 2470 coeli
898 2441 1041 2484 onus,
1077 2426 1202 2488 quod
1229 2427 1294 2473 illi
1316 2424 1576 2483 incumbit,
1610 2425 1659 2471 in
1683 2437 1728 2470 te
1755 2439 2082 2486 nonnunquam
2111 2422 2374 2472 transferat:
2410 2443 2462 2473 ac

353 2496 571 2548 tanquam
598 2489 726 2534 Atlas
761 2488 1000 2551 supposito
1027 2491 1232 2536 Hercule
1257 2488 1564 2552 conquiescat.
1633 2487 1719 2535 Sed
1745 2504 1891 2551 neque
1915 2488 2005 2534 loci
2032 2488 2167 2552 hujus
2187 2488 2280 2548 est,
2316 2507 2464 2551 neque
2499 2539 2501 2546 ,

353 2563 559 2596 mearum
582 2553 749 2598 virium
777 2565 823 2598 te
844 2554 1035 2600 laudare.
1106 2554 1376 2600 Scribentur
1396 2553 1450 2600 ab
1475 2553 1571 2599 aliis
1595 2552 1776 2599 fortasse
1802 2552 1952 2600 laudes
1976 2566 2108 2612 tuae,
2133 2569 2329 2614 quorum
2353 2554 2461 2602 scri-

352 2625 436 2674 pta
469 2614 517 2661 &
538 2615 830 2664 diuturniora
850 2618 937 2665 effe
959 2617 1152 2682 poffint,
1189 2618 1236 2665 ὃ(
1258 2618 1342 2665 tibi
1367 2619 1584 2683 gratiora.
1652 2617 1781 2664 Mihi
1802 2617 1902 2664 l‘atis
1927 2617 1979 2664 sit
2004 2619 2088 2665 tibi
2116 2616 2314 2677 offerre,
2349 2636 2462 2683 quae

354 2677 551 2740 possum.
620 2680 693 2727 Ac
715 2681 802 2727 tibi
824 2699 905 2729 nos
931 2683 1118 2745 quidem
1145 2699 1268 2730 nunc
1293 2683 1521 2730 Ovidium
1550 2682 1793 2728 mittimus.
1861 2684 1944 2729 Tu
1967 2700 2060 2729 non
2089 2683 2220 2729 illum
2241 2682 2386 2731 solum
2411 2701 2460 2733 ea

355 2741 543 2804 fronte,
576 2760 663 2806 qua
698 2746 828 2805 illos,
864 2764 978 2810 quos
1001 2765 1146 2807 amas,
1180 2747 1319 2806 soles,
1355 2750 1544 2811 excipe:
1581 2747 1653 2793 sed
1677 2747 1725 2793 &
1750 2764 1849 2807 me,
1885 2747 1934 2794 ὃς
1955 2763 2007 2793 ea
2027 2749 2210 2806 omnia,
2249 2765 2361 2810 quae
2383 2762 2460 2797 aut

354 2806 478 2854 edita
502 2808 528 2854 a
552 2824 624 2855 me
646 2809 861 2857 haetenus
887 2811 1015 2871 sunt,
1051 2826 1130 2859 aut
1154 2812 1345 2873 posthac
1373 2813 1594 2872 edentur,
1629 2812 1677 2858 in
1702 2813 2012 2875 patrocinium
2040 2827 2170 2859 tuum
2194 2814 2374 2876 recipe:
2411 2815 2482 2866 δί,

354 2873 436 2980 {issi
460 2889 554 2919 non
577 2876 725 2920 minus
748 2875 912 2931 literis,
941 2893 1076 2939 quam
1105 2877 1357 2924 virtutibus
1381 2878 1595 2924 omnibus
1616 2892 1661 2924 es
1682 2877 2012 2936 ornatifiimus,
2029 2878 2175 2924 literas
2199 2877 2253 2923 ad
2276 2891 2323 2924 te
2343 2895 2457 2926 con-
2503 2916 2510 2921 «

350 2988 356 2992 ,
378 2938 583 2998 ugientes
617 2951 699 2985 tuo
725 2939 943 3002 praesidio
966 2954 1133 2988 tueare.
1171 2943 1248 2988 Sic
1270 2942 1454 2989 demum
1481 2942 1530 2989 ὃς
1555 2957 1644 3004 ego
1666 2955 1750 2989 tuo
1778 2943 1950 2989 auxilio
1974 2942 2115 2989 fretus
2138 2942 2184 2987 in
2206 2957 2275 2988 eas
2292 2945 2453 3004 juvan-

355 2999 431 3046 das
452 3014 578 3049 totus
603 3004 893 3051 incumbam:
930 3005 978 3053 &
1002 3007 1076 3053 alii
1099 3005 1279 3053 fortaffe
1304 3009 1364 3054 ita
1385 3007 1519 3054 multi
1543 3007 1598 3052 ad
1619 3006 1740 3053 idem
1762 3007 1987 3072 agendum
2010 3005 2367 3056 excitabuntur:
2403 3021 2460 3056 ut

357 3080 470 3127 quae
498 3068 591 3131 jam
624 3085 770 3132 prope
789 3069 1044 3118 exarescere
1067 3072 1348 3134 incipiebant
1365 3106 1379 3130 ,
1415 3072 1618 3134 plurium
1643 3072 1883 3137 diligentia
1905 3070 2116 3120 excultae
2138 3071 2459 3133 reflorescere,
2496 3082 2500 3083 ’

356 3141 493 3194 atque
512 3134 749 3198 antiquum
775 3135 974 3185 nitorem
998 3135 1172 3185 restitui
1202 3137 1326 3200 posse
1345 3136 1599 3186 videantur.

2204 3265 2453 3315 IDEM

2533 1651 2537 1727 ἒ
