2547 3708
246 206 312 256 72
754 174 816 231 P.
891 163 1297 228 oV1D11

1370 161 1902 221 NASONIS

541 279 727 350 thue
751 290 916 346 nepos
939 269 1066 324 dieti
1093 266 1272 321 nostro
1299 265 1469 320 modo
1492 262 1726 318 carmine
1751 264 1889 335 regis

401 372 504 422 310

253 589 394 642 ’Λργεῒοι
405 587 437 627 δὲ
450 590 470 626 8⁷
480 588 639 633 oywmfnx
651 582 717 621 vla>
728 574 1140 631 oa'mn7et'roeroev,Arfpenrgoe
1152 576 1183 616 δέ
1196 582 1298 628 φασιν

256 645 333 686 εἶναι
344 677 354 695 ,
376 644 521 691 γαυοιικὶ
558 636 761 689 eima-perh).
793 640 837 674 Et
851 634 959 682 piiuiO
973 634 1051 679 post
1068 638 1166 669 idem
1178 633 1277 669 addit
1289 664 1300 680 ‚

261 704 390 749 θαῦμα
413 707 431 748 {j
467 694 618 747 wotoZpQ
666 694 695 732 ἦρ
728 690 917 738 κωλεμένων
962 687 1137 726 Αἰαικιὲὦν
1185 689 1298 729 alva-075

434 750 440 762 l
547 748 553 761 ἱ

260 753 358 793 κριτοὶ
394 769 441 790 ’τοι
460 751 554 790 αὗται
584 750 616 788 ἔκ
661 751 704 785 ‘cg
734 748 811 785 9203
831 742 996 794 συμςνῖνοιι
1022 742 1089 781 nia>
1113 740 1295 791 ‘rehem-ba),

259 811 326 856 ς’ίγε
341 808 508 857 Ἀχιλλέα
520 803 576 856 plin)
595 801 735 854 (J‘pengoc
746 796 1016 850 ὑπὸἈλεξᾶνδξκ
1028 801 1110 847 Φησὶ
1122 802 1179 835 τοῦ
1189 796 1297 843 Πριοί·

261 869 357 917 “⁶⁸³9
380 859 817 903 ’Awlamrcoufdwoas'o-ous,
860 852 974 905 Πύρῥον
986 850 1088 891 καὶᾶΣ
1109 851 1296 902 Ἀχιλλέως

260 921 280 961 a}
301 918 408 957 Πυθία
424 916 622 969 argowi-nefins
654 913 833 953 οἷποκἿεῖνοιι
854 913 991 956 Δελφοῖς
1004 938 1015 958 ,
1044 911 1090 956 τῷ
1108 905 1141 944 δὲ
1160 908 1295 945 'Aiant-

260 973 324 1025 38,
353 970 476 1013 cwikso'n
498 972 544 1009 ‘tec'
569 970 596 1011 ἔς
622 965 688 1006 τίκ)
706 962 888 1014 uaso-ch),
918 964 972 1003 oia
989 963 1130 1014 Ἀργεῖοι
1150 963 1293 1014 λέγω-ι,

261 1033 295 1082 253
316 1028 486 1069 Λευακέας
500 1027 643 1067 ἐποίησε.
699 1021 905 1063 MlcYLL.

317 1096 400 1132 304.
429 1077 653 1130 opprimam]
691 1074 881 1114 Pausanias
915 1073 952 1110 in
975 1072 1099 1111 Attica
1123 1071 1297 1110 Cererem

261 1135 406 1183 sumpta
428 1130 595 1169 muliebri
619 1129 739 1166 forma
759 1125 886 1174 Pyrrhi
908 1125 1008 1161 necis
1024 1132 1193 1162 autorem
1216 1122 1302 1160 fuis-

259 1184 438 1227 sescribit,
464 1181 592 1220 testem
609 1178 792 1217 adducens
815 1177 1015 1213 Leuceaui.
1043 1173 1300 1212 ConsTAEAN.

262 1236 433 1286 deprimat
455 1231 688 1270 Heinsianus.

320 1287 404 1336 306.
433 1291 504 1322 Nec
526 1294 587 1321 tua
606 1294 713 1331 quam
729 1277 894 1328 Pyrrh]
923 1278 1080 1328 Pyrrhus
1096 1276 1248 1315 Achillis
1259 1276 1301 1314 fi-

262 1338 332 1377 lius
386 1336 509 1374 Oresti
548 1343 703 1372 uxorem
736 1331 835 1368 suam
871 1330 1107 1367 Hermionen
1136 1328 1300 1371 abstulit,

264 1390 323 1428 cui
355 1387 502 1426 Orestes
532 1384 716 1422 insidiatus
744 1380 902 1431 quadam
927 1380 985 1418 die
1016 1379 1131 1429 ipsum
1152 1379 1303 1416 interfe-

263 1441 336 1485 cit,
365 1440 403 1477 &
424 1437 601 1476 frustatim
623 1445 754 1481 corpus
775 1433 852 1482 ejus
871 1432 990 1478 sparsit
1008 1443 1070 1478 per
1082 1430 1304 1470 Ambraciae

260 1492 350 1530 vias.
407 1489 574 1526 Iri-rrae.
610 1484 790 1534 Pyrrhum
815 1483 967 1520 Achillis
986 1480 1101 1519 filium
1115 1481 1277 1528 intellige
1293 1508 1304 1523 ‚

263 1543 365 1591 cujus
385 1538 458 1578 offa
484 1537 595 1587 sparsa
624 1537 771 1573 fuerunt
803 1533 823 1571 a
847 1533 1073 1582 Lysimacho
1093 1545 1102 1570 :
1131 1541 1193 1570 aut
1214 1532 1303 1578 Pyr-

261 1594 372 1632 rhum
404 1591 544 1640 Pyrrho
597 1595 728 1624 natum
750 1612 762 1630 ,
809 1596 922 1634 quern
962 1584 1085 1621 Pialen
1124 1583 1183 1620 vel
1223 1583 1305 1620 Pia-

263 1644 343 1682 lum
371 1640 539 1680 nonnulli
565 1637 771 1687 appellant,
798 1644 860 1673 aut
888 1636 1049 1684 aliquem
1071 1634 1182 1671 alium
1199 1661 1209 1676 ,
1239 1634 1303 1683 qui

261 1695 306 1733 ab
328 1695 381 1732 his
400 1692 542 1730 duobus
555 1689 699 1739 Pyrrhis
720 1688 765 1724 ad
784 1687 962 1736 Pyrrhum
979 1685 1163 1723 Aeacidae
1185 1684 1300 1722 filium

263 1745 407 1783 medius
420 1744 540 1782 fuerit.
568 1749 629 1778 aut
644 1739 669 1776 fi
682 1739 860 1785 Pyrrhum
877 1738 1039 1778 Aeacida
1048 1737 1215 1785 genitum
1228 1736 1303 1783 pla-

264 1804 324 1833 cet
336 1797 516 1843 accipere,
541 1791 728 1830 historiam
743 1789 802 1826 dic
815 1787 885 1826 efle
900 1788 1103 1826 confusam.
1121 1789 1299 1836 quoniam

261 1846 496 1887 Plutarchus,
530 1842 701 1885 lustinus,
728 1840 786 1877 alii
807 1839 1073 1888 Lysimachum
1094 1846 1177 1875 ante
1194 1838 1303 1884 hujus

264 1898 410 1935 obitum
430 1893 555 1933 obiiffe
572 1893 684 1929 literis
706 1890 942 1928 mandavere.
967 1890 1049 1938 lege
1077 1888 1302 1926 collectanea

264 1948 386 1987 nostra
419 1946 479 1983 lib.
508 1958 535 1982 1.
564 1954 641 1990 cap.
661 1954 695 1988 4.
735 1941 888 1978 Consr.
912 1941 1007 1978 Fau.
1070 1939 1131 1976 De
1161 1939 1302 1988 Pyrrho

263 1997 524 2047 Neoptolemo
547 1991 826 2041 intelligendum
841 2020 850 2035 ,
879 1991 925 2029 de
946 1992 1070 2040 quoin
1092 1991 1303 2038 fragmentis

263 2050 412 2098 Hygini
427 2050 477 2085 ita
494 2046 647 2094 legitur:
678 2043 916 2091 Neoptolemus
934 2041 1088 2078 Achillis
1104 2054 1147 2080 (φ
1169 2040 1305 2077 Deida-

265 2101 360 2138 miae
373 2098 471 2146 filius
493 2125 502 2141 ,
538 2109 579 2132 ex
612 2092 866 2131 Andromacha
897 2092 1046 2129 Eetionis
1057 2090 1137 2139 filia
1160 2092 1301 2139 captiva

261 2148 458 2200 procreavit
478 2144 724 2194 Amphialum.
775 2144 837 2179 Sed
854 2143 1028 2191 postquam
1049 2142 1195 2179 audivit
1216 2148 1302 2178 Her-

264 2201 414 2239 mionem
456 2197 595 2245 pansam
620 2195 725 2243 suam
748 2191 855 2238 oresti
885 2194 941 2239 esse
968 2195 1093 2227 datam
1124 2192 1162 2227 in
1182 2194 1298 2239 conju·

260 2252 359 2301 glum
376 2278 386 2295 ,
413 2247 698 2285 Lacedaemonem
712 2243 810 2280 venit
823 2270 832 2287 ,
860 2254 903 2282 <9¹
923 2242 948 2278 ὰ
973 2241 1129 2278 Menelao
1138 2241 1300 2288 sponsam

258 2303 366 2352 suam
385 2300 490 2349 petit.
539 2297 607 2334 Cui
635 2295 693 2332 ille
715 2294 823 2342 fidem
836 2294 941 2341 suam
969 2292 1149 2337 infirmare
1167 2291 1301 2334 noluit,

265 2352 555 2398 Hermionemque
591 2346 635 2383 ab
666 2345 775 2389 Orest’e
810 2344 984 2387 abduxit,
1021 2354 1065 2382 U·
1088 2341 1302 2390 Neoptolemo

268 2403 378 2440 dedit.
430 2400 581 2446 Orestes,
603 2397 734 2446 injuria
758 2404 913 2444 accepta,
946 2392 1207 2442 Neoptolemum
1219 2391 1304 2429 Del-

262 2454 340 2504 phis
364 2451 621 2501 sacrificantem
641 2447 782 2491 occidit,
811 2457 853 2485 (φ
885 2446 1108 2483 Hermionem
1127 2452 1303 2492 recupera-

265 2505 335 2542 vit.
364 2504 459 2552 cujus
468 2502 597 2550 offaper
605 2499 687 2550 fines
700 2495 1128 2545 Ambraciaesparsasunt
1139 2522 1148 2537 ,
1162 2508 1248 2543 quae
1260 2493 1303 2542 est

264 2556 304 2593 in
315 2555 407 2603 Epiri
419 2552 618 2602 regionibus.
648 2550 823 2586 Micnt..
851 2548 927 2585 Hic
946 2547 1049 2584 locus
1061 2557 1106 2582 ex
1119 2545 1171 2582 his
1186 2572 1194 2588 ,
1208 2556 1304 2592 quae

267 2606 471 2654 subjiciam,
494 2602 634 2650 Hygini
649 2599 765 2637 verbis
779 2598 1012 2645 intelligetur.
1064 2596 1097 2633 Is
1119 2596 1167 2632 ita
1187 2595 1304 2632 scribit

268 2669 347 2705 cap.
376 2665 517 2693 cxxiii.
544 2651 764 2701 Neptolemus
789 2648 940 2685 Achillis
969 2659 1010 2688 <9¹
1039 2646 1246 2683 Deidamiae
1262 2645 1303 2692 fi-

269 2707 443 2750 numm,
469 2704 638 2742 Cxomu.
678 2699 884 2738 Neminem
901 2698 1098 2736 eruditioni
1134 2697 1218 2734 suae
1247 2697 1304 2734 ni·

268 2759 388 2796 mium
410 2754 595 2793 confidere
612 2760 786 2801 oportet,
815 2762 899 2787 cum
921 2750 1123 2797 praeclaros
1143 2758 1185 2784 ac
1206 2747 1304 2795 prin-

269 2809 369 2856 cipes
393 2809 489 2845 viros
520 2806 555 2843 in
584 2804 676 2841 locis
699 2801 912 2839 Authorum
947 2797 1171 2836 declarandis
1193 2799 1305 2835 inter-

271 2859 362 2897 dum
383 2856 403 2894 a
427 2869 516 2894 vero
540 2856 702 2891 aberrare
719 2852 932 2892 videamus,
962 2858 1000 2886 ut
1016 2850 1089 2886 hoc
1109 2848 1305 2886 locomul-

268 2911 298 2948 ti
320 2908 418 2947 certe
447 2906 675 2956 graviffimae
705 2900 931 2942 authoritatis
963 2901 1135 2937 homines
1165 2900 1305 2935 aberra-

270 2969 368 2998 runt.
423 2958 462 2995 ln
487 2959 563 2999 his,
592 2956 729 2993 isaacus
757 2952 992 2991 Casaubonus
1023 2951 1061 2987 &
1085 2949 1306 2986 Sebastianus

274 3009 463 3048 Corradus
488 3037 498 3052 ‚
534 3018 693 3055 quorum
728 3005 787 3041 hic
814 3000 1104 3040 Commentariis
1126 3001 1162 3037 in
1185 3000 1306 3047 Virgi-

272 3061 366 3100 lium
382 3089 392 3104 ‚
420 3060 479 3097 ille
500 3055 887 3095 Animadverlionibus
902 3054 938 3090 in
953 3052 1175 3089 Suetonium
1196 3078 1206 3093 ‚
1233 3051 1307 3086 hoc

273 3113 453 3151 distichon
477 3110 522 3147 de
544 3118 681 3155 magno
700 3106 763 3143 illo
786 3105 926 3153 Pyrrho
947 3103 1181 3150 Epirotarum
1206 3102 1307 3148 Rege

273 3174 464 3213 perperam
484 3162 776 3206 interpretantur„
797 3188 805 3197 ,
826 3155 1013 3203 Siquidem
1036 3153 1129 3191 illius
1150 3150 1224 3188 ofla
1244 3163 1308 3188 au-

275 3213 335 3251 rea
356 3211 445 3251 urna
464 3209 596 3251 inclusa
619 3208 772 3254 Epirum
802 3205 839 3242 in
862 3207 1011 3252 patriam
1043 3204 1087 3241 ab
1108 3203 1305 3251 Antigono

276 3264 379 3303 miffa
402 3262 471 3303 effe
498 3260 606 3302 tradit
627 3257 793 3300 Valerius
812 3257 1001 3297 Maximus
1026 3254 1087 3295 lib.
1106 3266 1145 3295 v.
1171 3265 1248 3303 cap.
1274 3265 1307 3293 1.

614 345 1006 407 Cantharidum
1032 343 1218 397 succos
1246 340 1408 395 dante
1433 351 1653 409 parente
1679 335 1840 392 bibas·

2263 412 2382 468 Aut

1354 574 1566 614 Plutarchus
1593 579 1719 611 autem
1741 599 1752 616 ‚
1792 570 1831 609 δε
1851 569 2000 611 Author
2017 572 2063 612 de
2074 575 2172 615 Viris
2185 575 2381 618 Illustribus

1356 624 1558 674 Magnifice
1584 625 1628 661 ab
1657 636 1703 662 eo
1724 622 1859 671 sepulta
1886 622 1989 661 fuiffe
2018 628 2181 666 referunt
2199 657 2210 674 ,
2238 639 2384 670 tantum

1355 677 1451 715 abest
1480 684 1520 713 ut
1550 686 1592 712 ea
1619 686 1683 722 per
1711 674 1931 712 Ambraciae
1963 676 2038 712 vias
2068 678 2388 730 insepultajacue-

1353 730 1447 773 rint,
1474 725 1672 775 quomodo
1691 724 1755 772 ipfi
1776 725 1881 763 nobis
1905 727 2118 775 imponunt.
2171 730 2297 781 AEque
2320 734 2387 772 fal-

1351 779 1438 817 litur
1476 776 1904 832 ReinerusnReineccius
1929 805 1939 821 ,
1978 779 2041 826 qui
2072 780 2110 817 in
2142 779 2386 832 descriptione
2408 810 2436 825 .-

1353 830 1472 879 Regni
1495 828 1679 865 Moloss1c1
1708 837 1882 876 pag.559.
1912 828 2151 877 Syntagmate
2162 832 2207 869 de
2220 834 2392 881 familiis,

1351 880 1451 919 hunc
1470 881 1598 918 locum
1621 878 1666 915 de
1690 878 1827 926 Pyrrho
1851 881 1960 917 tertio
1975 907 1985 923 ‚
2017 881 2178 930 Tigridis
2195 892 2362 923 amatore

1354 931 1575 981 capiendum
1597 928 1788 967 existimat.
1842 929 2002 968 Ovidius
2025 934 2123 970 enim
2147 945 2224 971 non
2246 914 2392 982 alium:

1355 995 1467 1040 quani
1499 981 1678 1038 Pyrr-hum
1710 980 2005 1029 Neoptolemum
2027 983 2179 1021 Achillis
2199 984 2314 1024 filium
2336 987 2395 1023 in-

1354 1034 1507 1082 telligit,
1536 1043 1637 1088 cujus
1658 1029 1732 1068 offa
1750 1041 1812 1078 per
1834 1030 1922 1068 fines
1951 1033 2171 1072 Ambraciae
2192 1036 2300 1084 sparsa
2320 1035 2395 1076 effe

1355 1093 1476 1123 narrat
1496 1083 1669 1132 Higynus
1689 1081 1759 1118 fab.
1786 1092 1867 1130 123.
1895 1085 1996 1130 quod
2018 1092 2102 1122 ante
2123 1097 2193 1123 nos
2213 1088 2388 1137 Micyllus

1356 1135 1576 1174 observavit.
1630 1133 1740 1170 Certe
1762 1131 1951 1170 Pausanias
1976 1134 2027 1170 ait
2048 1135 2220 1174 violatam
2243 1136 2264 1174 a
2287 1138 2395 1188 Lyfi-

1356 1187 1491 1225 macho
1515 1185 1661 1234 Regum
1685 1183 1917 1232 Epirotarum
1938 1183 2156 1232 sepulturam
2171 1215 2182 1231 ,
2207 1188 2265 1226 sed
2287 1191 2396 1228 utin-

1355 1239 1462 1276 terim
1483 1237 1618 1275 refutet
1637 1235 1917 1283 Hieronymum
1942 1235 2151 1274 Cardanum
2165 1266 2175 1284 ,
2204 1240 2268 1288 qui
2281 1241 2395 1280 etiam

1358 1287 1432 1327 offa
1461 1289 1608 1337 Regum
1657 1284 1804 1335 disjecta
1843 1282 1945 1323 fuiffe
1980 1286 2171 1334 scripserat.
2225 1289 2398 1329 SALVAG.

1359 1340 1518 1378 Palmer.
1547 1338 1697 1376 exercit.
1719 1337 1763 1374 ad
1797 1337 1959 1374 Graecos
1981 1337 2156 1385 Scriptor.
2194 1351 2230 1387 p.
2257 1350 2320 1389 92.
2348 1354 2397 1381 cx

1360 1391 1518 1439 Polybiis
1537 1388 1715 1436 excerptis
1728 1387 1866 1436 colligit
1883 1414 1893 1431 ‚
1922 1389 1958 1425 in
1985 1389 2205 1426 Ambraciae
2229 1392 2322 1429 urbis
2341 1393 2398 1431 di-

1360 1444 1530 1491 reptione
1550 1440 1731 1478 violatum
1759 1436 1829 1476 effe
1854 1438 1965 1476 etiam
1987 1439 2117 1488 Pyrrhi
2142 1440 2372 1488 sepulchrum
2400 1450 2402 1453 ’

1361 1494 1464 1531 &ita
1487 1490 1560 1530 offa
1578 1490 1702 1539 sparsa.
1731 1490 1778 1527 ita
1800 1496 1839 1526 ut
1862 1490 1898 1526 &
1921 1489 1967 1527 de
1994 1490 2136 1540 Pyrrho
2164 1492 2316 1540 Epirota
2339 1473 2400 1534 ca:

1360 1544 1434 1593 piat
1451 1545 1542 1581 haec
1561 1558 1571 1585 ;
1610 1543 1648 1579 ὅ(
1671 1549 1869 1588 utrumque
1891 1540 2068 1579 distichon
2083 1541 2128 1579 de
2140 1544 2276 1581 eodem
2289 1554 2395 1594 agan

1359 1595 1462 1644 quod
1484 1594 1508 1631 fi
1528 1604 1659 1631 verum
1681 1592 1729 1630 est
1751 1618 1762 1635 ,
1798 1590 1869 1628 falli
1889 1591 2015 1630 debuit
2038 1593 2210 1641 Hyginus
2231 1595 2399 1635 similitu-

1360 1647 1446 1685 dine
1458 1646 1656 1683 nominum
1673 1671 1683 1688 ,
1697 1644 1733 1680 &
1755 1641 1780 1678 fi
1799 1640 1844 1679 de
1857 1642 2000 1681 duobus
2012 1644 2155 1692 Pyrrhis
2165 1644 2234 1683 fint
2253 1648 2400 1694 capien-

1359 1697 1403 1735 da
1425 1725 1435 1741 ,
1481 1698 1555 1734 hoc
1597 1694 1776 1732 distichon
1829 1694 1943 1740 priori
1973 1693 2060 1732 effer
2079 1697 2398 1745 proponendum,

1359 1757 1399 1786 ut
1412 1747 1505 1785 ordo
1516 1747 1694 1794 temporis
1707 1744 1951 1782 &hominum
1964 1773 1974 1788 ,
2007 1757 2052 1782 ex
2073 1745 2202 1783 eadem
2215 1747 2320 1795 stirpe
2333 1748 2400 1787 de-

1357 1798 1627 1841 scendentium,
1640 1795 1862 1833 observetur.
1881 1806 1952 1843 ego
1963 1795 2093 1833 dubius
2106 1797 2256 1842 haereo,
2269 1808 2399 1838 annon

1359 1850 1403 1888 de
1414 1861 1490 1887 uno
1504 1849 1644 1896 Pyrrho
1659 1875 1670 1890 ‚
1688 1857 1773 1894 rege
1795 1844 1952 1889 celebri,
1977 1845 2045 1883 sint
2073 1848 2273 1894 capienda,
2304 1850 2397 1889 ut&

1358 1910 1521 1939 mortem
1536 1928 1546 1944 ‚
1577 1900 1613 1936 ὃς
1636 1897 1714 1946 post
1736 1904 1897 1934 mortem
1917 1895 2046 1934 similia
2067 1897 2208 1947 Pyrrho
2231 1899 2305 1937 fata
2324 1901 2398 1939 im-

1358 1960 1539 2001 precetur.
1566 1950 1701 1987 BURM.
2398 1944 2400 1946 ’

1412 2014 1496 2052 307.
1528 2007 1693 2049 Nataque
1713 2010 1752 2036 ut
1774 1995 1988 2047 Aeacidae]
2017 1999 2196 2048 Propilica
2214 2000 2343 2050 Pyrrhi
2355 2001 2400 2040 fi-'

1359 2054 1404 2092 lia
1420 2081 1430 2097 ,
1458 2051 1649 2099 intemplo
1672 2050 1812 2088 Cereris
1835 2048 2200 2099 Ambraciaecjaculis
2220 2044 2399 2091 inimico-¹

1361 2116 1443 2142 rum
1467 2100 1631 2152 oppressa
1651 2102 1779 2150 periit,
1807 2101 1896 2139 teste
1916 2101 2176 2149 Menephron:
2392 2094 2398 2098 ’

1410 2188 1475 2225 Ab
1488 2187 1629 2234 miserae
1635 2184 1793 2232 pecudes!
1803 2182 1879 2230 quis
1888 2181 1992 2218 honor
2002 2210 2012 2227 ,
2042 2195 2129 2231 quae
2135 2183 2245 2232 gloria
2259 2211 2269 2228 ,
2296 2183 2325 2232 [ἱ
2334 2199 2397 2223 vos

1410 2237 1594 2283 Turbaque
1615 2246 1674 2271 nec
1691 2233 1863 2278 minima,
1894 2234 2113 2283 exsuperastis
2135 2235 2327 2285 virginem,
2352 2245 2397 2277 (9·

1484 2298 1607 2323 unam.

1360 2356 1606 2397 INTERPRES.

1359 2439 1419 2478 De
1439 2437 1646 2475 Laodamia
1661 2464 1672 2481 ,
1701 2436 1775 2474 five
1793 2435 2010 2473 Deiadamia
2031 2436 2257 2484 interpretati
2275 2434 2400 2476 sumus

1359 2491 1396 2528 in
1435 2488 1726 2527 Commentariis
1764 2487 1903 2524 nostris.
1965 2487 2235 2534 Menephronis
2269 2495 2397 2526 autem

1362 2540 1479 2578 versus
1497 2538 1593 2587 apud
1608 2550 1668 2575 me
1687 2537 1890 2575 nihilisunt.
1922 2537 2120 2576 SALVAGN.
2149 2536 2398 2576 Laodamiam

1360 2592 1457 2629 forte
1486 2589 1686 2627 Alexandri
1709 2617 1720 2634 ‚
1758 2589 1882 2635 Pyrrhi
1902 2587 1963 2625 filii
1980 2589 2182 2635 ,virginem
2205 2587 2399 2636 intelligit,

1360 2653 1455 2692 quae
1474 2653 1493 2678 a
1514 2639 1661 2677 Milone
1687 2640 1828 2676 Aetolo
1842 2666 1853 2683 ‚
1897 2647 1934 2675 ut
1950 2637 2107 2684 Justinus
2123 2637 2184 2674 lib.
2202 2648 2326 2674 xxvii.
2348 2639 2399 2678 est

1358 2700 1464 2730 autor
1488 2719 1498 2733 ,
1540 2690 1732 2727 interfecta
1762 2701 1826 2737 per
1853 2689 2038 2726 summum
2064 2687 2175 2725 scelus
2205 2688 2265 2725 est.
2317 2689 2399 2727 EG-

1361 2755 1518 2780 NATms.
1533 2741 1778 2778 Laodamiam
1793 2740 1882 2776 dicit
1896 2766 1906 2782 ‚
1919 2737 2132 2775 Alexandro
2143 2766 2152 2782 ‚
2165 2738 2256 2775 Filio
2269 2738 2399 2788 Pyrrhi

1359 2795 1608 2843 Epyrotarum
1631 2792 1742 2838 regis,
1770 2797 1908 2833 natam,
1937 2788 2087 2836 quaead
2105 2788 2296 2826 sacrarium
2309 2790 2400 2829 Dia-

1360 2856 1453 2887 nae,
1481 2851 1519 2881 ut
1538 2841 1663 2889 Justin.
1690 2842 1727 2877 in
1750 2851 1870 2876 xxvix.
1897 2840 1954 2876 vel
1986 2839 2150 2884 Cereris,
2177 2848 2217 2877 ut
2238 2841 2397 2879 Ovidius

1360 2903 1463 2943 putat
1487 2921 1496 2938 ,
1534 2904 1553 2929 a
1585 2892 1731 2929 Milone
1760 2890 1901 2927 Aetolo
1935 2890 2002 2927 fuit
2032 2890 2234 2927 interfecta.
2287 2890 2398 2930 Hanc

1361 2953 1485 2982 autern
1507 2943 1846 2991 interpretationem
1872 2941 2076 2978 Laurentio
2102 2941 2293 2978 Abstemio
2314 2942 2399 2980 Ma-

1362 2993 1556 3038 teratenfi‚
1598 2995 1676 3030 viro
1698 3003 1800 3029 extra
1828 3003 1984 3028 omnem
2013 2991 2148 3037 ingenii
2171 2990 2230 3027 vel
2261 2992 2400 3030 doctri-

1363 3057 1433 3084 nae
1453 3047 1569 3083 aleam
1590 3071 1599 3087 ,
1638 3051 1825 3091 acceptam
1855 3044 1987 3080 resero.
2042 3041 2156 3088 Cujus
2185 3052 2310 3079 inanes
2332 3045 2398 3093 qui

1364 3098 1504 3145 pietatis
1528 3096 1563 3131 δε
1579 3094 1848 3131 misericordiae
1870 3095 1951 3130 sons
1970 3092 2018 3129 est
2040 3091 2242 3129 uberrimus
2261 3094 2298 3129 in
2320 3093 2399 3133 sinu

1363 3148 1532 3194 excipiat.
1559 3157 1674 3193 nuper
1686 3146 1785 3182 enim
1809 3143 2096 3185 exceffitevita,
2119 3142 2155 3178 in
2177 3143 2398 3183 eomultum

1364 3198 1550 3235 amisimus
1570 3225 1579 3239 ,
1616 3196 1846 3243 multamque
1875 3195 2040 3230 fecerunt
2062 3191 2245 3240 jacturam
2266 3195 2399 3234 huma-

1359 3250 1510 3289 niorum
1541 3247 1730 3289 literarum
1759 3245 1979 3291 spiratores,
2006 3254 2092 3282 cum
2123 3244 2239 3283 multa
2259 3244 2321 3283 sub
2341 3247 2400 3284 in-

2310 3296 2402 3340 cude
