2547 3708
290 300 803 389 DIONYSH
874 298 1531 385 SALVAGNII
1603 300 2062 402 BOESffl,

362 556 914 650 EQU1T15
1015 555 1984 645 DELPHINATIS‚

178 811 432 931 IN
600 802 1461 924 OVIDII
1617 802 2166 920 IBIN.

574 1086 1784 1159 PROLEGOMENA.

891 1276 1304 1339 CAPUT
1400 1277 1446 1338 J.

114 1464 339 1534 Multos
379 1460 514 1526 huic
559 1457 866 1525 Poematio
907 1482 1113 1523 manus
1165 1457 1532 1544 admoviffe3
1615 1460 1895 1527 nonnulla
1934 1479 2137 1528 tamen
2178 1464 2240 1529 in

208 1582 269 1621 eo
281 1553 614 1646 fitpereffe‚
658 1549 865 1641 quibus
897 1551 1212 1618 enodandis
1258 1550 1476 1643 Oedipo
1504 1554 1608 1619 vel
1631 1553 1680 1620 S
1677 1553 1859 1642 ibylla
1868 1553 1957 1639 fit
1989 1575 2143 1646 opus.

374 1757 484 1818 'lum
510 1764 743 1836 primum
778 1765 1013 1818 animum
1052 1763 1119 1818 ad
1158 1763 1344 1819 Ovidii
1379 1763 1614 1818 libellum
1649 1764 1703 1818 in
1737 1762 1849 1818 Ibin
1888 1766 2241 1822 enarrandum

375 1837 724 1908 appuli,nihil
751 1837 878 1891 mihi
907 1837 1049 1908 prius
1074 1852 1233 1910 atque
1259 1837 1520 1908 antiquius
1552 1837 1677 1900 fuit,
1703 1854 1863 1909 quam
1890 1850 1947 1890 ut
1974 1839 2210 1893 omnium
2228 1879 2245 1903 ‚

377 1910 467 1981 qui
493 1909 562 1963 de
584 1909 687 1964 hoc
709 1910 887 1963 libello
926 1909 1061 1964 bene
1088 1909 1264 1964 meriti
1301 1909 1464 1964 effent
1485 1947 1500 1972 ‚
1541 1909 1973 1964 Commentarios
2002 1911 2239 1983 undique

381 1981 688 2051 perquisitos
715 1982 1036 2035 evolverem.
1074 1981 1370 2036 Enimvero
1393 1982 1606 2050 plurimi
1633 1996 1745 2034 tum
1773 1981 1971 2042 nostra,
2010 1994 2123 2035 tum
2152 2001 2239 2051 pa-

109 2065 255 2106 trum
283 2052 336 2104 &
360 2068 581 2104 avorum
609 2053 888 2113 memoria,
925 2054 979 2106 in
1006 2053 1110 2105 hoc
1137 2053 1447 2114 Po'e'mati0‚
1482 2065 1734 2121 tanquam
1759 2052 1814 2103 in
1831 2052 2118 2122 Olympico
2142 2054 2239 2108 sta·-

113 2123 206 2177 dio
239 2139 348 2177 non
387 2126 516 2176 citra
553 2123 779 2193 pulveris
813 2122 1011 2173 tacium
1046 2122 1384 2175 desudarunt.
1461 2122 1713 2192 Quorum
1754 2122 2007 2176 vetustior
2044 2123 2238 2191 aava&

114 2196 333 2249 caeteris
358 2194 528 2248 facem
554 2193 801 2265 praetulit
827 2231 841 2255 ‚
887 2191 978 2246 sed
1017 2192 1129 2263 ejus
1155 2194 1362 2263 scrinia
1384 2233 1398 2257 ‚
1446 2194 1620 2266 inquit
1658 2194 1924 2248 Adrianus
1951 2195 2240 2253 Turnebus

114 2265 600 2320 Adversar.lib.1x.
637 2282 747 2336 cap.
779 2282 857 2331 25·
908 2265 1028 2318 Alii
1061 2264 1387 2336 Interpretes
1414 2268 1779 2338 compilarunt,
1819 2267 1872 2324 C&
1888 2270 2125 2340 scripta,
2152 2272 2257 2341 etst'

114 2340 369 2407 mendosa,
408 2337 537 2391 mede
570 2352 740 2392 tamen
774 2339 942 2391 multa
977 2336 1183 2391 odorari
1209 2350 1540 2409 poteramus,
1566 2342 1968 2411 fitpprefferzmt.
2046 2342 2159 2395 Nos
2182 2345 2242 2398 il-

116 2411 225 2464 lum
251 2411 454 2463 tamdiu
479 2410 830 2464 desideratum
857 2410 909 2463 in
933 2410 1107 2463 lucem
1136 2410 1370 2466 edemus,
1412 2411 1517 2466 Sed
1542 2413 1685 2465 enim
1708 2412 1830 2482 quia
1857 2411 2027 2466 foedis
2055 2414 2240 2484 gloffe-

117 2483 267 2535 matis
292 2499 350 2535 ac
375 2481 708 2552 supposititiis
725 2481 1030 2537 Authorum
1058 2482 1370 2538 testimoniis
1394 2484 1694 2554 inquinatus
1722 2484 1818 2546 est,
1835 2502 2019 2539 aurum
2043 2505 2110 2540 ex
2128 2487 2243 2557 ejus

117 2554 346 2607 stercore
371 2553 742 2625 colligendum.
819 2558 982 2607 Anno
1018 2573 1148 2608 vero
1185 2556 1332 2625 supra
1371 2556 1698 2610 millesimum
1741 2571 1926 2628 quater
1951 2558 2241 2613 centesimo

119 2625 454 2696 nonagefimo
478 2629 694 2698 quint0,
730 2627 1002 2681 Domitius
1026 2627 1338 2681 Calderinus
1358 2627 1676 2683 Veronensis
1692 2667 1706 2691 ‚
1726 2630 1778 2682 in
1803 2628 1858 2682 id
1879 2642 1997 2682 toto
2026 2630 2249 2700 peetore·

121 2695 385 2751 incubuit:
426 2698 525 2753 Vir
550 2699 767 2769 quidem
792 2699 1046 2770 plurimae
1081 2699 1135 2753 in
1172 2700 1358 2754 litteris
1393 2700 1711 2769 industriae,
1754 2702 1844 2772 qui
1882 2719 2003 2755 cum
2033 2703 2250 2761 Romae·

123 2769 486 2836 profiteretur,
526 2772 580 2824 δε
619 2771 836 2825 obscura
873 2771 1150 2825 duriorum
1180 2771 1466 2826 Poetarum
1502 2773 1640 2827 sensa
1666 2773 1976 2828 reconditae
2000 2775 2244 2831 leffionis

123 2838 409 2894 admirabili
436 2843 737 2897 testimonio
761 2844 1105 2907 dilucidaret,
1141 2845 1382 2898 litterarii
1407 2845 1698 2912 splendoris
1723 2845 1939 2900 affertor
1956 2886 1969 2908 ‚
1995 2865 2054 2900 ac
2070 2849 2243 2904 omnis

122 2909 449 2964 obscuritatis
473 2916 776 2979 illustrator,
813 2917 1127 2971 acclamatus
1163 2916 1267 2979 est,
1304 2918 1383 2971 uti
1409 2917 1597 2972 Paulus
1626 2918 1800 2987 Jovius
1824 2920 1875 2972 in
1915 2919 2022 2988 ejus
2049 2920 2244 2991 Elogio·

120 2982 386 3048 prodidit:
428 3001 525 3038 nec
562 2989 731 3042 minus
770 3007 894 3042 vere
931 2988 1202 3042 Henricus
1225 2989 1519 3061 Stephanus
1547 2990 1774 3061 Epistola
1800 2992 1865 3044 ad
1896 2991 2241 3047 Ludovicum

117 3052 500 3108 Castelvetrum
518 3097 532 3118 ,
562 3076 707 3130 quae
732 3061 958 3130 praefixa
986 3061 1057 3115 est
1083 3061 1306 3115 editioni
1330 3064 1446 3116 suae
1472 3063 1622 3117 Libri
1639 3063 1756 3133 jani
1786 3063 2036 3118 Parrhasii
2062 3064 2129 3117 de
2158 3082 2242 3118 re-

116 3123 211 3181 bus
235 3142 327 3198 per
353 3126 645 3200 Epistolam
684 3132 924 3202 quaesitis
959 3173 974 3199 ,
1020 3133 1164 3208 Age,
1206 3134 1407 3207 inquit,
1435 3148 1492 3187 tu
1519 3138 1806 3208 quicunque
1836 3137 2109 3199 Beroaldi,
2148 3150 2243 3190 auo

1392 3208 1446 3262 A
1483 3226 1513 3258 2
2118 3208 2235 3263 {Doa-
