2547 3708
374 173 440 221 η
816 200 819 201 ⁷
1165 146 1678 214 P.oV1D11

378 259 584 307 tempore:
614 258 680 301 sed
710 262 845 301 multo
866 260 1067 313 majorem
1085 258 1391 299 benevolentiae
1409 267 1528 309 atque
1545 256 1695 297 amoris
1719 254 2054 308 significationem
2075 253 2172 296 mihi
2194 254 2329 296 dedisti
2343 284 2353 304 ‚
2380 268 2476 301 cum

376 311 570 356 proximis
599 313 655 354 his
686 314 822 355 diebus
852 327 955 355 unus
978 326 1024 353 ex
1049 313 1237 353 universis
1258 311 1531 354 Sancliffimae
1549 309 1764 349 Trinitatis
1786 309 1908 348 nostri
1930 309 2138 360 municipii
2161 309 2389 350 hominibus
2410 312 2477 358 de-

374 360 526 415 lenus,
556 375 620 417 ut,
651 379 752 419 quae
781 368 896 419 ipsius
931 366 1160 407 commodo
1193 365 1231 407 ὅ(
1258 366 1345 405 usui
1376 363 1491 410 sunt,
1521 373 1619 401 cum
1640 360 1966 401 Caelestinorum
1986 361 2368 412 Abbatetraetares‚
2399 365 2475 406 huc

375 416 529 461 venisti.
587 420 713 472 Quod
747 420 957 474 negotium
993 432 1090 461 curn
1121 417 1379 464 confec-isses,
1411 415 1432 454 ὲ
1454 412 1672 454 Gulielmo
1691 413 1891 463 Bastono,
1917 413 2123 465 utriusque
2145 413 2377 468 Signaturae
2398 415 2478 458 Re-

371 464 622 524 ferendario,
658 473 696 513 in
729 475 943 514 hommum
975 473 1143 528 ingeniis
1175 467 1468 525 cognoscendis
1487 467 1782 522 magnijudicii
1805 467 1914 516 viro,
1945 467 2113 517 quicum
2134 467 2172 506 id
2198 469 2480 511 communica·
2517 493 2526 501 .

374 539 511 578 veras,
541 529 693 566 multae
714 527 952 567 dexteritatis
973 526 1010 567 &
1034 526 1263 578 prudentiae
1285 525 1413 562 homo
1432 521 1636 573 judicatus
1660 534 1712 562 es.
1773 520 1926 572 Accipe
1947 520 2086 574 igitur,
2115 520 2278 571 quando
2299 523 2374 562 alia
2393 523 2477 566 aliis

370 579 458 632 jam
488 579 737 630 nuncupavi,
763 592 865 630 quae
885 580 933 619 ad
957 581 1115 620 Ovum
1138 578 1261 617 vitam
1284 574 1615 629 cognoscendam
1639 575 1863 628 pertinent,
1894 573 1914 613 a
1935 585 2000 613 me
2021 574 2079 622 ei,
2107 586 2231 625 quarn
2252 575 2383 616 Aldus
2406 575 2477 617 Se·

373 634 466 674 nior
498 631 815 685 diligentiffime,
846 631 1184 682 eruditiffimeque
1203 627 1462 679 conscripfit,
1491 627 1634 668 addita.
1692 627 1899 679 Siquidem
1918 639 2004 667 non
2022 628 2168 680 ignoro
2192 640 2316 679 quarn
2338 629 2385 670 fis
2405 630 2477 672 hu-

370 686 439 738 jus
468 686 587 726 nostri
610 687 752 736 po'e'tae
773 685 994 736 studiosus,
1026 696 1150 736 quem
1171 695 1267 736 puer
1288 681 1431 722 sedulo
1456 682 1653 722 evolvisti.
1713 681 1892 722 Utinam
1911 692 1962 720 ne
1983 691 2022 721 te
2042 680 2302 734 negotiorum
2321 683 2477 736 moles,
2505 688 2509 698 “

371 739 764 789 domesticarumque
781 752 915 779 rerum
938 739 1055 779 status
1079 737 1099 777 a
1120 738 1345 778 litterarum
1368 734 1500 776 studiis
1519 733 1750 775 abduxisset.
1805 733 1957 785 Neque
1978 734 2087 774 enim
2105 733 2246 774 dubito
2269 737 2390 786 quin,
2410 748 2498 777 ac--

371 794 537 833 cedente
558 792 785 843 nobilitate,
815 793 1125 843 divitiarumque
1149 789 1373 834 affluentia,
1402 789 1544 840 quibus
1569 789 1800 829 nostrorum
1825 788 1978 828 nemini
2000 788 2130 839 cedis,
2160 787 2338 829 inomni
2360 789 2477 831 disci-

368 847 568 897 plinarum
587 857 754 898 genere,
787 847 810 886 li
835 845 1090 898 perrexisses,
1122 847 1303 884 multum
1326 843 1457 883 fuiffes
1479 841 1744 895 profeeturus.
1795 840 1922 890 Vale,
1953 841 2157 890 &joanni
2179 839 2373 891 Donato,
2400 843 2475 884 fra-

371 899 417 938 tri
448 908 543 949 tuo,
572 899 660 938 viro
690 901 844 950 probo,
877 900 973 939 item
995 898 1197 950 Scipioni,
1226 897 1264 938 ὅ(
1285 897 1491 949 Camillo,
1520 896 1684 948 optimis
1702 896 1842 937 filiolis
1863 896 1962 947 tuis,
1997 907 2092 936 meo
2113 894 2283 936 nomine
2307 896 2476 939 salutem

367 951 507 992 dicito.
567 951 751 1006 Romae,
785 965 844 994 rx.
866 952 957 993 Kal.
977 953 1114 1006 Julias.
1145 963 1417 992 M.D·.LXX1X.

996 1073 1046 1120 P.
1117 1070 1509 1121 OVIDII
1577 1069 1866 1119 VITA.

376 1249 378 1253 ¹
453 1201 551 1243 Uir
573 1202 746 1243 Ovidius
770 1201 1049 1245 Sulmonensis
1072 1215 1117 1244 ex
1142 1200 1412 1255 antiquiffima
1434 1200 1471 1241 <St
1493 1199 1734 1242 nobiliffima
1753 1197 1973 1241 Nasonum
1995 1198 2169 1249 familia,
2199 1210 2283 1239 uno
2307 1199 2474 1241 eodem-

363 1211 436 1309 Ρ
466 1269 545 1308 quc
565 1256 650 1308 die,
678 1269 761 1308 quo
783 1256 974 1298 Tibullus
1000 1267 1139 1308 natuS,
1169 1258 1249 1297 hoc
1268 1256 1323 1297 est
1344 1268 1463 1298 xitt.
1486 1253 1660 1295 Kalend.
1690 1252 1840 1305 Aprilis
1855 1284 1866 1303 ,
1896 1253 2041 1293 Hircio
2064 1252 2101 1293 &
2122 1252 2246 1293 Pansa
2268 1253 2379 1294 Cofl.
2402 1267 2474 1294 an·

359 1324 424 1359 ‘no
457 1312 504 1350 ab
533 1311 628 1350 urbe
662 1309 827 1350 condita
847 1322 948 1352 DCC.
970 1324 1011 1351 x.
1044 1311 1118 1351 ille
1137 1312 1351 1362 poetarum
1376 1308 1734 1363 ingeniofiffimus3
1764 1307 1828 1346 hic
1851 1305 2087 1346 cultissimus
2110 1306 2238 1346 dietus
2260 1306 2336 1347 est:
2368 1317 2474 1348 uter—

365 1377 445 1415 que
467 1363 596 1415 Eques
620 1375 665 1407 R.
690 1364 805 1414 cujus
827 1366 976 1405 ordinis
1008 1365 1150 1405 census
1171 1364 1220 1404 ad
1241 1373 1403 1405 HS.CD.
1433 1363 1708 1415 perveniebat,
1740 1363 1820 1401 hoc
1841 1361 1893 1400 est
1913 1359 1998 1412 ejus
2021 1369 2230 1407 monetae,
2260 1373 2337 1411 qua
2361 1372 2473 1402 nunc
2502 1409 2504 1411 ‚
2542 1358 2547 1408 '„

365 1418 545 1466 utimur,
570 1417 774 1457 summam
796 1429 887 1457 Χνι.
910 1419 1013 1458 mill.
1043 1418 1316 1468 scutatorum,
1346 1417 1417 1457 sub
1441 1415 1509 1457 M.
1529 1415 1715 1457 Varrone
1737 1446 1748 1465 ,
1788 1412 1959 1465 quicum
1991 1413 2127 1454 Afiam
2158 1413 2293 1465 petiit,
2327 1414 2472 1455 milita—
2525 1456 2527 1458 ,

364 1471 444 1512 vit:
473 1471 566 1511 inde
586 1472 764 1510 reversus
780 1501 791 1522 ,
822 1471 932 1512 studii
954 1471 1071 1512 causa
1091 1471 1272 1512 Athenas
1294 1471 1334 1511 se
1356 1469 1548 1510 contulit.
1606 1469 1703 1522 Qua
1722 1468 1771 1510 de
1791 1479 1834 1508 re
1854 1467 1906 1508 sic
1928 1466 1993 1507 lib.
2018 1479 2054 1506 1.
2074 1464 2198 1507 Trist.

540 1523 634 1563 Non
645 1534 730 1578 peto
743 1554 754 1575 ,
783 1538 875 1578 quas
893 1524 1080 1579 qnondam
1093 1525 1194 1580 petii
1207 1524 1413 1576 studiosus,
1440 1522 1637 1572 Athena53

595 1577 741 1632 Oppida
761 1591 832 1616 non
855 1577 987 1630 Asiae,
1012 1593 1083 1618 non
1106 1577 1202 1616 mihi
1221 1579 1304 1629 visa
1317 1578 1438 1630 prius.

363 1630 708 1672 Familiarifiimus
739 1631 814 1672 fuit
843 1631 895 1672 C.
930 1632 1040 1682 Julio
1062 1631 1241 1684 Higino,
1272 1629 1581 1682 Grammatico,
1613 1629 1784 1684 Augusti
1814 1629 1981 1678 liberto,
2009 1628 2076 1680 qui
2099 1627 2300 1670 Palatinae
2322 1627 2472 1670 Biblio-

362 1688 502 1726 thecae
531 1695 719 1737 praeerat.
771 1685 878 1725 Inter
906 1695 1074 1726 centum
1110 1684 1219 1725 viros
1247 1683 1380 1724 caussa
1410 1683 1519 1724 dixit.
1576 1682 1766 1724 Citantur
1787 1681 1928 1723 Ovidii
1953 1682 2132 1723 carmina
2151 1694 2197 1722 ex
2220 1682 2472 1723 Phaenome-

362 1739 425 1779 nis
454 1739 473 1778 a
499 1738 658 1789 Probo,
683 1740 720 1780 e&
755 1739 776 1779 a
797 1737 1039 1780 Laciantio:
1071 1738 1243 1778 citantur
1261 1738 1382 1778 etiam
1407 1736 1428 1776 a
1448 1736 1728 1789 Quinctiliano
1749 1749 1793 1776 ex
1819 1736 1904 1776 aliis
1927 1735 2110 1787 operibus
2125 1766 2136 1786 ,
2166 1736 2269 1787 apud
2290 1748 2413 1788 quem
2435 1735 2473 1778 &

359 1804 525 1833 carmen
547 1791 648 1832 illud
670 1792 875 1845 optimum
891 1804 939 1832 ex
965 1804 1175 1844 nunquam
1194 1791 1284 1831 satis
1304 1790 1468 1831 laudato
1489 1789 1668 1831 Medeae
1687 1789 1915 1844 tragoediae
1941 1801 2062 1841 opere
2082 1789 2249 1843 legitur:

537 1846 699 1885 Servare
713 1847 821 1900 potui
836 1877 847 1897 ,
867 1847 1029 1900 perdere
1045 1860 1095 1885 an
1110 1844 1239 1899 poffim
1252 1876 1264 1896 ,
1292 1844 1422 1899 rogas?

358 1897 430 1939 De
459 1911 542 1950 quo
571 1899 737 1950 quidem
770 1912 891 1951 opere
922 1901 974 1940 fic
993 1899 1123 1940 Corn.
1142 1898 1312 1939 Tacitus
1343 1900 1383 1938 in
1405 1896 1589 1951 Dialogo
1605 1897 1674 1940 De
1693 1897 1810 1938 Orat.
1841 1897 1890 1937 de
1920 1895 2061 1949 prosae
2092 1895 2131 1935 ἃ
2153 1896 2341 1938 carminis
2362 1910 2472 1950 prae-

358 1952 499 1993 stantia
521 1954 717 2003 loquens:
746 1952 897 2005 Neque
916 1956 1026 1994 ullus
1049 1952 1200 2001 Atinii,
1225 1962 1294 1993 aut
1309 1950 1504 1994 Messalae
1525 1954 1622 1993 liber
1645 1961 1731 1992 tam
1752 1951 1913 1991 illustris
1935 1951 2012 2000 est,
2043 1961 2167 2000 quam
2189 1948 2342 1991 Medea
2361 1954 2470 1994 Ovi-

357 2017 449 2057 Dn,
478 2016 546 2046 aut
569 2006 711 2046 VARu
731 2006 940 2059 Thyestes.
996 2005 1097 2058 Ejus
1129 2006 1262 2057 exilii,
1290 2005 1368 2046 five
1400 2006 1533 2056 potius
1554 2003 1809 2067 relegationis
1831 2004 1992 2044 causam
2014 2006 2139 2056 longe
2160 2004 2358 2045 veriorem
2380 2019 2471 2047 eam
2516 2056 2519 2059 ἢ

358 2059 436 2098 effe
459 2070 580 2111 puto,
608 2060 742 2100 visum
763 2060 783 2099 a
807 2060 846 2100 se
870 2060 977 2101 forte
998 2060 1163 2101 fortuna
1185 2059 1412 2113 Augustum
1432 2058 1648 2100 Caesarem
1666 2071 1708 2098 in
1728 2070 1770 2098 re
1791 2057 1965 2109 quadam
1985 2057 2089 2108 turpi
2112 2066 2232 2107 atque
2252 2052 2471 2100 obscoena.

357 2110 545 2152 Testatur
574 2113 685 2152 enim
706 2113 870 2153 Aristot.
902 2114 968 2154 lib.
995 2126 1057 2154 ιι.
1089 2112 1158 2154 De
1185 2113 1284 2154 Arte
1317 2112 1498 2165 dicendi,
1528 2115 1693 2153 nullum
1714 2111 1790 2151 esse
1813 2121 1897 2151 tam
1918 2122 2138 2163 magnum,
2167 2119 2332 2160 tamque
2353 2113 2470 2151 vehe-
2500 2162 2501 2165 Ἴ

355 2177 475 2205 :mens
511 2164 674 2212 odium,
702 2177 826 2215 quam
858 2166 983 2216 illud,
1011 2168 1123 2216 quod
1146 2179 1192 2205 ex
1214 2179 1264 2206 eo
1284 2167 1482 2216 nascitur,
1512 2179 1609 2208 cum
1629 2165 1716 2217 quis
1740 2165 1780 2204 in
1801 2164 2002 2214 ejusmodi
2023 2176 2064 2202 re
2086 2163 2188 2211 turpi
2211 2162 2470 2214 deprehendi-

357 2228 438 2280 tur.
492 2217 618 2270 ldque
653 2213 733 2269 ipse
756 2217 975 2259 Αᾶειεοιιῑε
1005 2218 1097 2259 usus
1119 2221 1310 2271 exemplo
1330 2232 1418 2261 non
1439 2220 1609 2261 obscure
1629 2217 1767 2258 annuit
1791 2216 1895 2257 libro
1919 2215 2100 2256 secundo
2123 2215 2316 2257 Tristiun]
2331 2248 2342 2270 ,
2373 2230 2469 2260 cum

357 2281 434 2313 ait:
1779 2297 1785 2303 ·

534 2324 622 2367 Cur
641 2323 790 2379 aliquid
804 2325 913 2366 vidi?
943 2340 1010 2366 cur
1028 2326 1144 2366 noxia
1164 2325 1310 2365 lumina
1320 2325 1426 2376 feci?

589 2378 675 2418 Cur
691 2380 926 2433 imprudenti
940 2380 1086 2435 cognita
1104 2378 1214 2433 culpa
1233 2377 1329 2418 mihi
1349 2378 1425 2431 est?

534 2430 678 2484 Inscius
696 2432 862 2472 Actaeon
887 2433 985 2473 vidit
995 2432 1080 2483 fine
1100 2434 1199 2486 veste
1217 2432 1415 2484 Dianam,

587 2485 745 2528 Praeda
753 2486 838 2536 fuit
856 2486 1011 2527 canibus
1028 2501 1101 2528 non
1121 2487 1247 2526 minus
1266 2485 1329 2525 ille
1336 2485 1435 2537 suis,

1065 2550 1118 2594 Et
1140 2553 1180 2593 in
1208 2565 1294 2594 111.
1316 2550 1428 2606 Eleg.
1453 2565 1491 2592 v.

532 2620 626 2661 Non
643 2622 792 2677 aliquid
807 2623 914 2675 dixi,
943 2622 1180 2676 violenta-que
1206 2621 1337 2676 lingua
1355 2621 1478 2663 locuta
1498 2621 1571 2675 cst,

587 2675 764 2730 Lapsave
774 2678 869 2728 szmt
889 2678 1006 2717 nimio
1026 2677 1142 2716 verba
1158 2677 1316 2731 profana
1335 2690 1449 2716 mero,

523 2727 646 2781 [nscia
661 2731 762 2784 quod
776 2732 920 2770 crimen
940 2730 1123 2770 viderunt
1142 2729 1290 2770 lumina
1302 2729 1467 2785 pleelor:

589 2783 874 2840 Peccatumque
893 2783 1011 2825 oculos
1030 2785 1082 2837 cst
1103 2782 1267 2837 habuzffe
1287 2798 1397 2823 meos.

532 2834 626 2875 Non
644 2837 817 2892 equidem
834 2848 952 2878 totam
967 2838 1108 2893 poffum
1131 2836 1327 2888 defendere
1347 2837 1517 2892 culpam3

586 2889 663 2929 Sed
674 2900 823 2944 partem
846 2892 960 2945 nostri
977 2891 1149 2932 criminis
1168 2906 1271 2931 error
1291 2891 1415 2931 habet.

356 2956 516 2999 Hortos
548 2958 681 2998 habuit
698 2957 860 3000 Romae
889 2960 991 3001 inter
1020 2961 1128 3001 viam
1158 2960 1404 3002 Flaminiam
1435 2960 1472 3001 &
1493 2959 1728 3001 Claudiam:
1765 2961 1861 3001 item
1891 2960 2065 3002 domum
2099 2961 2139 3002 in
2173 2961 2266 3001 vico
2299 2960 2463 3015 jugario
2526 2978 2527 2991 ι

357 3023 409 3050 eo
439 3011 479 3050 in
515 3012 638 3062 loco,
666 3012 733 3052 ubi
764 3025 874 3053 nunc
903 3014 956 3054 est
991 3017 1193 3067 templum
1214 3014 1272 3055 D.
1293 3014 1452 3056 Mariae
1472 3013 1805 3056 Consolationis:
1835 3015 1968 3055 habuit
2003 3016 2122 3055 etiam
2152 3026 2297 3056 navem
2320 3015 2360 3055 in
2382 3016 2483 3065 {inu>
2525 3044 2527 3083 1

356 3063 647 3114 Corinthiaco,
674 3065 715 3105 in
736 3079 880 3118 quam,
912 3080 1007 3108 cum
1019 3067 1188 3109 Tomos
1211 3070 1259 3109 ab
1279 3070 1459 3122 Augusto
1484 3070 1680 3121 relegatus
1703 3068 2045 3121 proficisceretur,
2071 3068 2332 3119 conscendit,
2361 3067 2474 3120 post·‘

356 3130 404 3158 ea
435 3130 501 3169 per
531 3116 730 3159 Thraciae
761 3130 912 3171 partem
941 3121 1103 3173 pedibus
1138 3123 1211 3163 iter
1239 3121 1348 3163 fecit.
1412 3120 1621 3163 Profeetus
1650 3133 1787 3163 autem
1816 3122 1870 3163 est
1900 3122 1940 3162 in
1972 3120 2151 3161 exfiliurn
2180 3134 2239 3162 ιν.
2265 3122 2356 3161 ldus
2377 3120 2463 3161 Dte·
2490 3148 2493 3151 »

357 3170 551 3222 cembris,
577 3184 731 3213 annum
764 3186 884 3227 agens
912 3186 950 3214 L.
974 3175 1130 3221 menses
1152 3189 1249 3218 v11.
1278 3176 1362 3217 dies
1398 3188 1496 3218 vero
1516 3187 1605 3219 xm.
1634 3174 1874 3228 Utrumque
1903 3186 1950 3214 ex
1983 3173 2069 3226 ejus
2094 3174 2209 3229 ipfius
2234 3175 2340 3216 libris
2360 3173 2462 3215 testi·
2524 3223 2525 3226 Ἴ

357 3225 506 3269 moniis
524 3225 688 3278 prolatis
711 3227 1004 3283 confirmatur,
1034 3231 1100 3272 lib.
1128 3243 1162 3273 1.
1186 3228 1309 3272 Trist.
1329 3231 1430 3286 eleg.
1457 3243 1542 3272 ιιι.
1566 3230 1613 3271 de
1635 3229 1812 3274 Arcturo
1832 3231 2026 3280 loquens:

2369 3279 2460 3321 ‘Iin-
2524 3263 2525 3266 Ἴ

2534 2245 2547 2350 “25³

2535 1762 2547 2241 22a———‘·
2537 1972 2539 1995 “-
2538 1698 2547 1848 v-·—-⁴
2545 1652 2547 1658 Α
