<?xml version="1.0" encoding="UTF-8"?>
<!DOCTYPE html PUBLIC "-//W3C//DTD XHTML 1.0 Transitional//EN"
    "http://www.w3.org/TR/xhtml1/DTD/xhtml1-transitional.dtd">
<html xmlns="http://www.w3.org/1999/xhtml" xml:lang="en" lang="en">
 <head>
  <title>
</title>
<meta http-equiv="Content-Type" content="text/html;charset=utf-8" />
  <meta name='ocr-system' content='tesseract 3.04.00' />
  <meta name='ocr-capabilities' content='ocr_page ocr_carea ocr_par ocr_line ocrx_word'/>
</head>
<body>
  <div class='ocr_page' id='page_1' title='image "./publiiovidiinaso04ovid_0041.png"; bbox 0 0 2547 3708; ppageno 0'>
   <div class='ocr_carea' id='block_1_1' title="bbox 908 76 1123 132">
    <p class='ocr_par' dir='ltr' id='par_1_1' title="bbox 908 76 1123 132">
     <span class='ocr_line' id='line_1_1' title="bbox 908 76 1123 132; baseline 0.009 -2"><span class='ocrx_word' id='word_1_1' title='bbox 908 78 930 130; x_wconf 80' lang='lat' dir='ltr'>I</span> <span class='ocrx_word' id='word_1_2' title='bbox 1076 76 1123 132; x_wconf 74' lang='lat' dir='ltr'><strong>B</strong></span> 
     </span>
    </p>
   </div>
   <div class='ocr_carea' id='block_1_2' title="bbox 1267 81 1487 138">
    <p class='ocr_par' dir='ltr' id='par_1_2' title="bbox 1267 81 1487 138">
     <span class='ocr_line' id='line_1_2' title="bbox 1267 81 1487 138; baseline 0.018 -4"><span class='ocrx_word' id='word_1_3' title='bbox 1267 81 1292 134; x_wconf 74' lang='grc' dir='ltr'>ῑΙ</span> <span class='ocrx_word' id='word_1_4' title='bbox 1430 83 1487 138; x_wconf 84' lang='lat' dir='ltr'>S.</span> 
     </span>
    </p>
   </div>
   <div class='ocr_carea' id='block_1_3' title="bbox 226 177 1800 618">
    <p class='ocr_par' dir='ltr' id='par_1_3' title="bbox 226 177 1800 618">
     <span class='ocr_line' id='line_1_3' title="bbox 383 177 1800 259; baseline 0.006 -27"><span class='ocrx_word' id='word_1_5' title='bbox 383 178 638 259; x_wconf 79' lang='lat' dir='ltr'>Quasque</span> <span class='ocrx_word' id='word_1_6' title='bbox 664 194 767 248; x_wconf 88' lang='lat' dir='ltr'>ego</span> <span class='ocrx_word' id='word_1_7' title='bbox 793 177 1047 233; x_wconf 84' lang='lat' dir='ltr'>transiero</span> <span class='ocrx_word' id='word_1_8' title='bbox 1074 195 1290 250; x_wconf 86' lang='lat' dir='ltr'>poenas,</span> <span class='ocrx_word' id='word_1_9' title='bbox 1327 184 1556 254; x_wconf 84' lang='lat' dir='ltr'>patiatur</span> <span class='ocrx_word' id='word_1_10' title='bbox 1581 184 1634 239; x_wconf 70' lang='grc' dir='ltr'>δε</span> <span class='ocrx_word' id='word_1_11' title='bbox 1659 183 1800 249; x_wconf 82' lang='lat' dir='ltr'>i&#39;llas;</span> 
     </span>
     <span class='ocr_line' id='line_1_4' title="bbox 454 250 1457 322; baseline 0.007 -19"><span class='ocrx_word' id='word_1_12' title='bbox 454 250 667 304; x_wconf 84' lang='lat' dir='ltr'>Plenius</span> <span class='ocrx_word' id='word_1_13' title='bbox 694 251 910 322; x_wconf 87' lang='lat' dir='ltr'>ingenio</span> <span class='ocrx_word' id='word_1_14' title='bbox 940 251 1000 304; x_wconf 88' lang='lat' dir='ltr'>s1t</span> <span class='ocrx_word' id='word_1_15' title='bbox 1027 252 1182 307; x_wconf 86' lang='lat' dir='ltr'>miser</span> <span class='ocrx_word' id='word_1_16' title='bbox 1206 253 1292 308; x_wconf 90' lang='lat' dir='ltr'>ille</span> <span class='ocrx_word' id='word_1_17' title='bbox 1319 273 1457 310; x_wconf 78' lang='lat' dir='ltr'>meo,</span> 
     </span>
     <span class='ocr_line' id='line_1_5' title="bbox 375 322 1730 385; baseline 0.005 -6"><span class='ocrx_word' id='word_1_18' title='bbox 375 322 526 379; x_wconf 87' lang='lat' dir='ltr'>Neve</span> <span class='ocrx_word' id='word_1_19' title='bbox 552 323 726 378; x_wconf 89' lang='lat' dir='ltr'>minus</span> <span class='ocrx_word' id='word_1_20' title='bbox 750 324 952 378; x_wconf 89' lang='lat' dir='ltr'>valeant</span> <span class='ocrx_word' id='word_1_21' title='bbox 973 323 1155 379; x_wconf 64' lang='lat' dir='ltr'>fiftum</span> <span class='ocrx_word' id='word_1_22' title='bbox 1181 327 1503 384; x_wconf 81' lang='lat' dir='ltr'>exsecrantia</span> <span class='ocrx_word' id='word_1_23' title='bbox 1528 347 1730 385; x_wconf 86' lang='lat' dir='ltr'>nomen</span> 
     </span>
     <span class='ocr_line' id='line_1_6' title="bbox 453 393 1745 467; baseline 0.003 -18"><span class='ocrx_word' id='word_1_24' title='bbox 453 393 596 449; x_wconf 83' lang='lat' dir='ltr'>Vota</span> <span class='ocrx_word' id='word_1_25' title='bbox 624 434 640 457; x_wconf 92' lang='lat'>‚</span> <span class='ocrx_word' id='word_1_26' title='bbox 678 395 849 450; x_wconf 86' lang='lat' dir='ltr'>minus</span> <span class='ocrx_word' id='word_1_27' title='bbox 863 413 1082 467; x_wconf 88' lang='lat' dir='ltr'>magnos</span> <span class='ocrx_word' id='word_1_28' title='bbox 1109 415 1555 456; x_wconf 84' lang='lat' dir='ltr'>commoveantve</span> <span class='ocrx_word' id='word_1_29' title='bbox 1581 402 1745 455; x_wconf 79' lang='lat' dir='ltr'>Deos,</span> 
     </span>
     <span class='ocr_line' id='line_1_7' title="bbox 226 467 1758 549; baseline 0.005 -29"><span class='ocrx_word' id='word_1_30' title='bbox 226 484 288 539; x_wconf 86' lang='lat'>95</span> <span class='ocrx_word' id='word_1_31' title='bbox 368 467 520 522; x_wconf 91' lang='lat' dir='ltr'>Illum</span> <span class='ocrx_word' id='word_1_32' title='bbox 542 484 645 549; x_wconf 82' lang='lat' dir='ltr'>ego</span> <span class='ocrx_word' id='word_1_33' title='bbox 673 468 945 548; x_wconf 78' lang='lat' dir='ltr'>devoveo,</span> <span class='ocrx_word' id='word_1_34' title='bbox 986 485 1148 539; x_wconf 90' lang='lat' dir='ltr'>quem</span> <span class='ocrx_word' id='word_1_35' title='bbox 1176 488 1323 526; x_wconf 87' lang='lat' dir='ltr'>mens</span> <span class='ocrx_word' id='word_1_36' title='bbox 1348 474 1595 546; x_wconf 85' lang='lat' dir='ltr'>intelligit</span> <span class='ocrx_word' id='word_1_37' title='bbox 1620 474 1758 538; x_wconf 70' lang='lat' dir='ltr'>lbin²</span> 
     </span>
     <span class='ocr_line' id='line_1_8' title="bbox 453 538 1535 618; baseline 0.009 -25"><span class='ocrx_word' id='word_1_38' title='bbox 453 540 563 613; x_wconf 80' lang='lat' dir='ltr'>Qul</span> <span class='ocrx_word' id='word_1_39' title='bbox 588 541 638 593; x_wconf 91' lang='lat' dir='ltr'>se</span> <span class='ocrx_word' id='word_1_40' title='bbox 661 539 755 594; x_wconf 79' lang='lat' dir='ltr'>scit</span> <span class='ocrx_word' id='word_1_41' title='bbox 782 538 927 594; x_wconf 69' lang='lat' dir='ltr'>faeus</span> <span class='ocrx_word' id='word_1_42' title='bbox 952 540 1042 596; x_wconf 87' lang='lat' dir='ltr'>has</span> <span class='ocrx_word' id='word_1_43' title='bbox 1067 543 1310 601; x_wconf 81' lang='lat' dir='ltr'>meruisse</span> <span class='ocrx_word' id='word_1_44' title='bbox 1331 563 1535 618; x_wconf 80' lang='lat' dir='ltr'>preces,</span> 
     </span>
    </p>
   </div>
   <div class='ocr_carea' id='block_1_4' title="bbox 88 740 1121 837">
    <p class='ocr_par' dir='ltr' id='par_1_4' title="bbox 88 740 1121 837">
     <span class='ocr_line' id='line_1_9' title="bbox 89 740 1121 792; baseline -0.002 -6"><span class='ocrx_word' id='word_1_45' title='bbox 89 748 187 786; x_wconf 78' lang='lat' dir='ltr'>Haec</span> <span class='ocrx_word' id='word_1_46' title='bbox 205 751 327 784; x_wconf 88' lang='lat' dir='ltr'>autem</span> <span class='ocrx_word' id='word_1_47' title='bbox 347 743 487 785; x_wconf 90' lang='lat' dir='ltr'>locutio</span> <span class='ocrx_word' id='word_1_48' title='bbox 504 754 546 779; x_wconf 86' lang='lat' dir='ltr'>ex</span> <span class='ocrx_word' id='word_1_49' title='bbox 576 742 693 781; x_wconf 83' lang='lat' dir='ltr'><em>ordine</em></span> <span class='ocrx_word' id='word_1_50' title='bbox 723 740 880 792; x_wconf 84' lang='lat' dir='ltr'>Virgilio</span> <span class='ocrx_word' id='word_1_51' title='bbox 900 743 1121 792; x_wconf 84' lang='lat' dir='ltr'>perfamilia-</span> 
     </span>
     <span class='ocr_line' id='line_1_10' title="bbox 88 796 430 837; baseline -0.018 -1"><span class='ocrx_word' id='word_1_52' title='bbox 88 799 133 837; x_wconf 83' lang='lat' dir='ltr'>ris</span> <span class='ocrx_word' id='word_1_53' title='bbox 154 796 214 835; x_wconf 85' lang='lat' dir='ltr'>est.</span> <span class='ocrx_word' id='word_1_54' title='bbox 235 796 430 834; x_wconf 74' lang='lat' dir='ltr'>SALVAGN.</span> 
     </span>
    </p>
   </div>
   <div class='ocr_carea' id='block_1_5' title="bbox 2087 620 2216 677">
    <p class='ocr_par' dir='ltr' id='par_1_5' title="bbox 2087 620 2216 677">
     <span class='ocr_line' id='line_1_11' title="bbox 2087 620 2216 677; baseline -0.008 0"><span class='ocrx_word' id='word_1_55' title='bbox 2087 620 2216 677; x_wconf 82' lang='lat' dir='ltr'>Nul-</span> 
     </span>
    </p>
   </div>
   <div class='ocr_carea' id='block_1_6' title="bbox 1176 745 2218 852">
    <p class='ocr_par' dir='ltr' id='par_1_6' title="bbox 1176 745 2218 852">
     <span class='ocr_line' id='line_1_12' title="bbox 1178 745 2218 798; baseline -0.001 -15"><span class='ocrx_word' id='word_1_56' title='bbox 1178 747 1291 793; x_wconf 67' lang='grc' dir='ltr'><em>τῶροις</em></span> <span class='ocrx_word' id='word_1_57' title='bbox 1321 749 1562 797; x_wconf 72' lang='grc' dir='ltr'><em>πρεσβυτικῆς</em></span> <span class='ocrx_word' id='word_1_58' title='bbox 1595 748 1758 794; x_wconf 68' lang='grc' dir='ltr'>προῆλθε,</span> <span class='ocrx_word' id='word_1_59' title='bbox 1804 749 1917 798; x_wconf 73' lang='lat' dir='ltr'>Thesei</span> <span class='ocrx_word' id='word_1_60' title='bbox 1941 747 2135 797; x_wconf 78' lang='lat' dir='ltr'><em>indignatio</em></span> <span class='ocrx_word' id='word_1_61' title='bbox 2168 745 2218 783; x_wconf 77' lang='lat' dir='ltr'>ad</span> 
     </span>
     <span class='ocr_line' id='line_1_13' title="bbox 1176 798 2216 852; baseline -0.002 -17"><span class='ocrx_word' id='word_1_62' title='bbox 1176 799 1284 836; x_wconf 84' lang='lat' dir='ltr'>verba</span> <span class='ocrx_word' id='word_1_63' title='bbox 1302 814 1408 852; x_wconf 79' lang='lat' dir='ltr'>usque</span> <span class='ocrx_word' id='word_1_64' title='bbox 1426 812 1470 840; x_wconf 66' lang='lat' dir='ltr'>ey</span> <span class='ocrx_word' id='word_1_65' title='bbox 1488 800 1642 837; x_wconf 78' lang='lat' dir='ltr'>convicia</span> <span class='ocrx_word' id='word_1_66' title='bbox 1665 813 1708 841; x_wconf 66' lang='grc' dir='ltr'>(φ</span> <span class='ocrx_word' id='word_1_67' title='bbox 1736 800 1929 838; x_wconf 81' lang='lat' dir='ltr'><em>devotiones</em></span> <span class='ocrx_word' id='word_1_68' title='bbox 1953 801 2061 837; x_wconf 77' lang='lat' dir='ltr'>anites</span> <span class='ocrx_word' id='word_1_69' title='bbox 2078 798 2120 845; x_wconf 85' lang='lat' dir='ltr'>est</span> <span class='ocrx_word' id='word_1_70' title='bbox 2138 806 2216 845; x_wconf 86' lang='lat' dir='ltr'>pro-</span> 
     </span>
    </p>
   </div>
   <div class='ocr_carea' id='block_1_7' title="bbox 144 849 2215 910">
    <p class='ocr_par' dir='ltr' id='par_1_7' title="bbox 144 849 2215 910">
     <span class='ocr_line' id='line_1_14' title="bbox 144 849 2215 910; baseline -0.004 -11"><span class='ocrx_word' id='word_1_71' title='bbox 144 862 206 908; x_wconf 87' lang='lat'>87.</span> <span class='ocrx_word' id='word_1_72' title='bbox 233 856 406 910; x_wconf 58' lang='lat' dir='ltr'>optatis]</span> <span class='ocrx_word' id='word_1_73' title='bbox 436 858 478 895; x_wconf 86' lang='lat' dir='ltr'>In</span> <span class='ocrx_word' id='word_1_74' title='bbox 497 857 681 896; x_wconf 85' lang='lat' dir='ltr'><strong>nonnullis</strong></span> <span class='ocrx_word' id='word_1_75' title='bbox 701 855 795 903; x_wconf 85' lang='lat' dir='ltr'>effe,</span> <span class='ocrx_word' id='word_1_76' title='bbox 822 858 993 907; x_wconf 70' lang='lat' dir='ltr'>hortaris,</span> <span class='ocrx_word' id='word_1_77' title='bbox 1017 869 1123 901; x_wconf 84' lang='lat' dir='ltr'>notat</span> <span class='ocrx_word' id='word_1_78' title='bbox 1171 849 1289 898; x_wconf 72' lang='lat' dir='ltr'>greffa.</span> <span class='ocrx_word' id='word_1_79' title='bbox 1310 852 1427 899; x_wconf 85' lang='lat' dir='ltr'>Quod</span> <span class='ocrx_word' id='word_1_80' title='bbox 1448 853 1560 889; x_wconf 81' lang='lat' dir='ltr'>etiarn</span> <span class='ocrx_word' id='word_1_81' title='bbox 1582 851 1707 888; x_wconf 81' lang='lat' dir='ltr'>Parall-</span> <span class='ocrx_word' id='word_1_82' title='bbox 1726 863 1804 900; x_wconf 83' lang='lat' dir='ltr'>cap·</span> <span class='ocrx_word' id='word_1_83' title='bbox 1828 861 1884 897; x_wconf 81' lang='lat'>34·</span> <span class='ocrx_word' id='word_1_84' title='bbox 1914 855 2215 890; x_wconf 80' lang='lat' dir='ltr'>commemorat,</span> 
     </span>
    </p>
   </div>
   <div class='ocr_carea' id='block_1_8' title="bbox 90 912 269 960">
    <p class='ocr_par' dir='ltr' id='par_1_8' title="bbox 90 912 269 960">
     <span class='ocr_line' id='line_1_15' title="bbox 90 912 269 960; baseline -0.017 -8"><span class='ocrx_word' id='word_1_85' title='bbox 90 912 269 960; x_wconf 68' lang='lat' dir='ltr'>Valerius.</span> 
     </span>
    </p>
   </div>
   <div class='ocr_carea' id='block_1_9' title="bbox 90 977 1122 1128">
    <p class='ocr_par' dir='ltr' id='par_1_9' title="bbox 90 977 1122 1128">
     <span class='ocr_line' id='line_1_16' title="bbox 147 977 1121 1030; baseline -0.002 -7"><span class='ocrx_word' id='word_1_86' title='bbox 147 981 207 1022; x_wconf 83' lang='lat'>88.</span> <span class='ocrx_word' id='word_1_87' title='bbox 233 985 279 1018; x_wconf 85' lang='lat' dir='ltr'>Et</span> <span class='ocrx_word' id='word_1_88' title='bbox 289 978 339 1028; x_wconf 80' lang='lat' dir='ltr'>fit</span> <span class='ocrx_word' id='word_1_89' title='bbox 364 989 445 1029; x_wconf 87' lang='lat' dir='ltr'>pars</span> <span class='ocrx_word' id='word_1_90' title='bbox 468 977 545 1015; x_wconf 80' lang='lat' dir='ltr'>voti</span> <span class='ocrx_word' id='word_1_91' title='bbox 572 977 672 1016; x_wconf 78' lang='lat' dir='ltr'>nulla</span> <span class='ocrx_word' id='word_1_92' title='bbox 695 979 824 1016; x_wconf 75' lang='lat' dir='ltr'>caduca</span> <span class='ocrx_word' id='word_1_93' title='bbox 846 979 952 1030; x_wconf 83' lang='lat' dir='ltr'>mei.]</span> <span class='ocrx_word' id='word_1_94' title='bbox 1008 982 1121 1021; x_wconf 84' lang='lat' dir='ltr'>Liber</span> 
     </span>
     <span class='ocr_line' id='line_1_17' title="bbox 95 1027 1122 1078; baseline 0 -11"><span class='ocrx_word' id='word_1_95' title='bbox 95 1041 198 1072; x_wconf 86' lang='lat' dir='ltr'>vetus</span> <span class='ocrx_word' id='word_1_96' title='bbox 223 1060 233 1076; x_wconf 92' lang='lat'>‚</span> <span class='ocrx_word' id='word_1_97' title='bbox 272 1043 316 1071; x_wconf 58' lang='grc' dir='ltr'>(γ’</span> <span class='ocrx_word' id='word_1_98' title='bbox 340 1039 420 1078; x_wconf 89' lang='lat' dir='ltr'>pars</span> <span class='ocrx_word' id='word_1_99' title='bbox 443 1027 491 1077; x_wconf 83' lang='lat' dir='ltr'>fit</span> <span class='ocrx_word' id='word_1_100' title='bbox 519 1030 606 1067; x_wconf 79' lang='lat' dir='ltr'>voti.</span> <span class='ocrx_word' id='word_1_101' title='bbox 632 1029 755 1077; x_wconf 82' lang='lat' dir='ltr'>paullo</span> <span class='ocrx_word' id='word_1_102' title='bbox 775 1029 929 1068; x_wconf 85' lang='lat' dir='ltr'>suavius.</span> <span class='ocrx_word' id='word_1_103' title='bbox 953 1032 1122 1071; x_wconf 68' lang='lat' dir='ltr'>CxorAn.</span> 
     </span>
     <span class='ocr_line' id='line_1_18' title="bbox 90 1079 942 1128; baseline -0.001 -7"><span class='ocrx_word' id='word_1_104' title='bbox 90 1083 194 1124; x_wconf 87' lang='lat' dir='ltr'>Idem</span> <span class='ocrx_word' id='word_1_105' title='bbox 213 1082 310 1121; x_wconf 86' lang='lat' dir='ltr'>lib.1.</span> <span class='ocrx_word' id='word_1_106' title='bbox 333 1080 420 1119; x_wconf 90' lang='lat' dir='ltr'>Fast.</span> <span class='ocrx_word' id='word_1_107' title='bbox 442 1079 588 1116; x_wconf 76' lang='lat' dir='ltr'>caducas</span> <span class='ocrx_word' id='word_1_108' title='bbox 600 1088 708 1128; x_wconf 85' lang='lat' dir='ltr'><em>preces</em></span> <span class='ocrx_word' id='word_1_109' title='bbox 718 1079 807 1119; x_wconf 81' lang='lat' dir='ltr'>dixit</span> <span class='ocrx_word' id='word_1_110' title='bbox 818 1080 942 1120; x_wconf 84' lang='lat' dir='ltr'>inhis:</span> 
     </span>
    </p>
   </div>
   <div class='ocr_carea' id='block_1_10' title="bbox 142 1142 772 1246">
    <p class='ocr_par' dir='ltr' id='par_1_10' title="bbox 142 1142 772 1246">
     <span class='ocr_line' id='line_1_19' title="bbox 392 1142 772 1192; baseline 0 -11"><span class='ocrx_word' id='word_1_111' title='bbox 392 1149 462 1181; x_wconf 80' lang='lat' dir='ltr'>Nec</span> <span class='ocrx_word' id='word_1_112' title='bbox 488 1142 607 1192; x_wconf 82' lang='lat' dir='ltr'>lingua</span> <span class='ocrx_word' id='word_1_113' title='bbox 626 1142 772 1181; x_wconf 81' lang='lat' dir='ltr'>caducas</span> 
     </span>
     <span class='ocr_line' id='line_1_20' title="bbox 142 1195 516 1246; baseline -0.016 -10"><span class='ocrx_word' id='word_1_114' title='bbox 142 1198 298 1246; x_wconf 81' lang='lat' dir='ltr'><em>Concipit</em></span> <span class='ocrx_word' id='word_1_115' title='bbox 318 1195 390 1232; x_wconf 87' lang='lat' dir='ltr'><em>ulla</em></span> <span class='ocrx_word' id='word_1_116' title='bbox 407 1203 516 1243; x_wconf 86' lang='lat' dir='ltr'><em>preces</em></span> 
     </span>
    </p>
   </div>
   <div class='ocr_carea' id='block_1_11' title="bbox 89 1258 1125 1311">
    <p class='ocr_par' dir='ltr' id='par_1_11' title="bbox 89 1258 1125 1311">
     <span class='ocr_line' id='line_1_21' title="bbox 89 1258 1125 1311; baseline -0.01 -9"><span class='ocrx_word' id='word_1_117' title='bbox 89 1259 423 1311; x_wconf 86' lang='lat' dir='ltr'>Quemadmodum</span> <span class='ocrx_word' id='word_1_118' title='bbox 445 1258 615 1297; x_wconf 83' lang='lat' dir='ltr'>Tibullus</span> <span class='ocrx_word' id='word_1_119' title='bbox 637 1267 722 1295; x_wconf 85' lang='lat' dir='ltr'><em>vota</em></span> <span class='ocrx_word' id='word_1_120' title='bbox 745 1258 863 1298; x_wconf 85' lang='lat' dir='ltr'>cadere</span> <span class='ocrx_word' id='word_1_121' title='bbox 879 1288 891 1306; x_wconf 94' lang='lat'>,</span> <span class='ocrx_word' id='word_1_122' title='bbox 917 1260 978 1300; x_wconf 87' lang='lat' dir='ltr'>lib.</span> <span class='ocrx_word' id='word_1_123' title='bbox 1002 1273 1048 1300; x_wconf 92' lang='lat'>11.</span> <span class='ocrx_word' id='word_1_124' title='bbox 1074 1262 1125 1300; x_wconf 79' lang='lat' dir='ltr'>E-</span> 
     </span>
    </p>
   </div>
   <div class='ocr_carea' id='block_1_12' title="bbox 90 1317 1085 1420">
    <p class='ocr_par' dir='ltr' id='par_1_12' title="bbox 90 1317 1085 1420">
     <span class='ocr_line' id='line_1_22' title="bbox 90 1317 234 1362; baseline 0.007 -12"><span class='ocrx_word' id='word_1_125' title='bbox 90 1317 160 1362; x_wconf 82' lang='lat' dir='ltr'>leg.</span> <span class='ocrx_word' id='word_1_126' title='bbox 186 1326 234 1354; x_wconf 82' lang='lat'>11.</span> 
     </span>
     <span class='ocr_line' id='line_1_23' title="bbox 140 1370 1085 1420; baseline -0.001 -8"><span class='ocrx_word' id='word_1_127' title='bbox 140 1380 225 1412; x_wconf 82' lang='lat' dir='ltr'>Vota</span> <span class='ocrx_word' id='word_1_128' title='bbox 243 1375 393 1419; x_wconf 84' lang='lat' dir='ltr'>cadunt,</span> <span class='ocrx_word' id='word_1_129' title='bbox 421 1371 559 1409; x_wconf 77' lang='lat' dir='ltr'>utinam</span> <span class='ocrx_word' id='word_1_130' title='bbox 574 1370 834 1420; x_wconf 81' lang='lat' dir='ltr'>strepitantibus</span> <span class='ocrx_word' id='word_1_131' title='bbox 850 1371 991 1411; x_wconf 80' lang='lat' dir='ltr'>advolet</span> <span class='ocrx_word' id='word_1_132' title='bbox 1008 1372 1085 1412; x_wconf 86' lang='lat' dir='ltr'>alis.</span> 
     </span>
    </p>
   </div>
   <div class='ocr_carea' id='block_1_13' title="bbox 89 1436 859 1557">
    <p class='ocr_par' dir='ltr' id='par_1_13' title="bbox 89 1436 859 1557">
     <span class='ocr_line' id='line_1_24' title="bbox 89 1436 730 1488; baseline -0.008 -9"><span class='ocrx_word' id='word_1_133' title='bbox 89 1439 137 1479; x_wconf 91' lang='lat' dir='ltr'>Et</span> <span class='ocrx_word' id='word_1_134' title='bbox 155 1439 362 1488; x_wconf 86' lang='lat' dir='ltr'>Propertius</span> <span class='ocrx_word' id='word_1_135' title='bbox 382 1436 444 1475; x_wconf 86' lang='lat' dir='ltr'>lib.</span> <span class='ocrx_word' id='word_1_136' title='bbox 464 1448 492 1474; x_wconf 88' lang='lat'>1.</span> <span class='ocrx_word' id='word_1_137' title='bbox 511 1436 612 1485; x_wconf 87' lang='lat' dir='ltr'>Eleg.</span> <span class='ocrx_word' id='word_1_138' title='bbox 630 1446 730 1474; x_wconf 84' lang='lat' dir='ltr'>xvn.</span> 
     </span>
     <span class='ocr_line' id='line_1_25' title="bbox 139 1504 859 1557; baseline -0.004 -10"><span class='ocrx_word' id='word_1_139' title='bbox 139 1529 202 1539; x_wconf 91' lang='grc'><strong>-</strong></span> <span class='ocrx_word' id='word_1_140' title='bbox 226 1530 298 1539; x_wconf 93' lang='grc'><strong>-</strong></span> <span class='ocrx_word' id='word_1_141' title='bbox 326 1514 463 1557; x_wconf 84' lang='lat' dir='ltr'>Ingrato</span> <span class='ocrx_word' id='word_1_142' title='bbox 475 1504 591 1543; x_wconf 82' lang='lat' dir='ltr'>littore</span> <span class='ocrx_word' id='word_1_143' title='bbox 606 1514 691 1542; x_wconf 84' lang='lat' dir='ltr'><em>vota</em></span> <span class='ocrx_word' id='word_1_144' title='bbox 715 1506 859 1544; x_wconf 85' lang='lat' dir='ltr'>cadunt.</span> 
     </span>
    </p>
   </div>
   <div class='ocr_carea' id='block_1_14' title="bbox 87 1569 1122 1670">
    <p class='ocr_par' dir='ltr' id='par_1_14' title="bbox 87 1569 1122 1670">
     <span class='ocr_line' id='line_1_26' title="bbox 88 1569 1122 1665; baseline -0.005 -49"><span class='ocrx_word' id='word_1_145' title='bbox 88 1579 287 1665; x_wconf 42' lang='lat' dir='ltr'>stuwi-fn.</span> <span class='ocrx_word' id='word_1_146' title='bbox 305 1580 364 1663; x_wconf 68' lang='lat' dir='ltr'>stst</span> <span class='ocrx_word' id='word_1_147' title='bbox 387 1583 470 1623; x_wconf 85' lang='lat' dir='ltr'>pars</span> <span class='ocrx_word' id='word_1_148' title='bbox 483 1569 531 1621; x_wconf 83' lang='lat' dir='ltr'>fit</span> <span class='ocrx_word' id='word_1_149' title='bbox 557 1582 651 1610; x_wconf 86' lang='lat' dir='ltr'>unus</span> <span class='ocrx_word' id='word_1_150' title='bbox 672 1572 822 1623; x_wconf 46' lang='lat' dir='ltr'>Regiusi</span> <span class='ocrx_word' id='word_1_151' title='bbox 842 1575 970 1624; x_wconf 84' lang='lat' dir='ltr'><em>Expers</em></span> <span class='ocrx_word' id='word_1_152' title='bbox 987 1581 1027 1610; x_wconf 88' lang='lat' dir='ltr'>ut</span> <span class='ocrx_word' id='word_1_153' title='bbox 1045 1572 1122 1611; x_wconf 84' lang='lat' dir='ltr'>voti</span> 
     </span>
     <span class='ocr_line' id='line_1_27' title="bbox 87 1637 354 1670; baseline -0.03 0"><span class='ocrx_word' id='word_1_154' title='bbox 87 1640 179 1670; x_wconf 88' lang='lat' dir='ltr'>unus</span> <span class='ocrx_word' id='word_1_155' title='bbox 243 1637 300 1664; x_wconf 76' lang='lat' dir='ltr'>ein</span> <span class='ocrx_word' id='word_1_156' title='bbox 316 1637 354 1663; x_wconf 83' lang='grc' dir='ltr'>ιι.</span> 
     </span>
    </p>
   </div>
   <div class='ocr_carea' id='block_1_15' title="bbox 137 1687 983 1792">
    <p class='ocr_par' dir='ltr' id='par_1_15' title="bbox 137 1687 983 1792">
     <span class='ocr_line' id='line_1_28' title="bbox 137 1687 900 1740; baseline -0.007 -10"><span class='ocrx_word' id='word_1_157' title='bbox 137 1692 198 1740; x_wconf 82' lang='grc'>89.</span> <span class='ocrx_word' id='word_1_158' title='bbox 230 1692 396 1739; x_wconf 68' lang='lat' dir='ltr'>Qaeque</span> <span class='ocrx_word' id='word_1_159' title='bbox 412 1687 563 1738; x_wconf 64' lang='lat' dir='ltr'>preston]</span> <span class='ocrx_word' id='word_1_160' title='bbox 593 1694 711 1726; x_wconf 77' lang='lat' dir='ltr'>Precor</span> <span class='ocrx_word' id='word_1_161' title='bbox 729 1687 900 1726; x_wconf 88' lang='lat' dir='ltr'>Vatican.</span> 
     </span>
     <span class='ocr_line' id='line_1_29' title="bbox 137 1738 983 1792; baseline 0 -14"><span class='ocrx_word' id='word_1_162' title='bbox 137 1742 198 1792; x_wconf 86' lang='lat'>89.</span> <span class='ocrx_word' id='word_1_163' title='bbox 225 1740 287 1778; x_wconf 85' lang='lat' dir='ltr'>Sed</span> <span class='ocrx_word' id='word_1_164' title='bbox 306 1738 401 1789; x_wconf 65' lang='lat' dir='ltr'>ille]</span> <span class='ocrx_word' id='word_1_165' title='bbox 434 1739 498 1776; x_wconf 81' lang='lat' dir='ltr'>Illa</span> <span class='ocrx_word' id='word_1_166' title='bbox 519 1751 564 1777; x_wconf 83' lang='lat' dir='ltr'>ex</span> <span class='ocrx_word' id='word_1_167' title='bbox 584 1739 808 1778; x_wconf 83' lang='lat' dir='ltr'>melioribus.</span> <span class='ocrx_word' id='word_1_168' title='bbox 835 1739 983 1778; x_wconf 70' lang='lat' dir='ltr'>Hz-zms.</span> 
     </span>
    </p>
   </div>
   <div class='ocr_carea' id='block_1_16' title="bbox 81 1799 1123 2299">
    <p class='ocr_par' dir='ltr' id='par_1_16' title="bbox 81 1799 1123 2299">
     <span class='ocr_line' id='line_1_30' title="bbox 133 1799 1116 1856; baseline -0.008 -11"><span class='ocrx_word' id='word_1_169' title='bbox 133 1819 197 1856; x_wconf 82' lang='lat'>90.</span> <span class='ocrx_word' id='word_1_170' title='bbox 225 1802 405 1854; x_wconf 73' lang='lat' dir='ltr'>Pastphae&#39;s</span> <span class='ocrx_word' id='word_1_171' title='bbox 420 1803 533 1850; x_wconf 80' lang='lat' dir='ltr'><em>generi</em></span> <span class='ocrx_word' id='word_1_172' title='bbox 549 1801 655 1840; x_wconf 81' lang='lat' dir='ltr'>verba</span> <span class='ocrx_word' id='word_1_173' title='bbox 666 1801 766 1850; x_wconf 76' lang='lat' dir='ltr'>fuisse</span> <span class='ocrx_word' id='word_1_174' title='bbox 776 1799 913 1850; x_wconf 88' lang='lat' dir='ltr'>putet.]</span> <span class='ocrx_word' id='word_1_175' title='bbox 944 1800 1033 1839; x_wconf 88' lang='lat' dir='ltr'>Hoc</span> <span class='ocrx_word' id='word_1_176' title='bbox 1045 1799 1116 1844; x_wconf 88' lang='lat' dir='ltr'>est,</span> 
     </span>
     <span class='ocr_line' id='line_1_31' title="bbox 85 1851 1120 1902; baseline -0.007 -5"><span class='ocrx_word' id='word_1_177' title='bbox 85 1867 161 1897; x_wconf 82' lang='lat' dir='ltr'>tam</span> <span class='ocrx_word' id='word_1_178' title='bbox 193 1864 287 1895; x_wconf 85' lang='lat' dir='ltr'>certa</span> <span class='ocrx_word' id='word_1_179' title='bbox 319 1856 356 1891; x_wconf 87' lang='lat'>&amp;</span> <span class='ocrx_word' id='word_1_180' title='bbox 387 1853 572 1898; x_wconf 88' lang='lat' dir='ltr'>efficacia,</span> <span class='ocrx_word' id='word_1_181' title='bbox 600 1864 711 1902; x_wconf 84' lang='lat' dir='ltr'>quam</span> <span class='ocrx_word' id='word_1_182' title='bbox 736 1852 886 1890; x_wconf 88' lang='lat' dir='ltr'>fuerunt</span> <span class='ocrx_word' id='word_1_183' title='bbox 907 1851 1045 1890; x_wconf 89' lang='lat' dir='ltr'>Thesei</span> <span class='ocrx_word' id='word_1_184' title='bbox 1067 1853 1120 1898; x_wconf 89' lang='lat' dir='ltr'>(is</span> 
     </span>
     <span class='ocr_line' id='line_1_32' title="bbox 85 1902 1123 1955; baseline -0.007 -9"><span class='ocrx_word' id='word_1_185' title='bbox 85 1909 184 1946; x_wconf 88' lang='lat' dir='ltr'>enim</span> <span class='ocrx_word' id='word_1_186' title='bbox 196 1917 304 1955; x_wconf 86' lang='lat' dir='ltr'>gener</span> <span class='ocrx_word' id='word_1_187' title='bbox 315 1903 505 1952; x_wconf 79' lang='lat' dir='ltr'>Pafipha&#39;e&#39;s</span> <span class='ocrx_word' id='word_1_188' title='bbox 524 1905 592 1942; x_wconf 86' lang='lat' dir='ltr'>fuit</span> <span class='ocrx_word' id='word_1_189' title='bbox 606 1931 616 1947; x_wconf 92' lang='lat'>‚</span> <span class='ocrx_word' id='word_1_190' title='bbox 644 1916 688 1941; x_wconf 83' lang='lat' dir='ltr'>ex</span> <span class='ocrx_word' id='word_1_191' title='bbox 708 1902 889 1950; x_wconf 84' lang='lat' dir='ltr'>Phoedra)</span> <span class='ocrx_word' id='word_1_192' title='bbox 917 1903 1025 1941; x_wconf 88' lang='lat' dir='ltr'>verba</span> <span class='ocrx_word' id='word_1_193' title='bbox 1039 1902 1097 1940; x_wconf 86' lang='lat' dir='ltr'>illa</span> <span class='ocrx_word' id='word_1_194' title='bbox 1113 1930 1123 1947; x_wconf 93' lang='lat'><em>,</em></span> 
     </span>
     <span class='ocr_line' id='line_1_33' title="bbox 84 1952 1121 2008; baseline -0.005 -12"><span class='ocrx_word' id='word_1_195' title='bbox 84 1957 215 2008; x_wconf 85' lang='lat' dir='ltr'>quibus</span> <span class='ocrx_word' id='word_1_196' title='bbox 236 1958 451 2003; x_wconf 80' lang='lat' dir='ltr'>imprecatus</span> <span class='ocrx_word' id='word_1_197' title='bbox 468 1954 517 1991; x_wconf 89' lang='lat' dir='ltr'>est</span> <span class='ocrx_word' id='word_1_198' title='bbox 535 1954 747 2002; x_wconf 91' lang='lat' dir='ltr'>Hippolyto</span> <span class='ocrx_word' id='word_1_199' title='bbox 775 1953 853 1990; x_wconf 92' lang='lat' dir='ltr'>filio</span> <span class='ocrx_word' id='word_1_200' title='bbox 867 1979 878 1996; x_wconf 93' lang='lat'><strong>,</strong></span> <span class='ocrx_word' id='word_1_201' title='bbox 905 1952 1121 2001; x_wconf 87' lang='lat' dir='ltr'>postulando</span> 
     </span>
     <span class='ocr_line' id='line_1_34' title="bbox 85 2003 1121 2055; baseline -0.008 -8"><span class='ocrx_word' id='word_1_202' title='bbox 85 2008 108 2047; x_wconf 70' lang='grc' dir='ltr'><strong>ὲ</strong></span> <span class='ocrx_word' id='word_1_203' title='bbox 130 2009 307 2055; x_wconf 79' lang='lat' dir='ltr'>Neptuno</span> <span class='ocrx_word' id='word_1_204' title='bbox 328 2011 426 2051; x_wconf 82' lang='lat' dir='ltr'>patre</span> <span class='ocrx_word' id='word_1_205' title='bbox 441 2031 451 2047; x_wconf 92' lang='lat'><strong>,</strong></span> <span class='ocrx_word' id='word_1_206' title='bbox 480 2012 518 2040; x_wconf 84' lang='lat' dir='ltr'>ut</span> <span class='ocrx_word' id='word_1_207' title='bbox 537 2003 606 2040; x_wconf 85' lang='lat' dir='ltr'>sese</span> <span class='ocrx_word' id='word_1_208' title='bbox 626 2003 793 2040; x_wconf 88' lang='lat' dir='ltr'>adversus</span> <span class='ocrx_word' id='word_1_209' title='bbox 811 2003 911 2039; x_wconf 82' lang='lat' dir='ltr'>ilium</span> <span class='ocrx_word' id='word_1_210' title='bbox 934 2003 1121 2040; x_wconf 88' lang='lat' dir='ltr'>ulciscere-</span> 
     </span>
     <span class='ocr_line' id='line_1_35' title="bbox 83 2050 1120 2105; baseline -0.009 -7"><span class='ocrx_word' id='word_1_211' title='bbox 83 2068 154 2098; x_wconf 84' lang='lat' dir='ltr'>tur.</span> <span class='ocrx_word' id='word_1_212' title='bbox 180 2055 282 2105; x_wconf 91' lang='lat' dir='ltr'>quod</span> <span class='ocrx_word' id='word_1_213' title='bbox 302 2056 339 2090; x_wconf 87' lang='lat'>&amp;</span> <span class='ocrx_word' id='word_1_214' title='bbox 361 2053 495 2089; x_wconf 71' lang='lat' dir='ltr'>saecum</span> <span class='ocrx_word' id='word_1_215' title='bbox 511 2079 521 2094; x_wconf 88' lang='lat'><strong>,</strong></span> <span class='ocrx_word' id='word_1_216' title='bbox 550 2050 711 2089; x_wconf 83' lang='lat' dir='ltr'>irnmiffo</span> <span class='ocrx_word' id='word_1_217' title='bbox 740 2053 881 2100; x_wconf 89' lang='lat' dir='ltr'>phoca,</span> <span class='ocrx_word' id='word_1_218' title='bbox 909 2050 983 2088; x_wconf 90' lang='lat' dir='ltr'>five</span> <span class='ocrx_word' id='word_1_219' title='bbox 1003 2052 1120 2089; x_wconf 88' lang='lat' dir='ltr'>vitulo</span> 
     </span>
     <span class='ocr_line' id='line_1_36' title="bbox 85 2102 1120 2152; baseline -0.008 -5"><span class='ocrx_word' id='word_1_220' title='bbox 85 2109 230 2147; x_wconf 82' lang='lat' dir='ltr'>marino</span> <span class='ocrx_word' id='word_1_221' title='bbox 245 2104 288 2150; x_wconf 72' lang='lat' dir='ltr'>,a</span> <span class='ocrx_word' id='word_1_222' title='bbox 308 2114 384 2152; x_wconf 86' lang='lat' dir='ltr'>quo</span> <span class='ocrx_word' id='word_1_223' title='bbox 403 2103 487 2150; x_wconf 79' lang='lat' dir='ltr'>equi</span> <span class='ocrx_word' id='word_1_224' title='bbox 509 2102 599 2138; x_wconf 88' lang='lat' dir='ltr'>illius</span> <span class='ocrx_word' id='word_1_225' title='bbox 613 2129 622 2144; x_wconf 91' lang='lat'><strong>‚</strong></span> <span class='ocrx_word' id='word_1_226' title='bbox 647 2103 682 2137; x_wconf 89' lang='lat' dir='ltr'>in</span> <span class='ocrx_word' id='word_1_227' title='bbox 703 2113 882 2147; x_wconf 85' lang='lat' dir='ltr'>pavorem</span> <span class='ocrx_word' id='word_1_228' title='bbox 905 2102 942 2138; x_wconf 87' lang='lat'>&amp;</span> <span class='ocrx_word' id='word_1_229' title='bbox 961 2102 1120 2139; x_wconf 87' lang='lat' dir='ltr'>conster-</span> 
     </span>
     <span class='ocr_line' id='line_1_37' title="bbox 82 2149 1118 2201; baseline -0.013 -3"><span class='ocrx_word' id='word_1_230' title='bbox 82 2160 274 2199; x_wconf 83' lang='lat' dir='ltr'>nationem</span> <span class='ocrx_word' id='word_1_231' title='bbox 299 2152 464 2201; x_wconf 77' lang='lat' dir='ltr'>impulsi,</span> <span class='ocrx_word' id='word_1_232' title='bbox 489 2162 631 2189; x_wconf 87' lang='lat' dir='ltr'>currum</span> <span class='ocrx_word' id='word_1_233' title='bbox 653 2157 763 2198; x_wconf 88' lang='lat' dir='ltr'>atque</span> <span class='ocrx_word' id='word_1_234' title='bbox 785 2149 902 2196; x_wconf 88' lang='lat' dir='ltr'>ipsum</span> <span class='ocrx_word' id='word_1_235' title='bbox 926 2150 1118 2186; x_wconf 64' lang='lat' dir='ltr'>vectorem</span> 
     </span>
     <span class='ocr_line' id='line_1_38' title="bbox 81 2198 1119 2258; baseline -0.008 -13"><span class='ocrx_word' id='word_1_236' title='bbox 81 2208 330 2258; x_wconf 86' lang='lat' dir='ltr'>Hippolytum</span> <span class='ocrx_word' id='word_1_237' title='bbox 345 2232 354 2247; x_wconf 92' lang='lat'><em>‚</em></span> <span class='ocrx_word' id='word_1_238' title='bbox 382 2204 418 2241; x_wconf 89' lang='lat' dir='ltr'>in</span> <span class='ocrx_word' id='word_1_239' title='bbox 441 2201 620 2239; x_wconf 90' lang='lat' dir='ltr'>diversum</span> <span class='ocrx_word' id='word_1_240' title='bbox 642 2201 815 2238; x_wconf 78' lang='lat' dir='ltr'>abeuntes</span> <span class='ocrx_word' id='word_1_241' title='bbox 835 2198 957 2242; x_wconf 89' lang='lat' dir='ltr'>cursu,</span> <span class='ocrx_word' id='word_1_242' title='bbox 985 2199 1119 2237; x_wconf 84' lang='lat' dir='ltr'>lacera-</span> 
     </span>
     <span class='ocr_line' id='line_1_39' title="bbox 81 2249 1117 2299; baseline -0.01 0"><span class='ocrx_word' id='word_1_243' title='bbox 81 2267 228 2298; x_wconf 82' lang='lat' dir='ltr'>verunt.</span> <span class='ocrx_word' id='word_1_244' title='bbox 265 2257 365 2294; x_wconf 84' lang='lat' dir='ltr'>Nota</span> <span class='ocrx_word' id='word_1_245' title='bbox 390 2253 437 2290; x_wconf 89' lang='lat' dir='ltr'>est</span> <span class='ocrx_word' id='word_1_246' title='bbox 466 2251 585 2290; x_wconf 68' lang='lat' dir='ltr'>fabula</span> <span class='ocrx_word' id='word_1_247' title='bbox 608 2263 651 2289; x_wconf 88' lang='lat' dir='ltr'>ex</span> <span class='ocrx_word' id='word_1_248' title='bbox 681 2250 892 2299; x_wconf 88' lang='lat' dir='ltr'>Hippolyto</span> <span class='ocrx_word' id='word_1_249' title='bbox 910 2249 1117 2299; x_wconf 86' lang='lat' dir='ltr'>Euripidis,</span> 
     </span>
    </p>
   </div>
   <div class='ocr_carea' id='block_1_17' title="bbox 82 2303 1117 2887">
    <p class='ocr_par' dir='ltr' id='par_1_17' title="bbox 84 2303 986 2481">
     <span class='ocr_line' id='line_1_40' title="bbox 84 2303 696 2355; baseline -0.02 -5"><span class='ocrx_word' id='word_1_250' title='bbox 84 2310 145 2349; x_wconf 90' lang='lat' dir='ltr'>ubi</span> <span class='ocrx_word' id='word_1_251' title='bbox 166 2309 237 2355; x_wconf 72' lang='lat' dir='ltr'>ipse</span> <span class='ocrx_word' id='word_1_252' title='bbox 255 2305 420 2344; x_wconf 82' lang='lat' dir='ltr'>Theseus</span> <span class='ocrx_word' id='word_1_253' title='bbox 442 2303 488 2340; x_wconf 87' lang='lat' dir='ltr'>fic</span> <span class='ocrx_word' id='word_1_254' title='bbox 510 2303 696 2351; x_wconf 83' lang='lat' dir='ltr'>loquitur:</span> 
     </span>
     <span class='ocr_line' id='line_1_41' title="bbox 130 2361 986 2421; baseline -0.007 -9"><span class='ocrx_word' id='word_1_255' title='bbox 130 2370 185 2415; x_wconf 56' lang='grc' dir='ltr'>1ΞΩ,</span> <span class='ocrx_word' id='word_1_256' title='bbox 204 2375 294 2421; x_wconf 61' lang='grc' dir='ltr'>θεοὶ,</span> <span class='ocrx_word' id='word_1_257' title='bbox 324 2369 469 2410; x_wconf 49' lang='lat' dir='ltr'>nitzdu</span> <span class='ocrx_word' id='word_1_258' title='bbox 486 2398 500 2413; x_wconf 58' lang='lat'>⁴,</span> <span class='ocrx_word' id='word_1_259' title='bbox 540 2371 579 2411; x_wconf 71' lang='grc' dir='ltr'>ὣς</span> <span class='ocrx_word' id='word_1_260' title='bbox 604 2365 642 2418; x_wconf 63' lang='grc' dir='ltr'>ἔρ</span> <span class='ocrx_word' id='word_1_261' title='bbox 660 2361 738 2409; x_wconf 57' lang='grc' dir='ltr'>ἶνα-θ’</span> <span class='ocrx_word' id='word_1_262' title='bbox 757 2371 832 2417; x_wconf 72' lang='grc' dir='ltr'>ἐμὸς</span> <span class='ocrx_word' id='word_1_263' title='bbox 852 2367 986 2420; x_wconf 53' lang='grc' dir='ltr'>ποιτνῖς,</span> 
     </span>
     <span class='ocr_line' id='line_1_42' title="bbox 135 2422 882 2481; baseline -0.007 -13"><span class='ocrx_word' id='word_1_264' title='bbox 135 2430 267 2481; x_wconf 62' lang='grc' dir='ltr'><strong><em>Ὀρθῶς</em></strong></span> <span class='ocrx_word' id='word_1_265' title='bbox 286 2422 418 2467; x_wconf 61' lang='grc' dir='ltr'>οἰκέταις</span> <span class='ocrx_word' id='word_1_266' title='bbox 434 2427 496 2464; x_wconf 74' lang='grc' dir='ltr'>τῶν</span> <span class='ocrx_word' id='word_1_267' title='bbox 513 2426 594 2475; x_wconf 54' lang='lat' dir='ltr'>&amp;pedu</span> <span class='ocrx_word' id='word_1_268' title='bbox 614 2422 882 2473; x_wconf 66' lang='grc' dir='ltr'>κωτόῦγμοέτων.</span> 
     </span>
    </p>

    <p class='ocr_par' dir='ltr' id='par_1_18' title="bbox 82 2491 857 2544">
     <span class='ocr_line' id='line_1_43' title="bbox 82 2491 857 2544; baseline -0.013 -5"><span class='ocrx_word' id='word_1_269' title='bbox 82 2499 133 2540; x_wconf 86' lang='lat' dir='ltr'>Et</span> <span class='ocrx_word' id='word_1_270' title='bbox 150 2510 240 2536; x_wconf 81' lang='lat' dir='ltr'>mox</span> <span class='ocrx_word' id='word_1_271' title='bbox 265 2494 486 2544; x_wconf 87' lang='lat' dir='ltr'>Hippolytus</span> <span class='ocrx_word' id='word_1_272' title='bbox 505 2493 541 2529; x_wconf 90' lang='lat' dir='ltr'>in</span> <span class='ocrx_word' id='word_1_273' title='bbox 565 2492 694 2530; x_wconf 81' lang='lat' dir='ltr'>eadem</span> <span class='ocrx_word' id='word_1_274' title='bbox 719 2491 857 2529; x_wconf 85' lang='lat' dir='ltr'>fabula:</span> 
     </span>
    </p>

    <p class='ocr_par' dir='ltr' id='par_1_19' title="bbox 85 2558 1117 2887">
     <span class='ocr_line' id='line_1_44' title="bbox 128 2558 846 2619; baseline -0.013 -13"><span class='ocrx_word' id='word_1_275' title='bbox 128 2562 178 2606; x_wconf 38' lang='grc' dir='ltr'>ΞΩ</span> <span class='ocrx_word' id='word_1_276' title='bbox 196 2566 281 2619; x_wconf 58' lang='grc' dir='ltr'>Σεῖραι</span> <span class='ocrx_word' id='word_1_277' title='bbox 299 2566 423 2617; x_wconf 56' lang='grc' dir='ltr'>ποις-(ὂς</span> <span class='ocrx_word' id='word_1_278' title='bbox 441 2567 484 2603; x_wconf 74' lang='grc' dir='ltr'><strong>σέ</strong></span> <span class='ocrx_word' id='word_1_279' title='bbox 503 2560 709 2605; x_wconf 50' lang='lat' dir='ltr'>Hos-sidon&amp;</span> <span class='ocrx_word' id='word_1_280' title='bbox 727 2558 846 2612; x_wconf 66' lang='grc' dir='ltr'><em>πικςοέ.</em></span> 
     </span>
     <span class='ocr_line' id='line_1_45' title="bbox 88 2627 1117 2681; baseline -0.009 -6"><span class='ocrx_word' id='word_1_281' title='bbox 88 2634 536 2681; x_wconf 69' lang='lat' dir='ltr'>Micut..Theseus‚qui</span> <span class='ocrx_word' id='word_1_282' title='bbox 557 2633 622 2669; x_wconf 88' lang='lat' dir='ltr'>tria</span> <span class='ocrx_word' id='word_1_283' title='bbox 635 2630 656 2668; x_wconf 75' lang='lat' dir='ltr'>a</span> <span class='ocrx_word' id='word_1_284' title='bbox 676 2631 857 2678; x_wconf 88' lang='lat' dir='ltr'>Neptuno</span> <span class='ocrx_word' id='word_1_285' title='bbox 870 2628 1024 2678; x_wconf 82' lang='lat' dir='ltr'>optavit.</span> <span class='ocrx_word' id='word_1_286' title='bbox 1054 2627 1117 2666; x_wconf 85' lang='lat' dir='ltr'>Ci-</span> 
     </span>
     <span class='ocr_line' id='line_1_46' title="bbox 89 2680 1115 2729; baseline -0.009 -4"><span class='ocrx_word' id='word_1_287' title='bbox 89 2699 175 2726; x_wconf 83' lang='lat' dir='ltr'>cero</span> <span class='ocrx_word' id='word_1_288' title='bbox 192 2688 252 2723; x_wconf 81' lang='lat' dir='ltr'>lib.</span> <span class='ocrx_word' id='word_1_289' title='bbox 276 2698 307 2723; x_wconf 87' lang='lat'>1.</span> <span class='ocrx_word' id='word_1_290' title='bbox 327 2686 364 2723; x_wconf 88' lang='lat'>&amp;</span> <span class='ocrx_word' id='word_1_291' title='bbox 387 2697 454 2723; x_wconf 86' lang='lat'>111.</span> <span class='ocrx_word' id='word_1_292' title='bbox 475 2683 585 2721; x_wconf 90' lang='lat' dir='ltr'>Offic.</span> <span class='ocrx_word' id='word_1_293' title='bbox 607 2683 645 2720; x_wconf 89' lang='lat'>&amp;</span> <span class='ocrx_word' id='word_1_294' title='bbox 674 2693 721 2719; x_wconf 89' lang='lat' dir='ltr'>eo</span> <span class='ocrx_word' id='word_1_295' title='bbox 749 2682 848 2729; x_wconf 88' lang='lat' dir='ltr'>prior</span> <span class='ocrx_word' id='word_1_296' title='bbox 868 2680 1058 2727; x_wconf 87' lang='lat' dir='ltr'>Euripides</span> <span class='ocrx_word' id='word_1_297' title='bbox 1077 2680 1115 2716; x_wconf 90' lang='lat' dir='ltr'>in</span> 
     </span>
     <span class='ocr_line' id='line_1_47' title="bbox 86 2730 1115 2786; baseline -0.009 -10"><span class='ocrx_word' id='word_1_298' title='bbox 86 2735 298 2786; x_wconf 83' lang='lat' dir='ltr'>Hippolyto</span> <span class='ocrx_word' id='word_1_299' title='bbox 312 2763 322 2779; x_wconf 91' lang='lat'>‚</span> <span class='ocrx_word' id='word_1_300' title='bbox 343 2736 386 2773; x_wconf 53' lang='lat' dir='ltr'>‚in</span> <span class='ocrx_word' id='word_1_301' title='bbox 403 2735 532 2784; x_wconf 87' lang='lat' dir='ltr'>quibus</span> <span class='ocrx_word' id='word_1_302' title='bbox 553 2732 659 2781; x_wconf 86' lang='lat' dir='ltr'>ipsius</span> <span class='ocrx_word' id='word_1_303' title='bbox 686 2730 884 2780; x_wconf 85' lang='lat' dir='ltr'>Hippolyti</span> <span class='ocrx_word' id='word_1_304' title='bbox 904 2731 970 2768; x_wconf 90' lang='lat' dir='ltr'>fuit</span> <span class='ocrx_word' id='word_1_305' title='bbox 989 2730 1115 2767; x_wconf 84' lang='lat' dir='ltr'>interi-</span> 
     </span>
     <span class='ocr_line' id='line_1_48' title="bbox 87 2780 1113 2833; baseline -0.009 -7"><span class='ocrx_word' id='word_1_306' title='bbox 87 2796 145 2826; x_wconf 83' lang='lat' dir='ltr'>tus</span> <span class='ocrx_word' id='word_1_307' title='bbox 158 2815 167 2830; x_wconf 88' lang='lat'><strong>‚</strong></span> <span class='ocrx_word' id='word_1_308' title='bbox 196 2786 297 2833; x_wconf 86' lang='lat' dir='ltr'>cujus</span> <span class='ocrx_word' id='word_1_309' title='bbox 315 2786 423 2822; x_wconf 84' lang='lat' dir='ltr'>verba</span> <span class='ocrx_word' id='word_1_310' title='bbox 439 2785 572 2823; x_wconf 73' lang='lat' dir='ltr'>adduxi</span> <span class='ocrx_word' id='word_1_311' title='bbox 600 2785 637 2821; x_wconf 89' lang='lat' dir='ltr'>in</span> <span class='ocrx_word' id='word_1_312' title='bbox 651 2780 975 2820; x_wconf 86' lang='lat' dir='ltr'>Observationibus</span> <span class='ocrx_word' id='word_1_313' title='bbox 995 2782 1029 2817; x_wconf 89' lang='lat' dir='ltr'>in</span> <span class='ocrx_word' id='word_1_314' title='bbox 1053 2780 1113 2818; x_wconf 87' lang='lat' dir='ltr'>lib.</span> 
     </span>
     <span class='ocr_line' id='line_1_49' title="bbox 85 2831 1113 2887; baseline -0.008 -11"><span class='ocrx_word' id='word_1_315' title='bbox 85 2850 117 2878; x_wconf 83' lang='lat'>1.</span> <span class='ocrx_word' id='word_1_316' title='bbox 136 2848 248 2887; x_wconf 87' lang='lat' dir='ltr'>quem</span> <span class='ocrx_word' id='word_1_317' title='bbox 270 2833 386 2871; x_wconf 89' lang='lat' dir='ltr'>modo</span> <span class='ocrx_word' id='word_1_318' title='bbox 406 2835 477 2872; x_wconf 84' lang='lat' dir='ltr'>dixi</span> <span class='ocrx_word' id='word_1_319' title='bbox 491 2834 751 2879; x_wconf 68' lang='lat' dir='ltr'>,Officiorurm</span> <span class='ocrx_word' id='word_1_320' title='bbox 769 2832 881 2869; x_wconf 67' lang='lat' dir='ltr'>Cros.</span> <span class='ocrx_word' id='word_1_321' title='bbox 908 2831 1113 2868; x_wconf 90' lang='lat' dir='ltr'>Theseidi-</span> 
     </span>
    </p>
   </div>
   <div class='ocr_carea' id='block_1_18' title="bbox 85 2881 1113 2982">
    <p class='ocr_par' dir='ltr' id='par_1_20' title="bbox 85 2881 1113 2982">
     <span class='ocr_line' id='line_1_50' title="bbox 85 2881 1113 2933; baseline -0.009 -6"><span class='ocrx_word' id='word_1_322' title='bbox 85 2900 139 2927; x_wconf 81' lang='lat' dir='ltr'>ras</span> <span class='ocrx_word' id='word_1_323' title='bbox 160 2885 326 2933; x_wconf 81' lang='lat' dir='ltr'>intelligit</span> <span class='ocrx_word' id='word_1_324' title='bbox 343 2911 353 2926; x_wconf 86' lang='lat'>‚</span> <span class='ocrx_word' id='word_1_325' title='bbox 378 2885 506 2932; x_wconf 85' lang='lat' dir='ltr'>quibus</span> <span class='ocrx_word' id='word_1_326' title='bbox 532 2884 781 2933; x_wconf 85' lang='lat' dir='ltr'>Hippolytum</span> <span class='ocrx_word' id='word_1_327' title='bbox 793 2882 907 2920; x_wconf 89' lang='lat' dir='ltr'>filiurn</span> <span class='ocrx_word' id='word_1_328' title='bbox 923 2910 933 2924; x_wconf 91' lang='lat'>‚</span> <span class='ocrx_word' id='word_1_329' title='bbox 961 2881 1007 2919; x_wconf 91' lang='lat' dir='ltr'>de</span> <span class='ocrx_word' id='word_1_330' title='bbox 1030 2882 1113 2918; x_wconf 92' lang='lat' dir='ltr'>No-</span> 
     </span>
     <span class='ocr_line' id='line_1_51' title="bbox 85 2931 1113 2982; baseline -0.006 -7"><span class='ocrx_word' id='word_1_331' title='bbox 85 2948 194 2976; x_wconf 80' lang='lat' dir='ltr'>verca</span> <span class='ocrx_word' id='word_1_332' title='bbox 212 2935 276 2974; x_wconf 88' lang='lat' dir='ltr'>fibi</span> <span class='ocrx_word' id='word_1_333' title='bbox 295 2933 498 2982; x_wconf 65' lang='lat' dir='ltr'>suspectum</span> <span class='ocrx_word' id='word_1_334' title='bbox 510 2933 697 2979; x_wconf 87' lang='lat' dir='ltr'>,de-vovit.</span> <span class='ocrx_word' id='word_1_335' title='bbox 723 2934 870 2972; x_wconf 85' lang='lat' dir='ltr'>Author</span> <span class='ocrx_word' id='word_1_336' title='bbox 882 2933 982 2971; x_wconf 90' lang='lat' dir='ltr'>idem</span> <span class='ocrx_word' id='word_1_337' title='bbox 997 2931 1113 2978; x_wconf 74' lang='lat' dir='ltr'>Naso,</span> 
     </span>
    </p>
   </div>
   <div class='ocr_carea' id='block_1_19' title="bbox 88 2986 390 3028">
    <p class='ocr_par' dir='ltr' id='par_1_21' title="bbox 88 2986 390 3028">
     <span class='ocr_line' id='line_1_52' title="bbox 88 2986 390 3028; baseline -0.017 -1"><span class='ocrx_word' id='word_1_338' title='bbox 88 2988 149 3028; x_wconf 84' lang='lat' dir='ltr'>lib.</span> <span class='ocrx_word' id='word_1_339' title='bbox 168 3000 205 3027; x_wconf 87' lang='lat' dir='ltr'>v.</span> <span class='ocrx_word' id='word_1_340' title='bbox 233 2986 390 3024; x_wconf 88' lang='lat' dir='ltr'>Metam.</span> 
     </span>
    </p>
   </div>
   <div class='ocr_carea' id='block_1_20' title="bbox 134 3049 1093 3154">
    <p class='ocr_par' dir='ltr' id='par_1_22' title="bbox 134 3049 1093 3154">
     <span class='ocr_line' id='line_1_53' title="bbox 135 3049 1093 3103; baseline -0.003 -12"><span class='ocrx_word' id='word_1_341' title='bbox 135 3053 268 3103; x_wconf 84' lang='lat' dir='ltr'>Arguit</span> <span class='ocrx_word' id='word_1_342' title='bbox 281 3080 291 3097; x_wconf 92' lang='lat'><strong>,</strong></span> <span class='ocrx_word' id='word_1_343' title='bbox 320 3051 602 3102; x_wconf 78' lang='lat' dir='ltr'>immeritamque</span> <span class='ocrx_word' id='word_1_344' title='bbox 614 3058 711 3100; x_wconf 85' lang='lat' dir='ltr'>pater</span> <span class='ocrx_word' id='word_1_345' title='bbox 729 3050 849 3098; x_wconf 77' lang='lat' dir='ltr'>dejecit</span> <span class='ocrx_word' id='word_1_346' title='bbox 869 3050 914 3088; x_wconf 84' lang='lat' dir='ltr'>ab</span> <span class='ocrx_word' id='word_1_347' title='bbox 934 3049 1038 3096; x_wconf 86' lang='lat' dir='ltr'>urbe,</span> <span class='ocrx_word' id='word_1_348' title='bbox 1089 3069 1093 3074; x_wconf 93' lang='lat'><em>·</em></span> 
     </span>
     <span class='ocr_line' id='line_1_54' title="bbox 134 3099 894 3154; baseline -0.004 -11"><span class='ocrx_word' id='word_1_349' title='bbox 134 3104 318 3154; x_wconf 77' lang='lat' dir='ltr'>Hostilique</span> <span class='ocrx_word' id='word_1_350' title='bbox 337 3112 436 3153; x_wconf 83' lang='lat' dir='ltr'>caput</span> <span class='ocrx_word' id='word_1_351' title='bbox 450 3112 544 3152; x_wconf 84' lang='lat' dir='ltr'><em>prece</em></span> <span class='ocrx_word' id='word_1_352' title='bbox 566 3099 749 3148; x_wconf 79' lang='lat' dir='ltr'>detestatur</span> <span class='ocrx_word' id='word_1_353' title='bbox 769 3101 894 3140; x_wconf 84' lang='lat' dir='ltr'>euntis.</span> 
     </span>
    </p>
   </div>
   <div class='ocr_carea' id='block_1_21' title="bbox 85 3164 1118 3210">
    <p class='ocr_par' dir='ltr' id='par_1_23' title="bbox 85 3164 1118 3210">
     <span class='ocr_line' id='line_1_55' title="bbox 85 3164 1118 3210; baseline -0.009 0"><span class='ocrx_word' id='word_1_354' title='bbox 85 3169 290 3210; x_wconf 76' lang='lat' dir='ltr'>Plutarchus</span> <span class='ocrx_word' id='word_1_355' title='bbox 317 3168 508 3206; x_wconf 82' lang='lat' dir='ltr'>Theseum</span> <span class='ocrx_word' id='word_1_356' title='bbox 546 3166 715 3205; x_wconf 88' lang='lat' dir='ltr'>Romulo</span> <span class='ocrx_word' id='word_1_357' title='bbox 750 3166 958 3204; x_wconf 73' lang='lat' dir='ltr'>conferens:</span> <span class='ocrx_word' id='word_1_358' title='bbox 995 3164 1039 3202; x_wconf 81' lang='lat' dir='ltr'>‘H</span> <span class='ocrx_word' id='word_1_359' title='bbox 1077 3165 1118 3203; x_wconf 74' lang='grc' dir='ltr'>δὲ</span> 
     </span>
    </p>
   </div>
   <div class='ocr_carea' id='block_1_22' title="bbox 216 1156 360 1169">
    <p class='ocr_par' dir='ltr' id='par_1_24' title="bbox 216 1156 360 1169">
     <span class='ocr_line' id='line_1_56' title="bbox 216 1156 360 1169; baseline 0 2539"><span class='ocrx_word' id='word_1_360' title='bbox 216 1156 360 1169; x_wconf 95' lang='lat' dir='ltr'> </span> 
     </span>
    </p>
   </div>
   <div class='ocr_carea' id='block_1_23' title="bbox 543 1205 693 1215">
    <p class='ocr_par' dir='ltr' id='par_1_25' title="bbox 543 1205 693 1215">
     <span class='ocr_line' id='line_1_57' title="bbox 543 1205 693 1215; baseline 0 2493"><span class='ocrx_word' id='word_1_361' title='bbox 543 1205 693 1215; x_wconf 95' lang='lat' dir='ltr'> </span> 
     </span>
    </p>
   </div>
   <div class='ocr_carea' id='block_1_24' title="bbox 87 3216 1120 3269">
    <p class='ocr_par' dir='ltr' id='par_1_26' title="bbox 87 3216 1120 3269">
     <span class='ocr_line' id='line_1_58' title="bbox 87 3216 1120 3269; baseline -0.005 -11"><span class='ocrx_word' id='word_1_362' title='bbox 87 3223 222 3265; x_wconf 75' lang='grc' dir='ltr'><em>Θησέως</em></span> <span class='ocrx_word' id='word_1_363' title='bbox 247 3220 329 3264; x_wconf 72' lang='grc' dir='ltr'>ὀργῆ</span> <span class='ocrx_word' id='word_1_364' title='bbox 347 3222 456 3264; x_wconf 71' lang='grc' dir='ltr'><strong><em>μέχρι</em></strong></span> <span class='ocrx_word' id='word_1_365' title='bbox 478 3218 590 3266; x_wconf 74' lang='grc' dir='ltr'><em>λόγου</em></span> <span class='ocrx_word' id='word_1_366' title='bbox 621 3218 683 3256; x_wconf 66' lang='lat' dir='ltr'>xxi</span> <span class='ocrx_word' id='word_1_367' title='bbox 709 3216 949 3265; x_wconf 66' lang='grc' dir='ltr'>βλκσφημῑοις</span> <span class='ocrx_word' id='word_1_368' title='bbox 971 3216 1032 3256; x_wconf 68' lang='grc' dir='ltr'>καὶ</span> <span class='ocrx_word' id='word_1_369' title='bbox 1053 3229 1120 3269; x_wconf 66' lang='lat' dir='ltr'>uos:</span> 
     </span>
    </p>
   </div>
   <div class='ocr_carea' id='block_1_25' title="bbox 258 3274 440 3322">
    <p class='ocr_par' dir='ltr' id='par_1_27' title="bbox 258 3274 440 3322">
     <span class='ocr_line' id='line_1_59' title="bbox 258 3274 440 3322; baseline -0.005 -1"><span class='ocrx_word' id='word_1_370' title='bbox 258 3274 355 3322; x_wconf 51' lang='lat' dir='ltr'>f‘lmt</span> <span class='ocrx_word' id='word_1_371' title='bbox 382 3275 440 3320; x_wconf 52' lang='lat' dir='ltr'>fist</span> 
     </span>
    </p>
   </div>
   <div class='ocr_carea' id='block_1_26' title="bbox 1171 897 2259 2258">
    <p class='ocr_par' dir='ltr' id='par_1_28' title="bbox 1171 897 2259 2258">
     <span class='ocr_line' id='line_1_60' title="bbox 1176 897 2214 951; baseline -0.005 -14"><span class='ocrx_word' id='word_1_372' title='bbox 1176 902 1215 937; x_wconf 86' lang='lat'>&amp;</span> <span class='ocrx_word' id='word_1_373' title='bbox 1238 912 1285 937; x_wconf 93' lang='lat' dir='ltr'>eo</span> <span class='ocrx_word' id='word_1_374' title='bbox 1304 903 1491 951; x_wconf 86' lang='lat' dir='ltr'>antiquior</span> <span class='ocrx_word' id='word_1_375' title='bbox 1512 902 1646 939; x_wconf 87' lang='lat' dir='ltr'>Cicero</span> <span class='ocrx_word' id='word_1_376' title='bbox 1665 901 1724 939; x_wconf 88' lang='lat' dir='ltr'>lib.</span> <span class='ocrx_word' id='word_1_377' title='bbox 1749 911 1782 949; x_wconf 85' lang='lat'>3.</span> <span class='ocrx_word' id='word_1_378' title='bbox 1809 901 1854 938; x_wconf 91' lang='lat' dir='ltr'>de</span> <span class='ocrx_word' id='word_1_379' title='bbox 1877 901 1988 939; x_wconf 88' lang='lat' dir='ltr'>Offic.</span> <span class='ocrx_word' id='word_1_380' title='bbox 2014 900 2113 948; x_wconf 55' lang='lat' dir='ltr'>{Quid</span> <span class='ocrx_word' id='word_1_381' title='bbox 2125 897 2214 948; x_wconf 76' lang='lat' dir='ltr'>quod</span> 
     </span>
     <span class='ocr_line' id='line_1_61' title="bbox 1179 949 2218 1001; baseline -0.003 -14"><span class='ocrx_word' id='word_1_382' title='bbox 1179 949 1319 999; x_wconf 80' lang='lat' dir='ltr'>Theseus</span> <span class='ocrx_word' id='word_1_383' title='bbox 1339 958 1448 1001; x_wconf 82' lang='lat' dir='ltr'>exegit</span> <span class='ocrx_word' id='word_1_384' title='bbox 1467 952 1664 1001; x_wconf 76' lang='lat' dir='ltr'>promissum</span> <span class='ocrx_word' id='word_1_385' title='bbox 1693 951 1719 988; x_wconf 70' lang='grc' dir='ltr'><em>ἁ</em></span> <span class='ocrx_word' id='word_1_386' title='bbox 1747 958 1905 1000; x_wconf 86' lang='lat' dir='ltr'><em>Neptuno</em></span> <span class='ocrx_word' id='word_1_387' title='bbox 1924 979 1933 996; x_wconf 96' lang='lat'>,</span> <span class='ocrx_word' id='word_1_388' title='bbox 1974 952 2027 988; x_wconf 81' lang='lat' dir='ltr'>cus·</span> <span class='ocrx_word' id='word_1_389' title='bbox 2053 963 2129 987; x_wconf 80' lang='lat' dir='ltr'>cum</span> <span class='ocrx_word' id='word_1_390' title='bbox 2149 959 2218 985; x_wconf 84' lang='lat' dir='ltr'>tres</span> 
     </span>
     <span class='ocr_line' id='line_1_62' title="bbox 1178 999 2259 1052; baseline -0.003 -16"><span class='ocrx_word' id='word_1_391' title='bbox 1178 1001 1322 1050; x_wconf 84' lang='lat' dir='ltr'>optiones</span> <span class='ocrx_word' id='word_1_392' title='bbox 1351 1009 1531 1052; x_wconf 82' lang='lat' dir='ltr'>Neptunus</span> <span class='ocrx_word' id='word_1_393' title='bbox 1562 1003 1697 1051; x_wconf 78' lang='lat' dir='ltr'>dediffet</span> <span class='ocrx_word' id='word_1_394' title='bbox 1718 1030 1727 1046; x_wconf 92' lang='lat'><strong><em>‚</em></strong></span> <span class='ocrx_word' id='word_1_395' title='bbox 1763 1003 1900 1045; x_wconf 73' lang='lat' dir='ltr'>optavit</span> <span class='ocrx_word' id='word_1_396' title='bbox 1928 1001 2110 1038; x_wconf 84' lang='lat' dir='ltr'>interitum</span> <span class='ocrx_word' id='word_1_397' title='bbox 2134 999 2218 1047; x_wconf 85' lang='lat' dir='ltr'>Hip·</span> <span class='ocrx_word' id='word_1_398' title='bbox 2252 1042 2259 1050; x_wconf 87' lang='lat'><em>.</em></span> 
     </span>
     <span class='ocr_line' id='line_1_63' title="bbox 1175 1051 2218 1103; baseline -0.004 -14"><span class='ocrx_word' id='word_1_399' title='bbox 1175 1052 1382 1100; x_wconf 59' lang='lat' dir='ltr'>polytifilii</span> <span class='ocrx_word' id='word_1_400' title='bbox 1391 1055 1471 1103; x_wconf 86' lang='lat' dir='ltr'><em>sui,</em></span> <span class='ocrx_word' id='word_1_401' title='bbox 1487 1067 1564 1091; x_wconf 81' lang='lat' dir='ltr'>cum</span> <span class='ocrx_word' id='word_1_402' title='bbox 1585 1054 1612 1090; x_wconf 85' lang='lat' dir='ltr'>is</span> <span class='ocrx_word' id='word_1_403' title='bbox 1630 1053 1725 1102; x_wconf 75' lang='lat' dir='ltr'>patri</span> <span class='ocrx_word' id='word_1_404' title='bbox 1737 1053 1908 1101; x_wconf 70' lang='lat' dir='ltr'>suspeb&#39;lus</span> <span class='ocrx_word' id='word_1_405' title='bbox 1926 1052 1998 1101; x_wconf 68' lang='lat' dir='ltr'>effes</span> <span class='ocrx_word' id='word_1_406' title='bbox 2017 1051 2058 1087; x_wconf 86' lang='lat' dir='ltr'>de</span> <span class='ocrx_word' id='word_1_407' title='bbox 2080 1056 2218 1086; x_wconf 84' lang='lat' dir='ltr'>Nover-</span> 
     </span>
     <span class='ocr_line' id='line_1_64' title="bbox 1179 1100 2216 1151; baseline -0.004 -12"><span class='ocrx_word' id='word_1_408' title='bbox 1179 1112 1245 1140; x_wconf 79' lang='lat' dir='ltr'>ca?</span> <span class='ocrx_word' id='word_1_409' title='bbox 1275 1104 1407 1142; x_wconf 87' lang='lat' dir='ltr'>Earum</span> <span class='ocrx_word' id='word_1_410' title='bbox 1431 1106 1541 1143; x_wconf 89' lang='lat' dir='ltr'>etiam</span> <span class='ocrx_word' id='word_1_411' title='bbox 1576 1105 1827 1142; x_wconf 88' lang='lat' dir='ltr'>meminerunt</span> <span class='ocrx_word' id='word_1_412' title='bbox 1853 1102 2046 1151; x_wconf 87' lang='lat' dir='ltr'>Euripides</span> <span class='ocrx_word' id='word_1_413' title='bbox 2073 1101 2111 1138; x_wconf 85' lang='lat' dir='ltr'>in</span> <span class='ocrx_word' id='word_1_414' title='bbox 2132 1100 2216 1147; x_wconf 85' lang='lat' dir='ltr'>Hip--</span> 
     </span>
     <span class='ocr_line' id='line_1_65' title="bbox 1174 1150 2212 1203; baseline -0.004 -11"><span class='ocrx_word' id='word_1_415' title='bbox 1174 1154 1298 1203; x_wconf 69' lang='lat' dir='ltr'>polyto.</span> <span class='ocrx_word' id='word_1_416' title='bbox 1344 1155 1531 1193; x_wconf 85' lang='lat' dir='ltr'>Pausanias</span> <span class='ocrx_word' id='word_1_417' title='bbox 1561 1154 1599 1191; x_wconf 84' lang='lat' dir='ltr'>in</span> <span class='ocrx_word' id='word_1_418' title='bbox 1620 1154 1753 1190; x_wconf 78' lang='lat' dir='ltr'>Atticis</span> <span class='ocrx_word' id='word_1_419' title='bbox 1773 1155 1811 1191; x_wconf 68' lang='grc' dir='ltr'>ὃ(</span> <span class='ocrx_word' id='word_1_420' title='bbox 1829 1152 2075 1191; x_wconf 80' lang='lat' dir='ltr'>Corinthiacis.</span> <span class='ocrx_word' id='word_1_421' title='bbox 2116 1150 2212 1188; x_wconf 86' lang='lat' dir='ltr'>Item</span> 
     </span>
     <span class='ocr_line' id='line_1_66' title="bbox 1179 1203 2218 1255; baseline -0.003 -14"><span class='ocrx_word' id='word_1_422' title='bbox 1179 1204 1284 1242; x_wconf 88' lang='lat' dir='ltr'>Plato</span> <span class='ocrx_word' id='word_1_423' title='bbox 1305 1206 1448 1255; x_wconf 82' lang='lat' dir='ltr'>Dialogo</span> <span class='ocrx_word' id='word_1_424' title='bbox 1462 1218 1505 1244; x_wconf 74' lang='grc' dir='ltr'>ιι,</span> <span class='ocrx_word' id='word_1_425' title='bbox 1533 1205 1574 1242; x_wconf 84' lang='lat' dir='ltr'>de</span> <span class='ocrx_word' id='word_1_426' title='bbox 1587 1205 1725 1254; x_wconf 81' lang='lat' dir='ltr'>Legibus</span> <span class='ocrx_word' id='word_1_427' title='bbox 1739 1215 1839 1253; x_wconf 91' lang='lat' dir='ltr'>,quo</span> <span class='ocrx_word' id='word_1_428' title='bbox 1858 1203 1945 1241; x_wconf 89' lang='lat' dir='ltr'>loco</span> <span class='ocrx_word' id='word_1_429' title='bbox 1966 1210 2130 1251; x_wconf 89' lang='lat' dir='ltr'>parentes</span> <span class='ocrx_word' id='word_1_430' title='bbox 2152 1213 2218 1238; x_wconf 94' lang='lat' dir='ltr'>co-</span> 
     </span>
     <span class='ocr_line' id='line_1_67' title="bbox 1178 1250 2215 1301; baseline -0.004 -9"><span class='ocrx_word' id='word_1_431' title='bbox 1178 1254 1308 1293; x_wconf 90' lang='lat' dir='ltr'>lendos</span> <span class='ocrx_word' id='word_1_432' title='bbox 1328 1254 1398 1294; x_wconf 84' lang='lat' dir='ltr'>effe</span> <span class='ocrx_word' id='word_1_433' title='bbox 1426 1265 1587 1301; x_wconf 85' lang='lat' dir='ltr'>monet,</span> <span class='ocrx_word' id='word_1_434' title='bbox 1623 1267 1753 1293; x_wconf 88' lang='lat' dir='ltr'>eorum</span> <span class='ocrx_word' id='word_1_435' title='bbox 1786 1254 1888 1292; x_wconf 88' lang='lat' dir='ltr'>enim</span> <span class='ocrx_word' id='word_1_436' title='bbox 1910 1253 2165 1291; x_wconf 89' lang='lat' dir='ltr'>detestationes</span> <span class='ocrx_word' id='word_1_437' title='bbox 2193 1250 2215 1288; x_wconf 64' lang='lat' dir='ltr'>a</span> 
     </span>
     <span class='ocr_line' id='line_1_68' title="bbox 1180 1303 2219 1357; baseline -0.004 -15"><span class='ocrx_word' id='word_1_438' title='bbox 1180 1305 1261 1343; x_wconf 86' lang='lat' dir='ltr'>Diis</span> <span class='ocrx_word' id='word_1_439' title='bbox 1284 1307 1468 1349; x_wconf 80' lang='lat' dir='ltr'>exaudiri,</span> <span class='ocrx_word' id='word_1_440' title='bbox 1497 1318 1618 1357; x_wconf 90' lang='lat' dir='ltr'>neque</span> <span class='ocrx_word' id='word_1_441' title='bbox 1639 1306 1838 1355; x_wconf 82' lang='lat' dir='ltr'>quicquam</span> <span class='ocrx_word' id='word_1_442' title='bbox 1860 1303 1940 1342; x_wconf 89' lang='lat' dir='ltr'>filiis</span> <span class='ocrx_word' id='word_1_443' title='bbox 1958 1303 2121 1343; x_wconf 91' lang='lat' dir='ltr'>accidere</span> <span class='ocrx_word' id='word_1_444' title='bbox 2139 1314 2219 1350; x_wconf 73' lang='lat' dir='ltr'>per-²</span> 
     </span>
     <span class='ocr_line' id='line_1_69' title="bbox 1179 1353 2217 1407; baseline -0.005 -13"><span class='ocrx_word' id='word_1_445' title='bbox 1179 1357 1375 1402; x_wconf 84' lang='lat' dir='ltr'>niciofius‚</span> <span class='ocrx_word' id='word_1_446' title='bbox 1403 1359 1578 1407; x_wconf 86' lang='lat' dir='ltr'>exemplo</span> <span class='ocrx_word' id='word_1_447' title='bbox 1599 1357 1757 1395; x_wconf 87' lang='lat' dir='ltr'>dirarum</span> <span class='ocrx_word' id='word_1_448' title='bbox 1781 1355 1944 1403; x_wconf 89' lang='lat' dir='ltr'>Oedipi,</span> <span class='ocrx_word' id='word_1_449' title='bbox 1975 1353 2217 1403; x_wconf 82' lang='lat' dir='ltr'>Amyntoris,</span> 
     </span>
     <span class='ocr_line' id='line_1_70' title="bbox 1180 1404 2217 1456; baseline -0.004 -11"><span class='ocrx_word' id='word_1_450' title='bbox 1180 1407 1219 1445; x_wconf 88' lang='lat'>&amp;</span> <span class='ocrx_word' id='word_1_451' title='bbox 1240 1407 1377 1446; x_wconf 86' lang='lat' dir='ltr'>Thesei</span> <span class='ocrx_word' id='word_1_452' title='bbox 1395 1410 1432 1447; x_wconf 88' lang='lat' dir='ltr'>in</span> <span class='ocrx_word' id='word_1_453' title='bbox 1453 1408 1559 1447; x_wconf 88' lang='lat' dir='ltr'>filios.</span> <span class='ocrx_word' id='word_1_454' title='bbox 1587 1407 1845 1456; x_wconf 84' lang='lat' dir='ltr'>Quamobrem</span> <span class='ocrx_word' id='word_1_455' title='bbox 1874 1405 1974 1443; x_wconf 85' lang='lat' dir='ltr'>Naso</span> <span class='ocrx_word' id='word_1_456' title='bbox 1996 1404 2217 1443; x_wconf 82' lang='lat' dir='ltr'>devotiones</span> 
     </span>
     <span class='ocr_line' id='line_1_71' title="bbox 1177 1453 2214 1501; baseline -0.005 -6"><span class='ocrx_word' id='word_1_457' title='bbox 1177 1456 1254 1496; x_wconf 86' lang='lat' dir='ltr'>suas</span> <span class='ocrx_word' id='word_1_458' title='bbox 1272 1459 1309 1496; x_wconf 91' lang='lat' dir='ltr'>in</span> <span class='ocrx_word' id='word_1_459' title='bbox 1328 1458 1410 1497; x_wconf 86' lang='lat' dir='ltr'>Ibin</span> <span class='ocrx_word' id='word_1_460' title='bbox 1431 1471 1509 1498; x_wconf 89' lang='lat' dir='ltr'>non</span> <span class='ocrx_word' id='word_1_461' title='bbox 1533 1460 1653 1497; x_wconf 87' lang='lat' dir='ltr'>minus</span> <span class='ocrx_word' id='word_1_462' title='bbox 1673 1467 1763 1496; x_wconf 86' lang='lat' dir='ltr'>ratas</span> <span class='ocrx_word' id='word_1_463' title='bbox 1787 1469 1829 1495; x_wconf 84' lang='lat' dir='ltr'>ac</span> <span class='ocrx_word' id='word_1_464' title='bbox 1857 1464 1970 1494; x_wconf 87' lang='lat' dir='ltr'>certas</span> <span class='ocrx_word' id='word_1_465' title='bbox 1992 1453 2062 1494; x_wconf 81' lang='lat' dir='ltr'>effe</span> <span class='ocrx_word' id='word_1_466' title='bbox 2085 1454 2214 1501; x_wconf 90' lang='lat' dir='ltr'>depre-</span> 
     </span>
     <span class='ocr_line' id='line_1_72' title="bbox 1178 1506 2215 1558; baseline -0.006 -12"><span class='ocrx_word' id='word_1_467' title='bbox 1178 1517 1301 1554; x_wconf 89' lang='lat' dir='ltr'>catur,</span> <span class='ocrx_word' id='word_1_468' title='bbox 1327 1509 1441 1558; x_wconf 72' lang='lat' dir='ltr'>quam</span> <span class='ocrx_word' id='word_1_469' title='bbox 1457 1510 1616 1554; x_wconf 89' lang='lat' dir='ltr'>Thesei,</span> <span class='ocrx_word' id='word_1_470' title='bbox 1629 1508 1818 1557; x_wconf 76' lang='lat' dir='ltr'>Pasiphaes</span> <span class='ocrx_word' id='word_1_471' title='bbox 1838 1507 1963 1556; x_wconf 84' lang='lat' dir='ltr'>generi</span> <span class='ocrx_word' id='word_1_472' title='bbox 1979 1533 1989 1549; x_wconf 95' lang='lat'><strong><em>‚</em></strong></span> <span class='ocrx_word' id='word_1_473' title='bbox 2002 1507 2044 1543; x_wconf 63' lang='lat' dir='ltr'>vin</span> <span class='ocrx_word' id='word_1_474' title='bbox 2064 1506 2215 1552; x_wconf 86' lang='lat' dir='ltr'>Hippo-</span> 
     </span>
     <span class='ocr_line' id='line_1_73' title="bbox 1174 1554 2218 1610; baseline -0.006 -13"><span class='ocrx_word' id='word_1_475' title='bbox 1174 1559 1309 1609; x_wconf 87' lang='lat' dir='ltr'>lytum.</span> <span class='ocrx_word' id='word_1_476' title='bbox 1335 1561 1439 1610; x_wconf 87' lang='lat' dir='ltr'>Quid</span> <span class='ocrx_word' id='word_1_477' title='bbox 1457 1560 1482 1599; x_wconf 88' lang='lat' dir='ltr'>fi</span> <span class='ocrx_word' id='word_1_478' title='bbox 1498 1561 1585 1599; x_wconf 92' lang='lat' dir='ltr'>loco</span> <span class='ocrx_word' id='word_1_479' title='bbox 1606 1560 1642 1597; x_wconf 86' lang='lat' dir='ltr'>T</span> <span class='ocrx_word' id='word_1_480' title='bbox 1646 1559 1742 1597; x_wconf 89' lang='lat' dir='ltr'>hesei</span> <span class='ocrx_word' id='word_1_481' title='bbox 1760 1557 1922 1596; x_wconf 75' lang='lat' dir='ltr'>Glaucus</span> <span class='ocrx_word' id='word_1_482' title='bbox 1949 1556 2062 1594; x_wconf 85' lang='lat' dir='ltr'>Vates</span> <span class='ocrx_word' id='word_1_483' title='bbox 2084 1554 2218 1592; x_wconf 87' lang='lat' dir='ltr'>intelli-</span> 
     </span>
     <span class='ocr_line' id='line_1_74' title="bbox 1175 1605 2218 1661; baseline -0.007 -13"><span class='ocrx_word' id='word_1_484' title='bbox 1175 1619 1301 1660; x_wconf 80' lang='lat' dir='ltr'>gatur,</span> <span class='ocrx_word' id='word_1_485' title='bbox 1329 1611 1431 1661; x_wconf 86' lang='lat' dir='ltr'>quasi</span> <span class='ocrx_word' id='word_1_486' title='bbox 1462 1611 1615 1650; x_wconf 85' lang='lat' dir='ltr'>Nasonis</span> <span class='ocrx_word' id='word_1_487' title='bbox 1647 1618 1780 1649; x_wconf 90' lang='lat' dir='ltr'>votum</span> <span class='ocrx_word' id='word_1_488' title='bbox 1810 1607 1876 1653; x_wconf 89' lang='lat' dir='ltr'>fit,</span> <span class='ocrx_word' id='word_1_489' title='bbox 1901 1614 1945 1646; x_wconf 88' lang='lat' dir='ltr'>ut</span> <span class='ocrx_word' id='word_1_490' title='bbox 1976 1606 2045 1644; x_wconf 85' lang='lat' dir='ltr'>Ibis</span> <span class='ocrx_word' id='word_1_491' title='bbox 2062 1607 2125 1643; x_wconf 87' lang='lat' dir='ltr'>has</span> <span class='ocrx_word' id='word_1_492' title='bbox 2143 1605 2218 1642; x_wconf 87' lang='lat' dir='ltr'>im·</span> 
     </span>
     <span class='ocr_line' id='line_1_75' title="bbox 1174 1656 2215 1711; baseline -0.006 -12"><span class='ocrx_word' id='word_1_493' title='bbox 1174 1662 1425 1710; x_wconf 82' lang='lat' dir='ltr'>precationes,</span> <span class='ocrx_word' id='word_1_494' title='bbox 1441 1671 1703 1711; x_wconf 88' lang='lat' dir='ltr'>nontanquam</span> <span class='ocrx_word' id='word_1_495' title='bbox 1727 1659 1884 1698; x_wconf 85' lang='lat' dir='ltr'>Nasonis</span> <span class='ocrx_word' id='word_1_496' title='bbox 1903 1656 2034 1707; x_wconf 79' lang='lat' dir='ltr'>ipfius,</span> <span class='ocrx_word' id='word_1_497' title='bbox 2059 1656 2118 1694; x_wconf 87' lang='lat' dir='ltr'>sed</span> <span class='ocrx_word' id='word_1_498' title='bbox 2138 1656 2215 1693; x_wconf 81' lang='lat' dir='ltr'>Va-</span> 
     </span>
     <span class='ocr_line' id='line_1_76' title="bbox 1173 1705 2212 1762; baseline -0.006 -12"><span class='ocrx_word' id='word_1_499' title='bbox 1173 1712 1216 1750; x_wconf 84' lang='lat' dir='ltr'>tis</span> <span class='ocrx_word' id='word_1_500' title='bbox 1234 1713 1385 1762; x_wconf 90' lang='lat' dir='ltr'>alicujus</span> <span class='ocrx_word' id='word_1_501' title='bbox 1414 1725 1479 1752; x_wconf 89' lang='lat' dir='ltr'>ore</span> <span class='ocrx_word' id='word_1_502' title='bbox 1512 1713 1665 1762; x_wconf 89' lang='lat' dir='ltr'>prolatas</span> <span class='ocrx_word' id='word_1_503' title='bbox 1686 1739 1697 1756; x_wconf 91' lang='lat'><strong>,</strong></span> <span class='ocrx_word' id='word_1_504' title='bbox 1735 1709 1898 1759; x_wconf 87' lang='lat' dir='ltr'>ideoque</span> <span class='ocrx_word' id='word_1_505' title='bbox 1914 1708 2121 1746; x_wconf 86' lang='lat' dir='ltr'>certiffimas</span> <span class='ocrx_word' id='word_1_506' title='bbox 2141 1705 2212 1744; x_wconf 76' lang='lat' dir='ltr'>elie</span> 
     </span>
     <span class='ocr_line' id='line_1_77' title="bbox 1171 1757 2218 1813; baseline -0.009 -10"><span class='ocrx_word' id='word_1_507' title='bbox 1171 1773 1288 1813; x_wconf 86' lang='lat' dir='ltr'>putet.</span> <span class='ocrx_word' id='word_1_508' title='bbox 1324 1765 1483 1802; x_wconf 81' lang='lat' dir='ltr'>Glaucus</span> <span class='ocrx_word' id='word_1_509' title='bbox 1502 1765 1601 1802; x_wconf 84' lang='lat' dir='ltr'>enim</span> <span class='ocrx_word' id='word_1_510' title='bbox 1628 1762 1819 1811; x_wconf 74' lang='lat' dir='ltr'>Pafiphaes</span> <span class='ocrx_word' id='word_1_511' title='bbox 1843 1770 1956 1809; x_wconf 83' lang='lat' dir='ltr'>gener</span> <span class='ocrx_word' id='word_1_512' title='bbox 1974 1758 2090 1796; x_wconf 70' lang='lat' dir='ltr'>dietus</span> <span class='ocrx_word' id='word_1_513' title='bbox 2111 1757 2218 1795; x_wconf 89' lang='lat' dir='ltr'>vide-</span> 
     </span>
     <span class='ocr_line' id='line_1_78' title="bbox 1171 1809 2208 1865; baseline -0.007 -13"><span class='ocrx_word' id='word_1_514' title='bbox 1171 1823 1270 1852; x_wconf 87' lang='lat' dir='ltr'>retur</span> <span class='ocrx_word' id='word_1_515' title='bbox 1283 1842 1294 1860; x_wconf 95' lang='lat'>,</span> <span class='ocrx_word' id='word_1_516' title='bbox 1305 1815 1407 1865; x_wconf 89' lang='lat' dir='ltr'>quod</span> <span class='ocrx_word' id='word_1_517' title='bbox 1426 1815 1499 1865; x_wconf 88' lang='lat' dir='ltr'>ipse</span> <span class='ocrx_word' id='word_1_518' title='bbox 1518 1826 1604 1853; x_wconf 87' lang='lat' dir='ltr'>curn</span> <span class='ocrx_word' id='word_1_519' title='bbox 1618 1813 1779 1851; x_wconf 78' lang='lat' dir='ltr'>Ariadna</span> <span class='ocrx_word' id='word_1_520' title='bbox 1795 1839 1806 1856; x_wconf 96' lang='lat'><strong>‚</strong></span> <span class='ocrx_word' id='word_1_521' title='bbox 1820 1810 2009 1859; x_wconf 74' lang='lat' dir='ltr'>Pasiphaes</span> <span class='ocrx_word' id='word_1_522' title='bbox 2022 1809 2093 1847; x_wconf 81' lang='lat' dir='ltr'>filia</span> <span class='ocrx_word' id='word_1_523' title='bbox 2105 1836 2116 1853; x_wconf 92' lang='lat'>‚</span> <span class='ocrx_word' id='word_1_524' title='bbox 2127 1819 2208 1846; x_wconf 86' lang='lat' dir='ltr'>rem</span> 
     </span>
     <span class='ocr_line' id='line_1_79' title="bbox 1173 1858 2212 1913; baseline -0.008 -10"><span class='ocrx_word' id='word_1_525' title='bbox 1173 1865 1340 1905; x_wconf 85' lang='lat' dir='ltr'>habuerit</span> <span class='ocrx_word' id='word_1_526' title='bbox 1358 1894 1369 1912; x_wconf 92' lang='lat'><strong>,</strong></span> <span class='ocrx_word' id='word_1_527' title='bbox 1398 1874 1437 1906; x_wconf 92' lang='lat' dir='ltr'>ut</span> <span class='ocrx_word' id='word_1_528' title='bbox 1459 1878 1503 1904; x_wconf 87' lang='lat' dir='ltr'>ex</span> <span class='ocrx_word' id='word_1_529' title='bbox 1532 1865 1701 1903; x_wconf 80' lang='lat' dir='ltr'>Euanthe</span> <span class='ocrx_word' id='word_1_530' title='bbox 1730 1862 1891 1913; x_wconf 84' lang='lat' dir='ltr'>prodidit</span> <span class='ocrx_word' id='word_1_531' title='bbox 1922 1860 2129 1899; x_wconf 78' lang='lat' dir='ltr'>Athenaeus</span> <span class='ocrx_word' id='word_1_532' title='bbox 2151 1858 2212 1896; x_wconf 88' lang='lat' dir='ltr'>lib.</span> 
     </span>
     <span class='ocr_line' id='line_1_80' title="bbox 1175 1909 2213 1966; baseline -0.011 -11"><span class='ocrx_word' id='word_1_533' title='bbox 1175 1927 1248 1954; x_wconf 80' lang='lat' dir='ltr'>vn.</span> <span class='ocrx_word' id='word_1_534' title='bbox 1275 1929 1353 1966; x_wconf 69' lang='lat' dir='ltr'>cap,</span> <span class='ocrx_word' id='word_1_535' title='bbox 1382 1928 1437 1955; x_wconf 83' lang='lat'>12.</span> <span class='ocrx_word' id='word_1_536' title='bbox 1473 1916 1645 1955; x_wconf 86' lang='lat' dir='ltr'>editionis</span> <span class='ocrx_word' id='word_1_537' title='bbox 1676 1913 1698 1951; x_wconf 70' lang='grc' dir='ltr'>-ἶι</span> <span class='ocrx_word' id='word_1_538' title='bbox 1732 1913 1950 1952; x_wconf 87' lang='lat' dir='ltr'>Casaubono</span> <span class='ocrx_word' id='word_1_539' title='bbox 1989 1909 2213 1956; x_wconf 84' lang='lat' dir='ltr'>recognitae.</span> 
     </span>
     <span class='ocr_line' id='line_1_81' title="bbox 1178 1957 2216 2006; baseline -0.009 -1"><span class='ocrx_word' id='word_1_540' title='bbox 1178 1968 1363 2005; x_wconf 91' lang='lat' dir='ltr'>Glaucum</span> <span class='ocrx_word' id='word_1_541' title='bbox 1395 1976 1519 2006; x_wconf 83' lang='lat' dir='ltr'>autern</span> <span class='ocrx_word' id='word_1_542' title='bbox 1551 1966 1730 2003; x_wconf 80' lang='lat' dir='ltr'>eximium</span> <span class='ocrx_word' id='word_1_543' title='bbox 1762 1964 1898 1998; x_wconf 85' lang='lat' dir='ltr'>Vatem</span> <span class='ocrx_word' id='word_1_544' title='bbox 1927 1958 2029 1997; x_wconf 81' lang='lat' dir='ltr'>fuiffe</span> <span class='ocrx_word' id='word_1_545' title='bbox 2047 1958 2140 1995; x_wconf 86' lang='lat' dir='ltr'>testis</span> <span class='ocrx_word' id='word_1_546' title='bbox 2163 1957 2216 1996; x_wconf 73' lang='lat' dir='ltr'>est„</span> 
     </span>
     <span class='ocr_line' id='line_1_82' title="bbox 1178 2008 2212 2064; baseline -0.01 -9"><span class='ocrx_word' id='word_1_547' title='bbox 1178 2017 1388 2055; x_wconf 85' lang='lat' dir='ltr'>Aristoteles</span> <span class='ocrx_word' id='word_1_548' title='bbox 1417 2017 1512 2064; x_wconf 89' lang='lat' dir='ltr'>apud</span> <span class='ocrx_word' id='word_1_549' title='bbox 1539 2014 1698 2051; x_wconf 91' lang='lat' dir='ltr'>eundem</span> <span class='ocrx_word' id='word_1_550' title='bbox 1732 2012 1969 2049; x_wconf 86' lang='lat' dir='ltr'>Athenaeum</span> <span class='ocrx_word' id='word_1_551' title='bbox 1994 2008 2065 2044; x_wconf 72' lang='lat' dir='ltr'>vloco</span> <span class='ocrx_word' id='word_1_552' title='bbox 2095 2008 2212 2045; x_wconf 79' lang='lat' dir='ltr'>citato.</span> 
     </span>
     <span class='ocr_line' id='line_1_83' title="bbox 1177 2058 2214 2112; baseline -0.008 -10"><span class='ocrx_word' id='word_1_553' title='bbox 1177 2066 1369 2112; x_wconf 87' lang='lat' dir='ltr'>Euripides</span> <span class='ocrx_word' id='word_1_554' title='bbox 1386 2067 1423 2103; x_wconf 92' lang='lat' dir='ltr'>in</span> <span class='ocrx_word' id='word_1_555' title='bbox 1445 2064 1598 2107; x_wconf 87' lang='lat' dir='ltr'>Oreste,</span> <span class='ocrx_word' id='word_1_556' title='bbox 1625 2063 1685 2100; x_wconf 90' lang='lat' dir='ltr'>ubi</span> <span class='ocrx_word' id='word_1_557' title='bbox 1710 2061 1841 2098; x_wconf 90' lang='lat' dir='ltr'>dicitur</span> <span class='ocrx_word' id='word_1_558' title='bbox 1861 2061 2000 2103; x_wconf 72' lang='grc' dir='ltr'>Νηρέως</span> <span class='ocrx_word' id='word_1_559' title='bbox 2024 2058 2214 2103; x_wconf 65' lang='grc' dir='ltr'>προφήτης</span> 
     </span>
     <span class='ocr_line' id='line_1_84' title="bbox 1175 2108 2214 2158; baseline -0.008 -7"><span class='ocrx_word' id='word_1_560' title='bbox 1175 2118 1337 2157; x_wconf 77' lang='grc' dir='ltr'><strong><em>Γλαῦκος</em></strong></span> <span class='ocrx_word' id='word_1_561' title='bbox 1354 2114 1510 2156; x_wconf 70' lang='grc' dir='ltr'><em>ἀψευὸἧς</em></span> <span class='ocrx_word' id='word_1_562' title='bbox 1530 2115 1636 2155; x_wconf 78' lang='grc' dir='ltr'>Θεὸς,</span> <span class='ocrx_word' id='word_1_563' title='bbox 1665 2110 1817 2147; x_wconf 86' lang='lat' dir='ltr'>Glaucus</span> <span class='ocrx_word' id='word_1_564' title='bbox 1835 2109 2006 2158; x_wconf 83' lang='lat' dir='ltr'>Propheta</span> <span class='ocrx_word' id='word_1_565' title='bbox 2028 2108 2128 2144; x_wconf 84' lang='lat' dir='ltr'>Nerei</span> <span class='ocrx_word' id='word_1_566' title='bbox 2148 2121 2214 2144; x_wconf 78' lang='lat' dir='ltr'>ve·</span> 
     </span>
     <span class='ocr_line' id='line_1_85' title="bbox 1174 2158 2213 2207; baseline -0.004 -7"><span class='ocrx_word' id='word_1_567' title='bbox 1174 2177 1243 2200; x_wconf 83' lang='lat' dir='ltr'>rax</span> <span class='ocrx_word' id='word_1_568' title='bbox 1265 2170 1369 2202; x_wconf 76' lang='lat' dir='ltr'>Deus.</span> <span class='ocrx_word' id='word_1_569' title='bbox 1396 2165 1444 2202; x_wconf 91' lang='lat' dir='ltr'>Et</span> <span class='ocrx_word' id='word_1_570' title='bbox 1466 2163 1650 2201; x_wconf 84' lang='lat' dir='ltr'>Pausanias</span> <span class='ocrx_word' id='word_1_571' title='bbox 1670 2161 1707 2198; x_wconf 84' lang='lat' dir='ltr'>in</span> <span class='ocrx_word' id='word_1_572' title='bbox 1727 2158 1887 2198; x_wconf 84' lang='lat' dir='ltr'>Boeoticis</span> <span class='ocrx_word' id='word_1_573' title='bbox 1900 2187 1910 2203; x_wconf 97' lang='lat'>,</span> <span class='ocrx_word' id='word_1_574' title='bbox 1938 2169 2018 2207; x_wconf 86' lang='lat' dir='ltr'>pag.</span> <span class='ocrx_word' id='word_1_575' title='bbox 2035 2158 2213 2206; x_wconf 54' lang='lat' dir='ltr'>289.edi÷</span> 
     </span>
     <span class='ocr_line' id='line_1_86' title="bbox 1173 2209 2203 2258; baseline -0.005 -6"><span class='ocrx_word' id='word_1_576' title='bbox 1173 2215 1286 2252; x_wconf 87' lang='lat' dir='ltr'>tionis</span> <span class='ocrx_word' id='word_1_577' title='bbox 1302 2214 1521 2254; x_wconf 84' lang='lat' dir='ltr'>Bafileenfis.</span> <span class='ocrx_word' id='word_1_578' title='bbox 1547 2214 1745 2253; x_wconf 65' lang='lat' dir='ltr'>SALvAen.</span> <span class='ocrx_word' id='word_1_579' title='bbox 1774 2211 1880 2250; x_wconf 59' lang='lat' dir='ltr'>Dicta</span> <span class='ocrx_word' id='word_1_580' title='bbox 1890 2210 1991 2258; x_wconf 80' lang='lat' dir='ltr'>fuiſje</span> <span class='ocrx_word' id='word_1_581' title='bbox 2010 2209 2136 2250; x_wconf 81' lang='lat' dir='ltr'>Petav.</span> <span class='ocrx_word' id='word_1_582' title='bbox 2162 2210 2203 2247; x_wconf 82' lang='lat'>&amp;</span> 
     </span>
    </p>
   </div>
   <div class='ocr_carea' id='block_1_27' title="bbox 1173 2264 2174 2391">
    <p class='ocr_par' dir='ltr' id='par_1_29' title="bbox 1173 2264 2174 2391">
     <span class='ocr_line' id='line_1_87' title="bbox 1173 2264 1343 2306; baseline 0 -2"><span class='ocrx_word' id='word_1_583' title='bbox 1173 2264 1250 2306; x_wconf 85' lang='lat' dir='ltr'>duo</span> <span class='ocrx_word' id='word_1_584' title='bbox 1271 2265 1343 2304; x_wconf 91' lang='lat' dir='ltr'>alii.</span> 
     </span>
     <span class='ocr_line' id='line_1_88' title="bbox 1228 2335 2174 2391; baseline 0 -15"><span class='ocrx_word' id='word_1_585' title='bbox 1228 2348 1292 2389; x_wconf 85' lang='lat'>91.</span> <span class='ocrx_word' id='word_1_586' title='bbox 1319 2338 1531 2391; x_wconf 85' lang='lat' dir='ltr'>Tranfiero.]</span> <span class='ocrx_word' id='word_1_587' title='bbox 1559 2339 1665 2378; x_wconf 88' lang='lat' dir='ltr'>Idem</span> <span class='ocrx_word' id='word_1_588' title='bbox 1683 2336 1796 2383; x_wconf 86' lang='lat' dir='ltr'>liber,</span> <span class='ocrx_word' id='word_1_589' title='bbox 1825 2335 2034 2387; x_wconf 81' lang='lat' dir='ltr'>transierim.</span> <span class='ocrx_word' id='word_1_590' title='bbox 2061 2335 2174 2376; x_wconf 71' lang='lat' dir='ltr'>C101=0</span> 
     </span>
    </p>
   </div>
   <div class='ocr_carea' id='block_1_28' title="bbox 1170 2405 2211 2759">
    <p class='ocr_par' dir='ltr' id='par_1_30' title="bbox 1170 2405 2211 2759">
     <span class='ocr_line' id='line_1_89' title="bbox 1225 2405 2209 2460; baseline -0.007 -10"><span class='ocrx_word' id='word_1_591' title='bbox 1225 2423 1287 2460; x_wconf 84' lang='lat'>91.</span> <span class='ocrx_word' id='word_1_592' title='bbox 1316 2413 1482 2450; x_wconf 77' lang='lat' dir='ltr'>patiatur</span> <span class='ocrx_word' id='word_1_593' title='bbox 1500 2422 1544 2453; x_wconf 63' lang='grc' dir='ltr'>ω’</span> <span class='ocrx_word' id='word_1_594' title='bbox 1564 2408 1687 2459; x_wconf 84' lang='lat' dir='ltr'>illas.]</span> <span class='ocrx_word' id='word_1_595' title='bbox 1736 2410 1827 2448; x_wconf 90' lang='lat' dir='ltr'>Non</span> <span class='ocrx_word' id='word_1_596' title='bbox 1844 2408 1949 2452; x_wconf 83' lang='lat' dir='ltr'>illas,</span> <span class='ocrx_word' id='word_1_597' title='bbox 1975 2406 2037 2445; x_wconf 89' lang='lat' dir='ltr'>sed</span> <span class='ocrx_word' id='word_1_598' title='bbox 2054 2405 2134 2453; x_wconf 81' lang='lat' dir='ltr'>istas</span> <span class='ocrx_word' id='word_1_599' title='bbox 2154 2406 2209 2444; x_wconf 60' lang='lat' dir='ltr'>lei</span> 
     </span>
     <span class='ocr_line' id='line_1_90' title="bbox 1172 2456 2211 2510; baseline -0.005 -10"><span class='ocrx_word' id='word_1_600' title='bbox 1172 2473 1235 2510; x_wconf 89' lang='lat' dir='ltr'>g0.</span> <span class='ocrx_word' id='word_1_601' title='bbox 1247 2471 1285 2500; x_wconf 90' lang='lat' dir='ltr'>ut</span> <span class='ocrx_word' id='word_1_602' title='bbox 1298 2462 1476 2502; x_wconf 84' lang='lat' dir='ltr'>fitsensus.</span> <span class='ocrx_word' id='word_1_603' title='bbox 1497 2463 1660 2501; x_wconf 73' lang='lat' dir='ltr'>patiatur</span> <span class='ocrx_word' id='word_1_604' title='bbox 1671 2460 1741 2499; x_wconf 90' lang='lat' dir='ltr'>Ibis</span> <span class='ocrx_word' id='word_1_605' title='bbox 1750 2471 1908 2509; x_wconf 89' lang='lat' dir='ltr'>poenas,</span> <span class='ocrx_word' id='word_1_606' title='bbox 1926 2468 2014 2507; x_wconf 79' lang='lat' dir='ltr'>quas</span> <span class='ocrx_word' id='word_1_607' title='bbox 2024 2456 2211 2500; x_wconf 72' lang='lat' dir='ltr'>transiero.</span> 
     </span>
     <span class='ocr_line' id='line_1_91' title="bbox 1172 2507 2208 2558; baseline -0.006 -9"><span class='ocrx_word' id='word_1_608' title='bbox 1172 2512 1268 2551; x_wconf 91' lang='lat' dir='ltr'>idest</span> <span class='ocrx_word' id='word_1_609' title='bbox 1281 2540 1292 2558; x_wconf 92' lang='lat'>,</span> <span class='ocrx_word' id='word_1_610' title='bbox 1311 2515 1348 2551; x_wconf 90' lang='lat' dir='ltr'>in</span> <span class='ocrx_word' id='word_1_611' title='bbox 1368 2515 1441 2552; x_wconf 92' lang='lat' dir='ltr'>hoc</span> <span class='ocrx_word' id='word_1_612' title='bbox 1457 2514 1580 2552; x_wconf 89' lang='lat' dir='ltr'>libello</span> <span class='ocrx_word' id='word_1_613' title='bbox 1594 2525 1669 2550; x_wconf 87' lang='lat' dir='ltr'>non</span> <span class='ocrx_word' id='word_1_614' title='bbox 1692 2511 1907 2549; x_wconf 89' lang='lat' dir='ltr'>recensuero</span> <span class='ocrx_word' id='word_1_615' title='bbox 1921 2537 1931 2553; x_wconf 96' lang='lat'>,</span> <span class='ocrx_word' id='word_1_616' title='bbox 1959 2507 2106 2554; x_wconf 65' lang='lat' dir='ltr'>aristas,</span> <span class='ocrx_word' id='word_1_617' title='bbox 2133 2508 2208 2545; x_wconf 89' lang='lat' dir='ltr'>hoc</span> 
     </span>
     <span class='ocr_line' id='line_1_92' title="bbox 1172 2558 2206 2612; baseline -0.005 -12"><span class='ocrx_word' id='word_1_618' title='bbox 1172 2563 1242 2607; x_wconf 89' lang='lat' dir='ltr'>est,</span> <span class='ocrx_word' id='word_1_619' title='bbox 1270 2576 1359 2612; x_wconf 88' lang='lat' dir='ltr'>quas</span> <span class='ocrx_word' id='word_1_620' title='bbox 1384 2566 1422 2602; x_wconf 90' lang='lat' dir='ltr'>in</span> <span class='ocrx_word' id='word_1_621' title='bbox 1443 2564 1518 2612; x_wconf 90' lang='lat' dir='ltr'>ipso</span> <span class='ocrx_word' id='word_1_622' title='bbox 1542 2572 1822 2602; x_wconf 86' lang='lat' dir='ltr'>enumeravero.</span> <span class='ocrx_word' id='word_1_623' title='bbox 1841 2560 1898 2606; x_wconf 87' lang='lat' dir='ltr'>iste</span> <span class='ocrx_word' id='word_1_624' title='bbox 1916 2566 2038 2597; x_wconf 88' lang='lat' dir='ltr'>autem</span> <span class='ocrx_word' id='word_1_625' title='bbox 2053 2569 2118 2606; x_wconf 90' lang='lat' dir='ltr'>pro</span> <span class='ocrx_word' id='word_1_626' title='bbox 2146 2558 2206 2595; x_wconf 81' lang='lat' dir='ltr'>hoe</span> 
     </span>
     <span class='ocr_line' id='line_1_93' title="bbox 1170 2607 2207 2662; baseline -0.007 -10"><span class='ocrx_word' id='word_1_627' title='bbox 1170 2625 1248 2651; x_wconf 83' lang='lat' dir='ltr'>non</span> <span class='ocrx_word' id='word_1_628' title='bbox 1270 2615 1382 2652; x_wconf 86' lang='lat' dir='ltr'>semel</span> <span class='ocrx_word' id='word_1_629' title='bbox 1401 2616 1550 2662; x_wconf 88' lang='lat' dir='ltr'>ponitur</span> <span class='ocrx_word' id='word_1_630' title='bbox 1579 2613 1599 2651; x_wconf 68' lang='lat' dir='ltr'>a</span> <span class='ocrx_word' id='word_1_631' title='bbox 1621 2613 1767 2655; x_wconf 76' lang='lat' dir='ltr'>Poetis3</span> <span class='ocrx_word' id='word_1_632' title='bbox 1795 2623 1874 2649; x_wconf 91' lang='lat' dir='ltr'>non</span> <span class='ocrx_word' id='word_1_633' title='bbox 1892 2611 1984 2648; x_wconf 87' lang='lat' dir='ltr'>nitar</span> <span class='ocrx_word' id='word_1_634' title='bbox 2001 2607 2179 2656; x_wconf 84' lang='lat' dir='ltr'>exemplis</span> <span class='ocrx_word' id='word_1_635' title='bbox 2193 2634 2207 2653; x_wconf 83' lang='lat'>,</span> 
     </span>
     <span class='ocr_line' id='line_1_94' title="bbox 1170 2660 2203 2713; baseline -0.01 -10"><span class='ocrx_word' id='word_1_636' title='bbox 1170 2665 1256 2713; x_wconf 87' lang='lat' dir='ltr'>quia</span> <span class='ocrx_word' id='word_1_637' title='bbox 1277 2664 1382 2712; x_wconf 90' lang='lat' dir='ltr'>plena</span> <span class='ocrx_word' id='word_1_638' title='bbox 1401 2665 1480 2702; x_wconf 90' lang='lat' dir='ltr'>sunt</span> <span class='ocrx_word' id='word_1_639' title='bbox 1501 2664 1640 2702; x_wconf 87' lang='lat' dir='ltr'>omnia.</span> <span class='ocrx_word' id='word_1_640' title='bbox 1669 2664 1820 2699; x_wconf 82' lang='lat' dir='ltr'>CONsT.</span> <span class='ocrx_word' id='word_1_641' title='bbox 1841 2662 1938 2698; x_wconf 63' lang='lat' dir='ltr'>FAN.</span> <span class='ocrx_word' id='word_1_642' title='bbox 1975 2660 2140 2696; x_wconf 72' lang='lat' dir='ltr'>Patietur</span> <span class='ocrx_word' id='word_1_643' title='bbox 2159 2669 2203 2698; x_wconf 67' lang='lat'>&lt;9¹</span> 
     </span>
     <span class='ocr_line' id='line_1_95' title="bbox 1171 2709 2210 2759; baseline -0.004 -7"><span class='ocrx_word' id='word_1_644' title='bbox 1171 2714 1268 2752; x_wconf 84' lang='lat' dir='ltr'>ultra</span> <span class='ocrx_word' id='word_1_645' title='bbox 1291 2727 1383 2754; x_wconf 89' lang='lat' dir='ltr'>unus</span> <span class='ocrx_word' id='word_1_646' title='bbox 1413 2715 1559 2754; x_wconf 88' lang='lat' dir='ltr'>Heinfii</span> <span class='ocrx_word' id='word_1_647' title='bbox 1587 2715 1626 2754; x_wconf 89' lang='lat'>&amp;</span> <span class='ocrx_word' id='word_1_648' title='bbox 1654 2712 1875 2752; x_wconf 86' lang='lat' dir='ltr'>Bersmanni.</span> <span class='ocrx_word' id='word_1_649' title='bbox 1902 2722 1973 2750; x_wconf 89' lang='lat' dir='ltr'>nec</span> <span class='ocrx_word' id='word_1_650' title='bbox 2000 2709 2210 2759; x_wconf 75' lang='lat' dir='ltr'>displicebat</span> 
     </span>
    </p>
   </div>
   <div class='ocr_carea' id='block_1_29' title="bbox 1172 2766 1339 2805">
    <p class='ocr_par' dir='ltr' id='par_1_31' title="bbox 1172 2766 1339 2805">
     <span class='ocr_line' id='line_1_96' title="bbox 1172 2766 1339 2805; baseline 0 -1"><span class='ocrx_word' id='word_1_651' title='bbox 1172 2766 1339 2805; x_wconf 83' lang='lat' dir='ltr'>Valerio.</span> 
     </span>
    </p>
   </div>
   <div class='ocr_carea' id='block_1_30' title="bbox 1167 2837 2206 2992">
    <p class='ocr_par' dir='ltr' id='par_1_32' title="bbox 1167 2837 2206 2992">
     <span class='ocr_line' id='line_1_97' title="bbox 1219 2837 2204 2893; baseline -0.005 -11"><span class='ocrx_word' id='word_1_652' title='bbox 1219 2856 1286 2892; x_wconf 80' lang='lat'>92.</span> <span class='ocrx_word' id='word_1_653' title='bbox 1316 2843 1456 2881; x_wconf 81' lang='lat' dir='ltr'>Plenius</span> <span class='ocrx_word' id='word_1_654' title='bbox 1473 2842 1605 2893; x_wconf 83' lang='lat' dir='ltr'>ingenio</span> <span class='ocrx_word' id='word_1_655' title='bbox 1620 2840 1669 2890; x_wconf 84' lang='lat' dir='ltr'>fit</span> <span class='ocrx_word' id='word_1_656' title='bbox 1689 2841 1789 2889; x_wconf 83' lang='lat' dir='ltr'>miser</span> <span class='ocrx_word' id='word_1_657' title='bbox 1808 2839 1866 2877; x_wconf 79' lang='lat' dir='ltr'>ille</span> <span class='ocrx_word' id='word_1_658' title='bbox 1886 2837 1998 2888; x_wconf 59' lang='lat' dir='ltr'>mem]</span> <span class='ocrx_word' id='word_1_659' title='bbox 2055 2837 2204 2878; x_wconf 86' lang='lat' dir='ltr'>Eodem</span> 
     </span>
     <span class='ocr_line' id='line_1_98' title="bbox 1169 2889 2206 2943; baseline -0.005 -10"><span class='ocrx_word' id='word_1_660' title='bbox 1169 2895 1270 2933; x_wconf 88' lang='lat' dir='ltr'>sensu</span> <span class='ocrx_word' id='word_1_661' title='bbox 1290 2897 1395 2943; x_wconf 88' lang='lat' dir='ltr'>capio</span> <span class='ocrx_word' id='word_1_662' title='bbox 1416 2897 1516 2932; x_wconf 88' lang='lat' dir='ltr'>hunc</span> <span class='ocrx_word' id='word_1_663' title='bbox 1535 2892 1680 2931; x_wconf 89' lang='lat' dir='ltr'>versum</span> <span class='ocrx_word' id='word_1_664' title='bbox 1703 2892 1840 2929; x_wconf 86' lang='lat' dir='ltr'>Valerii</span> <span class='ocrx_word' id='word_1_665' title='bbox 1864 2890 2016 2927; x_wconf 88' lang='lat' dir='ltr'>Catonis</span> <span class='ocrx_word' id='word_1_666' title='bbox 2035 2889 2074 2926; x_wconf 83' lang='lat' dir='ltr'>in</span> <span class='ocrx_word' id='word_1_667' title='bbox 2092 2889 2206 2928; x_wconf 81' lang='lat' dir='ltr'>Diris.</span> 
     </span>
     <span class='ocr_line' id='line_1_99' title="bbox 1167 2940 2206 2992; baseline -0.008 -8"><span class='ocrx_word' id='word_1_668' title='bbox 1167 2946 1367 2984; x_wconf 75' lang='lat' dir='ltr'>SALVAGN.</span> <span class='ocrx_word' id='word_1_669' title='bbox 1395 2946 1485 2983; x_wconf 92' lang='lat' dir='ltr'>Non</span> <span class='ocrx_word' id='word_1_670' title='bbox 1503 2942 1682 2992; x_wconf 82' lang='lat' dir='ltr'>adscripsit</span> <span class='ocrx_word' id='word_1_671' title='bbox 1703 2942 1934 2989; x_wconf 79' lang='lat' dir='ltr'>Salvagnius,</span> <span class='ocrx_word' id='word_1_672' title='bbox 1953 2950 2066 2989; x_wconf 89' lang='lat' dir='ltr'>quem</span> <span class='ocrx_word' id='word_1_673' title='bbox 2081 2952 2126 2977; x_wconf 86' lang='lat' dir='ltr'>ex</span> <span class='ocrx_word' id='word_1_674' title='bbox 2139 2940 2206 2977; x_wconf 89' lang='lat' dir='ltr'>Di-</span> 
     </span>
    </p>
   </div>
   <div class='ocr_carea' id='block_1_31' title="bbox 1123 2990 2208 3044">
    <p class='ocr_par' dir='ltr' id='par_1_33' title="bbox 1123 2990 2208 3044">
     <span class='ocr_line' id='line_1_100' title="bbox 1123 2990 2208 3044; baseline -0.009 -9"><span class='ocrx_word' id='word_1_675' title='bbox 1123 3012 1126 3014; x_wconf 47' lang='lat'>*</span> <span class='ocrx_word' id='word_1_676' title='bbox 1166 2997 1212 3035; x_wconf 88' lang='lat' dir='ltr'>ris</span> <span class='ocrx_word' id='word_1_677' title='bbox 1235 2997 1378 3035; x_wconf 89' lang='lat' dir='ltr'>versum</span> <span class='ocrx_word' id='word_1_678' title='bbox 1401 2995 1640 3044; x_wconf 85' lang='lat' dir='ltr'>intelligeret,</span> <span class='ocrx_word' id='word_1_679' title='bbox 1666 2992 1727 3030; x_wconf 91' lang='lat' dir='ltr'>sed</span> <span class='ocrx_word' id='word_1_680' title='bbox 1745 3000 1836 3041; x_wconf 90' lang='lat' dir='ltr'>puto</span> <span class='ocrx_word' id='word_1_681' title='bbox 1850 2991 1952 3028; x_wconf 89' lang='lat' dir='ltr'>illum</span> <span class='ocrx_word' id='word_1_682' title='bbox 1967 3018 1978 3036; x_wconf 86' lang='lat'><strong><em>‚</em></strong></span> <span class='ocrx_word' id='word_1_683' title='bbox 1998 2992 2060 3040; x_wconf 89' lang='lat' dir='ltr'>qui</span> <span class='ocrx_word' id='word_1_684' title='bbox 2078 2990 2131 3027; x_wconf 87' lang='lat' dir='ltr'>bis</span> <span class='ocrx_word' id='word_1_685' title='bbox 2150 3000 2208 3026; x_wconf 92' lang='lat' dir='ltr'>re-</span> 
     </span>
    </p>
   </div>
   <div class='ocr_carea' id='block_1_32' title="bbox 1167 3040 2204 3136">
    <p class='ocr_par' dir='ltr' id='par_1_34' title="bbox 1167 3040 2204 3136">
     <span class='ocr_line' id='line_1_101' title="bbox 1167 3040 2204 3136; baseline -0.012 -50"><span class='ocrx_word' id='word_1_686' title='bbox 1167 3049 1326 3136; x_wconf 43' lang='lat' dir='ltr'>petitu&amp;</span> <span class='ocrx_word' id='word_1_687' title='bbox 1354 3057 1415 3095; x_wconf 83' lang='lat'>25.</span> <span class='ocrx_word' id='word_1_688' title='bbox 1451 3047 1490 3084; x_wconf 91' lang='lat'>&amp;</span> <span class='ocrx_word' id='word_1_689' title='bbox 1515 3056 1581 3094; x_wconf 76' lang='lat'>47.</span> <span class='ocrx_word' id='word_1_690' title='bbox 1609 3043 1729 3092; x_wconf 80' lang='lat' dir='ltr'>nostris</span> <span class='ocrx_word' id='word_1_691' title='bbox 1746 3043 1907 3093; x_wconf 81' lang='lat' dir='ltr'>superent</span> <span class='ocrx_word' id='word_1_692' title='bbox 1938 3041 2019 3079; x_wconf 85' lang='lat' dir='ltr'>haec</span> <span class='ocrx_word' id='word_1_693' title='bbox 2046 3040 2204 3078; x_wconf 84' lang='lat' dir='ltr'>carmina</span> 
     </span>
     <span class='ocr_line' id='line_1_102' title="bbox 1170 3108 1421 3136; baseline 0 0"><span class='ocrx_word' id='word_1_694' title='bbox 1170 3108 1273 3136; x_wconf 71' lang='lat' dir='ltr'>votas.</span> <span class='ocrx_word' id='word_1_695' title='bbox 1321 3111 1421 3136; x_wconf 72' lang='lat' dir='ltr'>unm.</span> 
     </span>
    </p>
   </div>
   <div class='ocr_carea' id='block_1_33' title="bbox 1226 3156 2206 3213">
    <p class='ocr_par' dir='ltr' id='par_1_35' title="bbox 1226 3156 2206 3213">
     <span class='ocr_line' id='line_1_103' title="bbox 1226 3156 2206 3213; baseline -0.005 -13"><span class='ocrx_word' id='word_1_696' title='bbox 1226 3175 1288 3213; x_wconf 84' lang='lat'>93.</span> <span class='ocrx_word' id='word_1_697' title='bbox 1317 3169 1415 3201; x_wconf 82' lang='lat' dir='ltr'>Neve</span> <span class='ocrx_word' id='word_1_698' title='bbox 1437 3162 1553 3200; x_wconf 78' lang='lat' dir='ltr'>minus</span> <span class='ocrx_word' id='word_1_699' title='bbox 1575 3159 1757 3208; x_wconf 54' lang='lat' dir='ltr'>noceant]</span> <span class='ocrx_word' id='word_1_700' title='bbox 1810 3159 1967 3198; x_wconf 86' lang='lat' dir='ltr'>Ovidius</span> <span class='ocrx_word' id='word_1_701' title='bbox 1998 3158 2018 3195; x_wconf 73' lang='lat' dir='ltr'>a</span> <span class='ocrx_word' id='word_1_702' title='bbox 2042 3156 2120 3196; x_wconf 89' lang='lat' dir='ltr'>Diis</span> <span class='ocrx_word' id='word_1_703' title='bbox 2141 3160 2206 3206; x_wconf 72' lang='lat' dir='ltr'>pe-‘</span> 
     </span>
    </p>
   </div>
   <div class='ocr_carea' id='block_1_34' title="bbox 1174 3206 2215 3302">
    <p class='ocr_par' dir='ltr' id='par_1_36' title="bbox 1174 3206 2215 3302">
     <span class='ocr_line' id='line_1_104' title="bbox 1174 3206 2212 3302; baseline -0.007 -48"><span class='ocrx_word' id='word_1_704' title='bbox 1174 3216 1242 3262; x_wconf 80' lang='lat' dir='ltr'>tit,</span> <span class='ocrx_word' id='word_1_705' title='bbox 1270 3223 1310 3253; x_wconf 92' lang='lat' dir='ltr'>ut</span> <span class='ocrx_word' id='word_1_706' title='bbox 1342 3213 1433 3302; x_wconf 52' lang='lat' dir='ltr'>dgas</span> <span class='ocrx_word' id='word_1_707' title='bbox 1458 3212 1534 3253; x_wconf 88' lang='lat' dir='ltr'>suas</span> <span class='ocrx_word' id='word_1_708' title='bbox 1562 3224 1643 3264; x_wconf 83' lang='lat' dir='ltr'>non</span> <span class='ocrx_word' id='word_1_709' title='bbox 1670 3213 1791 3265; x_wconf 70' lang='lat' dir='ltr'>minus</span> <span class='ocrx_word' id='word_1_710' title='bbox 1818 3220 1909 3250; x_wconf 84' lang='lat' dir='ltr'>ratas</span> <span class='ocrx_word' id='word_1_711' title='bbox 1936 3221 1978 3248; x_wconf 89' lang='lat' dir='ltr'>ac</span> <span class='ocrx_word' id='word_1_712' title='bbox 1997 3206 2212 3298; x_wconf 61' lang='lat' dir='ltr'>firmasleffe</span> 
     </span>
     <span class='ocr_line' id='line_1_105' title="bbox 2075 3268 2215 3299; baseline 0.014 -2"><span class='ocrx_word' id='word_1_713' title='bbox 2075 3269 2121 3297; x_wconf 88' lang='lat' dir='ltr'>ve</span> <span class='ocrx_word' id='word_1_714' title='bbox 2136 3268 2215 3299; x_wconf 82' lang='lat' dir='ltr'>int.</span> 
     </span>
    </p>
   </div>
  </div>
 </body>
</html>
