<?xml version="1.0" encoding="UTF-8"?>
<!DOCTYPE html PUBLIC "-//W3C//DTD XHTML 1.0 Transitional//EN"
    "http://www.w3.org/TR/xhtml1/DTD/xhtml1-transitional.dtd">
<html xmlns="http://www.w3.org/1999/xhtml" xml:lang="en" lang="en">
 <head>
  <title>
</title>
<meta http-equiv="Content-Type" content="text/html;charset=utf-8" />
  <meta name='ocr-system' content='tesseract 3.04.00' />
  <meta name='ocr-capabilities' content='ocr_page ocr_carea ocr_par ocr_line ocrx_word'/>
</head>
<body>
  <div class='ocr_page' id='page_1' title='image "./publiiovidiinaso04ovid_0134.png"; bbox 0 0 2547 3708; ppageno 0'>
   <div class='ocr_carea' id='block_1_1' title="bbox 294 145 1978 221">
    <p class='ocr_par' dir='ltr' id='par_1_1' title="bbox 294 145 1978 221">
     <span class='ocr_line' id='line_1_1' title="bbox 294 145 1978 221; baseline -0.008 -3"><span class='ocrx_word' id='word_1_1' title='bbox 294 166 390 221; x_wconf 53' lang='grc' dir='ltr'>τις</span> <span class='ocrx_word' id='word_1_2' title='bbox 833 145 1978 210; x_wconf 69' lang='lat' dir='ltr'><strong>ROVIDIINASONIS</strong></span> 
     </span>
    </p>
   </div>
   <div class='ocr_carea' id='block_1_2' title="bbox 578 245 1901 394">
    <p class='ocr_par' dir='ltr' id='par_1_2' title="bbox 578 245 1901 394">
     <span class='ocr_line' id='line_1_2' title="bbox 578 245 1901 327; baseline -0.008 -17"><span class='ocrx_word' id='word_1_3' title='bbox 578 253 733 327; x_wconf 83' lang='lat' dir='ltr'>Isque</span> <span class='ocrx_word' id='word_1_4' title='bbox 760 251 841 304; x_wconf 86' lang='lat' dir='ltr'>vel</span> <span class='ocrx_word' id='word_1_5' title='bbox 870 248 1129 304; x_wconf 77' lang='lat' dir='ltr'>exanimis</span> <span class='ocrx_word' id='word_1_6' title='bbox 1157 247 1311 300; x_wconf 85' lang='lat' dir='ltr'>faciat</span> <span class='ocrx_word' id='word_1_7' title='bbox 1340 247 1436 301; x_wconf 84' lang='lat' dir='ltr'>tibi</span> <span class='ocrx_word' id='word_1_8' title='bbox 1461 247 1675 301; x_wconf 83' lang='lat' dir='ltr'>vulnus:</span> <span class='ocrx_word' id='word_1_9' title='bbox 1714 259 1772 300; x_wconf 90' lang='lat' dir='ltr'>ut</span> <span class='ocrx_word' id='word_1_10' title='bbox 1799 245 1901 311; x_wconf 87' lang='lat' dir='ltr'>illi,</span> 
     </span>
     <span class='ocr_line' id='line_1_3' title="bbox 657 319 1659 394; baseline -0.007 -14"><span class='ocrx_word' id='word_1_11' title='bbox 657 325 766 380; x_wconf 82' lang='lat' dir='ltr'>Ora</span> <span class='ocrx_word' id='word_1_12' title='bbox 791 323 942 394; x_wconf 82' lang='lat' dir='ltr'>super</span> <span class='ocrx_word' id='word_1_13' title='bbox 961 320 1052 376; x_wconf 59' lang='grc' dir='ltr'>ᾗχι</span> <span class='ocrx_word' id='word_1_14' title='bbox 1080 337 1244 392; x_wconf 89' lang='lat' dir='ltr'>quem</span> <span class='ocrx_word' id='word_1_15' title='bbox 1269 320 1517 374; x_wconf 77' lang='lat' dir='ltr'><strong>cecidere</strong></span> <span class='ocrx_word' id='word_1_16' title='bbox 1543 319 1659 373; x_wconf 71' lang='lat' dir='ltr'>suiS.</span> 
     </span>
    </p>
   </div>
   <div class='ocr_carea' id='block_1_3' title="bbox 2294 390 2416 446">
    <p class='ocr_par' dir='ltr' id='par_1_3' title="bbox 2294 390 2416 446">
     <span class='ocr_line' id='line_1_4' title="bbox 2294 390 2416 446; baseline 0.008 -1"><span class='ocrx_word' id='word_1_17' title='bbox 2294 390 2416 446; x_wconf 87' lang='lat' dir='ltr'>Sive</span> 
     </span>
    </p>
   </div>
   <div class='ocr_carea' id='block_1_4' title="bbox 288 522 2425 588">
    <p class='ocr_par' dir='ltr' id='par_1_4' title="bbox 288 522 2425 588">
     <span class='ocr_line' id='line_1_5' title="bbox 288 522 2425 588; baseline -0.007 -10"><span class='ocrx_word' id='word_1_18' title='bbox 288 539 323 579; x_wconf 87' lang='lat' dir='ltr'>ci</span> <span class='ocrx_word' id='word_1_19' title='bbox 344 535 589 588; x_wconf 83' lang='lat' dir='ltr'>Argonautica</span> <span class='ocrx_word' id='word_1_20' title='bbox 614 533 755 582; x_wconf 83' lang='lat' dir='ltr'>egimus</span> <span class='ocrx_word' id='word_1_21' title='bbox 771 559 780 576; x_wconf 94' lang='lat'>,</span> <span class='ocrx_word' id='word_1_22' title='bbox 819 530 856 567; x_wconf 82' lang='lat' dir='ltr'>in</span> <span class='ocrx_word' id='word_1_23' title='bbox 880 529 1064 577; x_wconf 82' lang='lat' dir='ltr'>Catalogo</span> <span class='ocrx_word' id='word_1_24' title='bbox 1093 528 1325 577; x_wconf 86' lang='lat' dir='ltr'>Argonauta·</span> <span class='ocrx_word' id='word_1_25' title='bbox 1383 526 1565 565; x_wconf 85' lang='lat' dir='ltr'><strong>nitentem</strong></span> <span class='ocrx_word' id='word_1_26' title='bbox 1599 525 1772 572; x_wconf 83' lang='lat' dir='ltr'>inducit,</span> <span class='ocrx_word' id='word_1_27' title='bbox 1811 523 1860 562; x_wconf 91' lang='lat' dir='ltr'>fic</span> <span class='ocrx_word' id='word_1_28' title='bbox 1880 522 1980 562; x_wconf 90' lang='lat' dir='ltr'>enim</span> <span class='ocrx_word' id='word_1_29' title='bbox 2002 523 2048 562; x_wconf 91' lang='lat' dir='ltr'>de</span> <span class='ocrx_word' id='word_1_30' title='bbox 2073 523 2233 563; x_wconf 81' lang='lat' dir='ltr'>Pallante</span> <span class='ocrx_word' id='word_1_31' title='bbox 2259 524 2425 563; x_wconf 66' lang='lat' dir='ltr'>lib.vm;</span> 
     </span>
    </p>
   </div>
   <div class='ocr_carea' id='block_1_5' title="bbox 294 602 1332 690">
    <p class='ocr_par' dir='ltr' id='par_1_5' title="bbox 294 602 1332 690">
     <span class='ocr_line' id='line_1_6' title="bbox 294 602 1332 690; baseline -0.016 -12"><span class='ocrx_word' id='word_1_32' title='bbox 294 602 431 690; x_wconf 57' lang='grc' dir='ltr'>ηῃξός.</span> <span class='ocrx_word' id='word_1_33' title='bbox 453 638 511 675; x_wconf 87' lang='lat' dir='ltr'>Ab</span> <span class='ocrx_word' id='word_1_34' title='bbox 525 636 643 673; x_wconf 80' lang='lat' dir='ltr'>arbore</span> <span class='ocrx_word' id='word_1_35' title='bbox 653 630 810 680; x_wconf 69' lang='lat' dir='ltr'>natum]</span> <span class='ocrx_word' id='word_1_36' title='bbox 824 632 911 668; x_wconf 80' lang='lat' dir='ltr'>Cori</span> <span class='ocrx_word' id='word_1_37' title='bbox 921 631 995 678; x_wconf 81' lang='lat' dir='ltr'>ige,</span> <span class='ocrx_word' id='word_1_38' title='bbox 1005 639 1049 668; x_wconf 64' lang='grc' dir='ltr'>(φ</span> <span class='ocrx_word' id='word_1_39' title='bbox 1060 628 1178 664; x_wconf 85' lang='lat' dir='ltr'>arbore</span> <span class='ocrx_word' id='word_1_40' title='bbox 1190 636 1332 669; x_wconf 83' lang='lat' dir='ltr'>natum,</span> 
     </span>
    </p>
   </div>
   <div class='ocr_carea' id='block_1_6' title="bbox 293 675 1335 837">
    <p class='ocr_par' dir='ltr' id='par_1_6' title="bbox 293 675 1335 837">
     <span class='ocr_line' id='line_1_7' title="bbox 297 675 1333 730; baseline -0.017 0"><span class='ocrx_word' id='word_1_41' title='bbox 297 699 336 730; x_wconf 86' lang='lat' dir='ltr'>ut</span> <span class='ocrx_word' id='word_1_42' title='bbox 362 691 506 728; x_wconf 83' lang='lat' dir='ltr'>Codrus</span> <span class='ocrx_word' id='word_1_43' title='bbox 529 685 746 725; x_wconf 82' lang='lat' dir='ltr'>admonuit:</span> <span class='ocrx_word' id='word_1_44' title='bbox 789 682 938 720; x_wconf 84' lang='lat' dir='ltr'>Adonin</span> <span class='ocrx_word' id='word_1_45' title='bbox 963 682 1065 717; x_wconf 86' lang='lat' dir='ltr'>enim</span> <span class='ocrx_word' id='word_1_46' title='bbox 1091 678 1282 724; x_wconf 81' lang='lat' dir='ltr'>intelligit,</span> <span class='ocrx_word' id='word_1_47' title='bbox 1311 675 1333 712; x_wconf 75' lang='lat' dir='ltr'>a</span> 
     </span>
     <span class='ocr_line' id='line_1_8' title="bbox 293 728 1335 791; baseline -0.016 -10"><span class='ocrx_word' id='word_1_48' title='bbox 293 741 493 791; x_wconf 88' lang='lat' dir='ltr'>Myrrhaiu</span> <span class='ocrx_word' id='word_1_49' title='bbox 511 739 680 777; x_wconf 79' lang='lat' dir='ltr'>arborem</span> <span class='ocrx_word' id='word_1_50' title='bbox 713 742 851 772; x_wconf 85' lang='lat' dir='ltr'>mutata</span> <span class='ocrx_word' id='word_1_51' title='bbox 882 732 1053 768; x_wconf 88' lang='lat' dir='ltr'>inlucem</span> <span class='ocrx_word' id='word_1_52' title='bbox 1067 728 1335 776; x_wconf 88' lang='lat' dir='ltr'>editum.quod</span> 
     </span>
     <span class='ocr_line' id='line_1_9' title="bbox 294 784 998 837; baseline -0.018 -5"><span class='ocrx_word' id='word_1_53' title='bbox 294 800 334 837; x_wconf 73' lang='lat' dir='ltr'>in</span> <span class='ocrx_word' id='word_1_54' title='bbox 356 790 580 831; x_wconf 81' lang='lat' dir='ltr'>Metam.liis</span> <span class='ocrx_word' id='word_1_55' title='bbox 602 785 757 826; x_wconf 81' lang='lat' dir='ltr'>vertibns</span> <span class='ocrx_word' id='word_1_56' title='bbox 777 784 998 821; x_wconf 75' lang='lat' dir='ltr'>declaratur:</span> 
     </span>
    </p>
   </div>
   <div class='ocr_carea' id='block_1_7' title="bbox 297 846 1302 1169">
    <p class='ocr_par' dir='ltr' id='par_1_7' title="bbox 346 846 1272 904">
     <span class='ocr_line' id='line_1_10' title="bbox 346 846 1272 904; baseline -0.013 -10"><span class='ocrx_word' id='word_1_57' title='bbox 346 861 403 895; x_wconf 81' lang='lat' dir='ltr'>At</span> <span class='ocrx_word' id='word_1_58' title='bbox 425 854 515 893; x_wconf 76' lang='lat' dir='ltr'>male</span> <span class='ocrx_word' id='word_1_59' title='bbox 546 863 717 904; x_wconf 86' lang='lat' dir='ltr'>conceptus</span> <span class='ocrx_word' id='word_1_60' title='bbox 729 849 794 900; x_wconf 84' lang='lat' dir='ltr'>sub</span> <span class='ocrx_word' id='word_1_61' title='bbox 816 848 929 886; x_wconf 79' lang='lat' dir='ltr'><em>robore</em></span> <span class='ocrx_word' id='word_1_62' title='bbox 948 861 1004 884; x_wconf 86' lang='lat' dir='ltr'>cre</span> <span class='ocrx_word' id='word_1_63' title='bbox 1014 856 1110 884; x_wconf 82' lang='lat' dir='ltr'>verat</span> <span class='ocrx_word' id='word_1_64' title='bbox 1128 846 1248 893; x_wconf 86' lang='lat' dir='ltr'>infans</span> <span class='ocrx_word' id='word_1_65' title='bbox 1262 872 1272 890; x_wconf 92' lang='lat'>‚</span> 
     </span>
    </p>

    <p class='ocr_par' dir='ltr' id='par_1_8' title="bbox 351 898 1232 956">
     <span class='ocr_line' id='line_1_11' title="bbox 351 898 1232 956; baseline -0.015 -10"><span class='ocrx_word' id='word_1_66' title='bbox 351 906 618 956; x_wconf 69' lang='lat' dir='ltr'>Qaerebatque</span> <span class='ocrx_word' id='word_1_67' title='bbox 638 906 738 942; x_wconf 80' lang='lat' dir='ltr'>viam</span> <span class='ocrx_word' id='word_1_68' title='bbox 753 930 764 947; x_wconf 91' lang='lat'>‚</span> <span class='ocrx_word' id='word_1_69' title='bbox 793 901 913 950; x_wconf 82' lang='lat' dir='ltr'>quase</span> <span class='ocrx_word' id='word_1_70' title='bbox 930 900 1093 947; x_wconf 79' lang='lat' dir='ltr'><em>genetrice</em></span> <span class='ocrx_word' id='word_1_71' title='bbox 1113 898 1232 934; x_wconf 58' lang='lat' dir='ltr'>relicta</span> 
     </span>
    </p>

    <p class='ocr_par' dir='ltr' id='par_1_9' title="bbox 297 948 1302 1059">
     <span class='ocr_line' id='line_1_12' title="bbox 351 948 1302 1005; baseline -0.012 -10"><span class='ocrx_word' id='word_1_72' title='bbox 351 963 535 1003; x_wconf 82' lang='lat' dir='ltr'>Exereret,</span> <span class='ocrx_word' id='word_1_73' title='bbox 564 956 679 994; x_wconf 87' lang='lat' dir='ltr'>media</span> <span class='ocrx_word' id='word_1_74' title='bbox 699 951 868 1005; x_wconf 74' lang='lat' dir='ltr'>gravidus</span> <span class='ocrx_word' id='word_1_75' title='bbox 894 959 1004 988; x_wconf 79' lang='lat' dir='ltr'>tumet</span> <span class='ocrx_word' id='word_1_76' title='bbox 1028 948 1148 986; x_wconf 78' lang='lat' dir='ltr'>arbore</span> <span class='ocrx_word' id='word_1_77' title='bbox 1166 957 1302 987; x_wconf 78' lang='lat' dir='ltr'>venter.</span> 
     </span>
     <span class='ocr_line' id='line_1_13' title="bbox 297 1007 591 1059; baseline -0.01 -10"><span class='ocrx_word' id='word_1_78' title='bbox 297 1010 348 1049; x_wconf 90' lang='lat' dir='ltr'>Et</span> <span class='ocrx_word' id='word_1_79' title='bbox 366 1009 477 1059; x_wconf 85' lang='lat' dir='ltr'>paulo</span> <span class='ocrx_word' id='word_1_80' title='bbox 498 1007 591 1058; x_wconf 86' lang='lat' dir='ltr'>post:</span> 
     </span>
    </p>

    <p class='ocr_par' dir='ltr' id='par_1_10' title="bbox 349 1063 1148 1120">
     <span class='ocr_line' id='line_1_14' title="bbox 349 1063 1148 1120; baseline -0.011 -10"><span class='ocrx_word' id='word_1_81' title='bbox 349 1071 470 1111; x_wconf 83' lang='lat' dir='ltr'><em>Arbor</em></span> <span class='ocrx_word' id='word_1_82' title='bbox 492 1072 563 1120; x_wconf 84' lang='lat' dir='ltr'>agit</span> <span class='ocrx_word' id='word_1_83' title='bbox 582 1069 689 1107; x_wconf 78' lang='lat' dir='ltr'>rimas</span> <span class='ocrx_word' id='word_1_84' title='bbox 706 1078 749 1109; x_wconf 60' lang='grc' dir='ltr'>ω’</span> <span class='ocrx_word' id='word_1_85' title='bbox 763 1065 860 1116; x_wconf 82' lang='lat' dir='ltr'>scisso</span> <span class='ocrx_word' id='word_1_86' title='bbox 879 1066 998 1105; x_wconf 79' lang='lat' dir='ltr'>cortice</span> <span class='ocrx_word' id='word_1_87' title='bbox 1018 1063 1148 1103; x_wconf 82' lang='lat' dir='ltr'>vivum</span> 
     </span>
    </p>

    <p class='ocr_par' dir='ltr' id='par_1_11' title="bbox 353 1120 918 1169">
     <span class='ocr_line' id='line_1_15' title="bbox 353 1120 918 1169; baseline -0.009 -8"><span class='ocrx_word' id='word_1_88' title='bbox 353 1123 478 1161; x_wconf 82' lang='lat' dir='ltr'><em>Reddit</em></span> <span class='ocrx_word' id='word_1_89' title='bbox 497 1134 582 1159; x_wconf 83' lang='lat' dir='ltr'>onus</span> <span class='ocrx_word' id='word_1_90' title='bbox 595 1135 607 1164; x_wconf 89' lang='lat'>;</span> <span class='ocrx_word' id='word_1_91' title='bbox 637 1120 803 1169; x_wconf 79' lang='lat' dir='ltr'><em>vagitque</em></span> <span class='ocrx_word' id='word_1_92' title='bbox 823 1126 918 1166; x_wconf 85' lang='lat' dir='ltr'>puer.</span> 
     </span>
    </p>
   </div>
   <div class='ocr_carea' id='block_1_8' title="bbox 301 1175 1368 2889">
    <p class='ocr_par' dir='ltr' id='par_1_12' title="bbox 301 1175 1356 2192">
     <span class='ocr_line' id='line_1_16' title="bbox 301 1175 1342 1224; baseline -0.01 -2"><span class='ocrx_word' id='word_1_93' title='bbox 301 1183 456 1223; x_wconf 70' lang='lat' dir='ltr'>CoNsr,</span> <span class='ocrx_word' id='word_1_94' title='bbox 483 1183 577 1221; x_wconf 75' lang='lat' dir='ltr'>Fan.</span> <span class='ocrx_word' id='word_1_95' title='bbox 634 1180 769 1219; x_wconf 76' lang='lat' dir='ltr'>Arbore</span> <span class='ocrx_word' id='word_1_96' title='bbox 799 1190 948 1224; x_wconf 82' lang='lat' dir='ltr'>natum,</span> <span class='ocrx_word' id='word_1_97' title='bbox 989 1176 1143 1216; x_wconf 84' lang='lat' dir='ltr'>Adonin</span> <span class='ocrx_word' id='word_1_98' title='bbox 1165 1175 1342 1222; x_wconf 74' lang='lat' dir='ltr'>intellige.</span> 
     </span>
     <span class='ocr_line' id='line_1_17' title="bbox 301 1228 1342 1282; baseline -0.01 -9"><span class='ocrx_word' id='word_1_99' title='bbox 301 1234 336 1272; x_wconf 91' lang='lat' dir='ltr'>Is</span> <span class='ocrx_word' id='word_1_100' title='bbox 360 1236 459 1272; x_wconf 90' lang='lat' dir='ltr'>enim</span> <span class='ocrx_word' id='word_1_101' title='bbox 483 1246 529 1271; x_wconf 86' lang='lat' dir='ltr'>ex</span> <span class='ocrx_word' id='word_1_102' title='bbox 555 1232 752 1282; x_wconf 78' lang='lat' dir='ltr'>Myrrhain</span> <span class='ocrx_word' id='word_1_103' title='bbox 765 1232 935 1269; x_wconf 80' lang='lat' dir='ltr'>arborem</span> <span class='ocrx_word' id='word_1_104' title='bbox 958 1228 1131 1267; x_wconf 81' lang='lat' dir='ltr'>conversa</span> <span class='ocrx_word' id='word_1_105' title='bbox 1153 1235 1342 1265; x_wconf 74' lang='lat' dir='ltr'>natusrra·</span> 
     </span>
     <span class='ocr_line' id='line_1_18' title="bbox 303 1278 1341 1333; baseline -0.01 -10"><span class='ocrx_word' id='word_1_106' title='bbox 303 1285 415 1323; x_wconf 89' lang='lat' dir='ltr'>ditur.</span> <span class='ocrx_word' id='word_1_107' title='bbox 467 1284 583 1333; x_wconf 88' lang='lat' dir='ltr'>Cujus</span> <span class='ocrx_word' id='word_1_108' title='bbox 613 1283 756 1321; x_wconf 86' lang='lat' dir='ltr'>fabulae</span> <span class='ocrx_word' id='word_1_109' title='bbox 789 1284 827 1320; x_wconf 66' lang='grc' dir='ltr'>ὅ(</span> <span class='ocrx_word' id='word_1_110' title='bbox 857 1282 1069 1330; x_wconf 71' lang='lat' dir='ltr'>Fulgentius</span> <span class='ocrx_word' id='word_1_111' title='bbox 1099 1279 1272 1317; x_wconf 85' lang='lat' dir='ltr'>meminit</span> <span class='ocrx_word' id='word_1_112' title='bbox 1304 1278 1341 1314; x_wconf 87' lang='lat' dir='ltr'>in</span> 
     </span>
     <span class='ocr_line' id='line_1_19' title="bbox 303 1328 1343 1385; baseline -0.01 -10"><span class='ocrx_word' id='word_1_113' title='bbox 303 1336 588 1385; x_wconf 86' lang='lat' dir='ltr'>Mythologicis.</span> <span class='ocrx_word' id='word_1_114' title='bbox 642 1334 724 1371; x_wconf 84' lang='lat' dir='ltr'>Fuit</span> <span class='ocrx_word' id='word_1_115' title='bbox 740 1342 866 1372; x_wconf 86' lang='lat' dir='ltr'>autem</span> <span class='ocrx_word' id='word_1_116' title='bbox 887 1334 922 1370; x_wconf 87' lang='lat'>&amp;</span> <span class='ocrx_word' id='word_1_117' title='bbox 945 1333 1004 1369; x_wconf 88' lang='lat' dir='ltr'>hic</span> <span class='ocrx_word' id='word_1_118' title='bbox 1024 1330 1069 1368; x_wconf 91' lang='lat' dir='ltr'>ab</span> <span class='ocrx_word' id='word_1_119' title='bbox 1089 1341 1178 1379; x_wconf 88' lang='lat' dir='ltr'>apro</span> <span class='ocrx_word' id='word_1_120' title='bbox 1200 1328 1343 1377; x_wconf 47' lang='lat' dir='ltr'>percus‘</span> 
     </span>
     <span class='ocr_line' id='line_1_20' title="bbox 303 1381 1341 1432; baseline -0.009 -7"><span class='ocrx_word' id='word_1_121' title='bbox 303 1387 360 1426; x_wconf 89' lang='lat' dir='ltr'>sus</span> <span class='ocrx_word' id='word_1_122' title='bbox 379 1388 416 1424; x_wconf 92' lang='lat' dir='ltr'>in</span> <span class='ocrx_word' id='word_1_123' title='bbox 441 1386 661 1430; x_wconf 86' lang='lat' dir='ltr'>venatione,</span> <span class='ocrx_word' id='word_1_124' title='bbox 689 1385 793 1432; x_wconf 88' lang='lat' dir='ltr'>cujus</span> <span class='ocrx_word' id='word_1_125' title='bbox 806 1384 994 1422; x_wconf 87' lang='lat' dir='ltr'>fabulae&amp;</span> <span class='ocrx_word' id='word_1_126' title='bbox 1014 1381 1250 1430; x_wconf 82' lang='lat' dir='ltr'>Aphthonius</span> <span class='ocrx_word' id='word_1_127' title='bbox 1263 1391 1341 1416; x_wconf 84' lang='lat' dir='ltr'>rne-</span> 
     </span>
     <span class='ocr_line' id='line_1_21' title="bbox 305 1431 1342 1476; baseline -0.009 0"><span class='ocrx_word' id='word_1_128' title='bbox 305 1438 416 1476; x_wconf 88' lang='lat' dir='ltr'>minit</span> <span class='ocrx_word' id='word_1_129' title='bbox 446 1438 482 1475; x_wconf 90' lang='lat' dir='ltr'>in</span> <span class='ocrx_word' id='word_1_130' title='bbox 512 1436 910 1474; x_wconf 87' lang='lat' dir='ltr'>Praeexercitamentis.</span> <span class='ocrx_word' id='word_1_131' title='bbox 975 1434 1152 1470; x_wconf 69' lang='lat' dir='ltr'>Mrcnr„</span> <span class='ocrx_word' id='word_1_132' title='bbox 1191 1431 1342 1469; x_wconf 83' lang='lat' dir='ltr'>Adonin</span> 
     </span>
     <span class='ocr_line' id='line_1_22' title="bbox 305 1482 1342 1536; baseline -0.009 -9"><span class='ocrx_word' id='word_1_133' title='bbox 305 1489 484 1536; x_wconf 85' lang='lat' dir='ltr'>Myrrhae</span> <span class='ocrx_word' id='word_1_134' title='bbox 507 1487 621 1526; x_wconf 90' lang='lat' dir='ltr'>filium</span> <span class='ocrx_word' id='word_1_135' title='bbox 641 1487 685 1524; x_wconf 85' lang='lat' dir='ltr'>ab</span> <span class='ocrx_word' id='word_1_136' title='bbox 707 1497 796 1534; x_wconf 88' lang='lat' dir='ltr'>apro</span> <span class='ocrx_word' id='word_1_137' title='bbox 815 1484 1061 1523; x_wconf 65' lang='lat' dir='ltr'>interfectum.</span> <span class='ocrx_word' id='word_1_138' title='bbox 1074 1484 1229 1520; x_wconf 76' lang='lat' dir='ltr'>authore</span> <span class='ocrx_word' id='word_1_139' title='bbox 1247 1482 1342 1519; x_wconf 87' lang='lat' dir='ltr'>Ovi-</span> 
     </span>
     <span class='ocr_line' id='line_1_23' title="bbox 309 1533 1342 1587; baseline -0.008 -11"><span class='ocrx_word' id='word_1_140' title='bbox 309 1539 373 1577; x_wconf 89' lang='lat' dir='ltr'>dio</span> <span class='ocrx_word' id='word_1_141' title='bbox 411 1539 488 1587; x_wconf 81' lang='lat' dir='ltr'>ipso</span> <span class='ocrx_word' id='word_1_142' title='bbox 511 1567 521 1584; x_wconf 94' lang='lat'>‚</span> <span class='ocrx_word' id='word_1_143' title='bbox 559 1538 620 1575; x_wconf 90' lang='lat' dir='ltr'>lib.</span> <span class='ocrx_word' id='word_1_144' title='bbox 652 1549 688 1574; x_wconf 81' lang='lat' dir='ltr'>x.</span> <span class='ocrx_word' id='word_1_145' title='bbox 727 1537 981 1584; x_wconf 85' lang='lat' dir='ltr'>Metamorph.</span> <span class='ocrx_word' id='word_1_146' title='bbox 1019 1535 1274 1582; x_wconf 85' lang='lat' dir='ltr'>Lycophrone</span> <span class='ocrx_word' id='word_1_147' title='bbox 1306 1533 1342 1569; x_wconf 90' lang='lat' dir='ltr'>in</span> 
     </span>
     <span class='ocr_line' id='line_1_24' title="bbox 313 1585 1346 1637; baseline -0.008 -10"><span class='ocrx_word' id='word_1_148' title='bbox 313 1587 523 1633; x_wconf 74' lang='lat' dir='ltr'>Cassandra,</span> <span class='ocrx_word' id='word_1_149' title='bbox 559 1587 770 1626; x_wconf 86' lang='lat' dir='ltr'>Theocrito</span> <span class='ocrx_word' id='word_1_150' title='bbox 786 1587 919 1637; x_wconf 90' lang='lat' dir='ltr'>Idyllio</span> <span class='ocrx_word' id='word_1_151' title='bbox 933 1585 1142 1628; x_wconf 83' lang='lat' dir='ltr'>notiffimo,</span> <span class='ocrx_word' id='word_1_152' title='bbox 1175 1585 1346 1621; x_wconf 82' lang='lat' dir='ltr'>Luciano</span> 
     </span>
     <span class='ocr_line' id='line_1_25' title="bbox 314 1633 1347 1689; baseline -0.007 -12"><span class='ocrx_word' id='word_1_153' title='bbox 314 1641 355 1677; x_wconf 89' lang='lat' dir='ltr'>in</span> <span class='ocrx_word' id='word_1_154' title='bbox 377 1640 457 1677; x_wconf 86' lang='lat' dir='ltr'>Dea</span> <span class='ocrx_word' id='word_1_155' title='bbox 478 1640 604 1689; x_wconf 86' lang='lat' dir='ltr'>Syria,</span> <span class='ocrx_word' id='word_1_156' title='bbox 633 1639 707 1676; x_wconf 84' lang='lat' dir='ltr'>five</span> <span class='ocrx_word' id='word_1_157' title='bbox 727 1638 870 1675; x_wconf 88' lang='lat' dir='ltr'>Dianae</span> <span class='ocrx_word' id='word_1_158' title='bbox 893 1636 1029 1675; x_wconf 86' lang='lat' dir='ltr'>invidia</span> <span class='ocrx_word' id='word_1_159' title='bbox 1050 1663 1059 1679; x_wconf 90' lang='lat'><em>‚</em></span> <span class='ocrx_word' id='word_1_160' title='bbox 1088 1644 1127 1672; x_wconf 89' lang='lat' dir='ltr'>ut</span> <span class='ocrx_word' id='word_1_161' title='bbox 1154 1635 1272 1673; x_wconf 86' lang='lat' dir='ltr'>voluit</span> <span class='ocrx_word' id='word_1_162' title='bbox 1294 1633 1347 1670; x_wconf 84' lang='lat' dir='ltr'>A-</span> 
     </span>
     <span class='ocr_line' id='line_1_26' title="bbox 309 1686 1349 1738; baseline -0.006 -11"><span class='ocrx_word' id='word_1_163' title='bbox 309 1690 527 1738; x_wconf 90' lang='lat' dir='ltr'>pollodorus</span> <span class='ocrx_word' id='word_1_164' title='bbox 553 1690 616 1727; x_wconf 91' lang='lat' dir='ltr'>lib.</span> <span class='ocrx_word' id='word_1_165' title='bbox 637 1701 701 1727; x_wconf 85' lang='lat'>111.</span> <span class='ocrx_word' id='word_1_166' title='bbox 740 1688 814 1728; x_wconf 89' lang='lat' dir='ltr'>five</span> <span class='ocrx_word' id='word_1_167' title='bbox 834 1688 1021 1726; x_wconf 70' lang='lat' dir='ltr'>Musarum</span> <span class='ocrx_word' id='word_1_168' title='bbox 1048 1686 1161 1731; x_wconf 89' lang='lat' dir='ltr'>odio,</span> <span class='ocrx_word' id='word_1_169' title='bbox 1190 1695 1230 1723; x_wconf 92' lang='lat' dir='ltr'>ut</span> <span class='ocrx_word' id='word_1_170' title='bbox 1252 1686 1349 1722; x_wconf 87' lang='lat' dir='ltr'>canit</span> 
     </span>
     <span class='ocr_line' id='line_1_27' title="bbox 312 1736 1350 1789; baseline -0.006 -11"><span class='ocrx_word' id='word_1_171' title='bbox 312 1740 407 1778; x_wconf 90' lang='lat' dir='ltr'>Bion</span> <span class='ocrx_word' id='word_1_172' title='bbox 429 1741 561 1789; x_wconf 83' lang='lat' dir='ltr'>idyllio</span> <span class='ocrx_word' id='word_1_173' title='bbox 581 1741 628 1785; x_wconf 74' lang='grc' dir='ltr'>ά,</span> <span class='ocrx_word' id='word_1_174' title='bbox 656 1740 730 1777; x_wconf 85' lang='lat' dir='ltr'>five</span> <span class='ocrx_word' id='word_1_175' title='bbox 760 1739 921 1789; x_wconf 87' lang='lat' dir='ltr'>denique</span> <span class='ocrx_word' id='word_1_176' title='bbox 942 1738 1129 1786; x_wconf 84' lang='lat' dir='ltr'>zelotypia</span> <span class='ocrx_word' id='word_1_177' title='bbox 1163 1737 1291 1774; x_wconf 86' lang='lat' dir='ltr'>Martis</span> <span class='ocrx_word' id='word_1_178' title='bbox 1305 1736 1350 1773; x_wconf 87' lang='lat' dir='ltr'>ri·</span> 
     </span>
     <span class='ocr_line' id='line_1_28' title="bbox 312 1788 1351 1840; baseline -0.006 -11"><span class='ocrx_word' id='word_1_179' title='bbox 312 1791 403 1829; x_wconf 86' lang='lat' dir='ltr'>valis</span> <span class='ocrx_word' id='word_1_180' title='bbox 431 1792 468 1829; x_wconf 89' lang='lat' dir='ltr'>in</span> <span class='ocrx_word' id='word_1_181' title='bbox 501 1803 629 1840; x_wconf 87' lang='lat' dir='ltr'>aprum</span> <span class='ocrx_word' id='word_1_182' title='bbox 668 1791 835 1835; x_wconf 88' lang='lat' dir='ltr'>mutati,</span> <span class='ocrx_word' id='word_1_183' title='bbox 879 1799 916 1827; x_wconf 88' lang='lat' dir='ltr'>ut</span> <span class='ocrx_word' id='word_1_184' title='bbox 951 1790 1068 1827; x_wconf 76' lang='lat' dir='ltr'>scribit</span> <span class='ocrx_word' id='word_1_185' title='bbox 1114 1788 1351 1836; x_wconf 83' lang='lat' dir='ltr'>Aphthonius</span> 
     </span>
     <span class='ocr_line' id='line_1_29' title="bbox 314 1838 1350 1890; baseline -0.006 -10"><span class='ocrx_word' id='word_1_186' title='bbox 314 1842 522 1890; x_wconf 83' lang='lat' dir='ltr'>Progymn.</span> <span class='ocrx_word' id='word_1_187' title='bbox 549 1842 696 1880; x_wconf 87' lang='lat' dir='ltr'>Author</span> <span class='ocrx_word' id='word_1_188' title='bbox 718 1841 1004 1885; x_wconf 61' lang='lat' dir='ltr'>ysamvmavlib.</span> <span class='ocrx_word' id='word_1_189' title='bbox 1018 1852 1063 1877; x_wconf 83' lang='lat'>11.</span> <span class='ocrx_word' id='word_1_190' title='bbox 1084 1839 1242 1876; x_wconf 89' lang='lat' dir='ltr'>Nonnus</span> <span class='ocrx_word' id='word_1_191' title='bbox 1255 1838 1350 1875; x_wconf 84' lang='lat' dir='ltr'>Dio·</span> 
     </span>
     <span class='ocr_line' id='line_1_30' title="bbox 313 1889 1352 1941; baseline -0.007 -10"><span class='ocrx_word' id='word_1_192' title='bbox 313 1892 491 1941; x_wconf 85' lang='lat' dir='ltr'>nysiacon</span> <span class='ocrx_word' id='word_1_193' title='bbox 521 1893 650 1939; x_wconf 81' lang='lat' dir='ltr'>lib-41.</span> <span class='ocrx_word' id='word_1_194' title='bbox 676 1891 789 1938; x_wconf 85' lang='lat' dir='ltr'>Julius</span> <span class='ocrx_word' id='word_1_195' title='bbox 805 1890 1038 1929; x_wconf 84' lang='lat' dir='ltr'>Firmicusde</span> <span class='ocrx_word' id='word_1_196' title='bbox 1050 1890 1182 1927; x_wconf 86' lang='lat' dir='ltr'>Errore</span> <span class='ocrx_word' id='word_1_197' title='bbox 1195 1889 1352 1937; x_wconf 83' lang='lat' dir='ltr'>propha-</span> 
     </span>
     <span class='ocr_line' id='line_1_31' title="bbox 315 1939 1353 1991; baseline -0.004 -10"><span class='ocrx_word' id='word_1_198' title='bbox 315 1955 447 1981; x_wconf 79' lang='lat' dir='ltr'>natum</span> <span class='ocrx_word' id='word_1_199' title='bbox 474 1944 727 1991; x_wconf 79' lang='lat' dir='ltr'>Religionum.</span> <span class='ocrx_word' id='word_1_200' title='bbox 790 1942 933 1980; x_wconf 84' lang='lat' dir='ltr'>Arbore</span> <span class='ocrx_word' id='word_1_201' title='bbox 962 1953 1051 1978; x_wconf 92' lang='lat' dir='ltr'>vero</span> <span class='ocrx_word' id='word_1_202' title='bbox 1072 1949 1175 1978; x_wconf 86' lang='lat' dir='ltr'>natus</span> <span class='ocrx_word' id='word_1_203' title='bbox 1208 1939 1353 1977; x_wconf 87' lang='lat' dir='ltr'>Adonis</span> 
     </span>
     <span class='ocr_line' id='line_1_32' title="bbox 316 1990 1354 2041; baseline -0.005 -10"><span class='ocrx_word' id='word_1_204' title='bbox 316 1994 450 2031; x_wconf 86' lang='lat' dir='ltr'>dicitur</span> <span class='ocrx_word' id='word_1_205' title='bbox 464 1994 638 2041; x_wconf 84' lang='lat' dir='ltr'>,Myrrha</span> <span class='ocrx_word' id='word_1_206' title='bbox 658 1993 818 2030; x_wconf 83' lang='lat' dir='ltr'>matrein</span> <span class='ocrx_word' id='word_1_207' title='bbox 839 1992 1006 2030; x_wconf 85' lang='lat' dir='ltr'>arborem</span> <span class='ocrx_word' id='word_1_208' title='bbox 1026 1991 1076 2028; x_wconf 93' lang='lat' dir='ltr'>sui</span> <span class='ocrx_word' id='word_1_209' title='bbox 1090 1990 1252 2027; x_wconf 89' lang='lat' dir='ltr'>nominis</span> <span class='ocrx_word' id='word_1_210' title='bbox 1266 2001 1354 2026; x_wconf 89' lang='lat' dir='ltr'>con·</span> 
     </span>
     <span class='ocr_line' id='line_1_33' title="bbox 316 2041 1354 2088; baseline -0.004 -7"><span class='ocrx_word' id='word_1_211' title='bbox 316 2044 429 2082; x_wconf 85' lang='lat' dir='ltr'>versa.</span> <span class='ocrx_word' id='word_1_212' title='bbox 483 2044 612 2081; x_wconf 87' lang='lat' dir='ltr'>Testes</span> <span class='ocrx_word' id='word_1_213' title='bbox 623 2043 722 2081; x_wconf 87' lang='lat' dir='ltr'>idem</span> <span class='ocrx_word' id='word_1_214' title='bbox 737 2042 835 2080; x_wconf 88' lang='lat' dir='ltr'>Naso</span> <span class='ocrx_word' id='word_1_215' title='bbox 844 2042 932 2080; x_wconf 89' lang='lat' dir='ltr'>loco</span> <span class='ocrx_word' id='word_1_216' title='bbox 947 2042 1059 2079; x_wconf 90' lang='lat' dir='ltr'>citato</span> <span class='ocrx_word' id='word_1_217' title='bbox 1075 2068 1084 2084; x_wconf 91' lang='lat'><strong>,</strong></span> <span class='ocrx_word' id='word_1_218' title='bbox 1101 2041 1330 2088; x_wconf 87' lang='lat' dir='ltr'>Lycophron</span> <span class='ocrx_word' id='word_1_219' title='bbox 1343 2067 1354 2084; x_wconf 90' lang='lat'>‚</span> 
     </span>
     <span class='ocr_line' id='line_1_34' title="bbox 319 2090 1356 2138; baseline -0.004 -6"><span class='ocrx_word' id='word_1_220' title='bbox 319 2095 534 2132; x_wconf 83' lang='lat' dir='ltr'>Antoninus</span> <span class='ocrx_word' id='word_1_221' title='bbox 556 2093 731 2132; x_wconf 84' lang='lat' dir='ltr'>Liberalis</span> <span class='ocrx_word' id='word_1_222' title='bbox 745 2122 754 2138; x_wconf 93' lang='lat'>‚</span> <span class='ocrx_word' id='word_1_223' title='bbox 783 2092 993 2131; x_wconf 86' lang='lat' dir='ltr'>Plutarchus</span> <span class='ocrx_word' id='word_1_224' title='bbox 1012 2093 1048 2129; x_wconf 94' lang='lat' dir='ltr'>in</span> <span class='ocrx_word' id='word_1_225' title='bbox 1068 2090 1190 2129; x_wconf 86' lang='lat' dir='ltr'>Parall.</span> <span class='ocrx_word' id='word_1_226' title='bbox 1219 2090 1356 2128; x_wconf 88' lang='lat' dir='ltr'>Plinius</span> 
     </span>
     <span class='ocr_line' id='line_1_35' title="bbox 320 2145 890 2192; baseline -0.005 -9"><span class='ocrx_word' id='word_1_227' title='bbox 320 2145 382 2184; x_wconf 90' lang='lat' dir='ltr'>lib.</span> <span class='ocrx_word' id='word_1_228' title='bbox 405 2157 479 2182; x_wconf 63' lang='lat' dir='ltr'>xri,</span> <span class='ocrx_word' id='word_1_229' title='bbox 506 2156 582 2192; x_wconf 90' lang='lat' dir='ltr'>cap.</span> <span class='ocrx_word' id='word_1_230' title='bbox 600 2155 656 2192; x_wconf 66' lang='grc' dir='ltr'>ις.</span> <span class='ocrx_word' id='word_1_231' title='bbox 686 2145 890 2181; x_wconf 74' lang='lat' dir='ltr'>SALVAGN.</span> 
     </span>
    </p>

    <p class='ocr_par' dir='ltr' id='par_1_13' title="bbox 324 2192 1368 2889">
     <span class='ocr_line' id='line_1_36' title="bbox 376 2192 1357 2244; baseline -0.003 -12"><span class='ocrx_word' id='word_1_232' title='bbox 376 2197 460 2244; x_wconf 80' lang='lat'>506.</span> <span class='ocrx_word' id='word_1_233' title='bbox 492 2195 701 2244; x_wconf 70' lang='lat' dir='ltr'>Idmonaque</span> <span class='ocrx_word' id='word_1_234' title='bbox 712 2193 919 2242; x_wconf 75' lang='lat' dir='ltr'>audacem]</span> <span class='ocrx_word' id='word_1_235' title='bbox 951 2192 1086 2232; x_wconf 88' lang='lat' dir='ltr'>Idmon</span> <span class='ocrx_word' id='word_1_236' title='bbox 1104 2195 1243 2237; x_wconf 88' lang='lat' dir='ltr'>Vates,</span> <span class='ocrx_word' id='word_1_237' title='bbox 1264 2204 1357 2230; x_wconf 90' lang='lat' dir='ltr'>unus</span> 
     </span>
     <span class='ocr_line' id='line_1_37' title="bbox 325 2243 1359 2294; baseline -0.003 -11"><span class='ocrx_word' id='word_1_238' title='bbox 325 2246 625 2294; x_wconf 82' lang='lat' dir='ltr'>Argonautarum</span> <span class='ocrx_word' id='word_1_239' title='bbox 644 2272 654 2288; x_wconf 91' lang='lat'>‚</span> <span class='ocrx_word' id='word_1_240' title='bbox 692 2244 736 2282; x_wconf 92' lang='lat' dir='ltr'>ab</span> <span class='ocrx_word' id='word_1_241' title='bbox 764 2256 852 2292; x_wconf 88' lang='lat' dir='ltr'>apro</span> <span class='ocrx_word' id='word_1_242' title='bbox 876 2243 1074 2290; x_wconf 84' lang='lat' dir='ltr'>discerptus</span> <span class='ocrx_word' id='word_1_243' title='bbox 1098 2245 1146 2281; x_wconf 91' lang='lat' dir='ltr'>est</span> <span class='ocrx_word' id='word_1_244' title='bbox 1162 2272 1172 2288; x_wconf 91' lang='lat'><strong><em>,</em></strong></span> <span class='ocrx_word' id='word_1_245' title='bbox 1199 2254 1281 2280; x_wconf 86' lang='lat' dir='ltr'>cuin</span> <span class='ocrx_word' id='word_1_246' title='bbox 1305 2251 1359 2280; x_wconf 86' lang='lat' dir='ltr'>ta·</span> 
     </span>
     <span class='ocr_line' id='line_1_38' title="bbox 326 2291 1359 2342; baseline -0.004 -8"><span class='ocrx_word' id='word_1_247' title='bbox 326 2308 415 2335; x_wconf 87' lang='lat' dir='ltr'>men</span> <span class='ocrx_word' id='word_1_248' title='bbox 449 2295 483 2333; x_wconf 90' lang='lat' dir='ltr'>se</span> <span class='ocrx_word' id='word_1_249' title='bbox 514 2297 550 2333; x_wconf 92' lang='lat' dir='ltr'>in</span> <span class='ocrx_word' id='word_1_250' title='bbox 588 2306 629 2332; x_wconf 91' lang='lat' dir='ltr'>ea</span> <span class='ocrx_word' id='word_1_251' title='bbox 670 2295 906 2342; x_wconf 81' lang='lat' dir='ltr'>expeditione</span> <span class='ocrx_word' id='word_1_252' title='bbox 954 2295 1153 2341; x_wconf 87' lang='lat' dir='ltr'>periturum</span> <span class='ocrx_word' id='word_1_253' title='bbox 1185 2291 1359 2336; x_wconf 80' lang='lat' dir='ltr'>scivifl&#39;et,</span> 
     </span>
     <span class='ocr_line' id='line_1_39' title="bbox 325 2344 1361 2395; baseline -0.004 -11"><span class='ocrx_word' id='word_1_254' title='bbox 325 2347 573 2395; x_wconf 86' lang='lat' dir='ltr'>quamobrem</span> <span class='ocrx_word' id='word_1_255' title='bbox 599 2345 715 2382; x_wconf 84' lang='lat' dir='ltr'>audax</span> <span class='ocrx_word' id='word_1_256' title='bbox 745 2345 953 2393; x_wconf 87' lang='lat' dir='ltr'>appellatur.</span> <span class='ocrx_word' id='word_1_257' title='bbox 1014 2345 1256 2383; x_wconf 69' lang='lat' dir='ltr'>INTERI‘BES.</span> <span class='ocrx_word' id='word_1_258' title='bbox 1289 2344 1361 2380; x_wconf 83' lang='lat' dir='ltr'>Hic</span> 
     </span>
     <span class='ocr_line' id='line_1_40' title="bbox 324 2394 1362 2445; baseline -0.005 -10"><span class='ocrx_word' id='word_1_259' title='bbox 324 2397 464 2435; x_wconf 83' lang='lat' dir='ltr'>Idmon</span> <span class='ocrx_word' id='word_1_260' title='bbox 499 2396 638 2433; x_wconf 86' lang='lat' dir='ltr'>Asteria</span> <span class='ocrx_word' id='word_1_261' title='bbox 661 2395 805 2433; x_wconf 91' lang='lat' dir='ltr'>Coroni</span> <span class='ocrx_word' id='word_1_262' title='bbox 827 2394 896 2432; x_wconf 87' lang='lat' dir='ltr'>filia</span> <span class='ocrx_word' id='word_1_263' title='bbox 936 2396 974 2432; x_wconf 70' lang='grc' dir='ltr'>ὅ(</span> <span class='ocrx_word' id='word_1_264' title='bbox 1014 2397 1187 2445; x_wconf 86' lang='lat' dir='ltr'>Apolline</span> <span class='ocrx_word' id='word_1_265' title='bbox 1218 2395 1362 2443; x_wconf 87' lang='lat' dir='ltr'>genitus</span> 
     </span>
     <span class='ocr_line' id='line_1_41' title="bbox 328 2445 1364 2494; baseline -0.005 -9"><span class='ocrx_word' id='word_1_266' title='bbox 328 2448 426 2490; x_wconf 86' lang='lat' dir='ltr'>fuit,</span> <span class='ocrx_word' id='word_1_267' title='bbox 453 2453 494 2484; x_wconf 82' lang='lat' dir='ltr'>tit</span> <span class='ocrx_word' id='word_1_268' title='bbox 516 2445 744 2494; x_wconf 81' lang='lat' dir='ltr'>Pherecydes</span> <span class='ocrx_word' id='word_1_269' title='bbox 771 2446 858 2484; x_wconf 82' lang='lat' dir='ltr'>telle</span> <span class='ocrx_word' id='word_1_270' title='bbox 880 2445 1071 2493; x_wconf 83' lang='lat' dir='ltr'>Apollonii</span> <span class='ocrx_word' id='word_1_271' title='bbox 1092 2447 1364 2484; x_wconf 85' lang='lat' dir='ltr'>commentario</span> 
     </span>
     <span class='ocr_line' id='line_1_42' title="bbox 326 2496 1361 2546; baseline -0.005 -11"><span class='ocrx_word' id='word_1_272' title='bbox 326 2497 445 2536; x_wconf 79' lang='lat' dir='ltr'>scribit</span> <span class='ocrx_word' id='word_1_273' title='bbox 459 2526 466 2540; x_wconf 91' lang='lat'>,</span> <span class='ocrx_word' id='word_1_274' title='bbox 479 2497 596 2546; x_wconf 81' lang='lat' dir='ltr'>quiex</span> <span class='ocrx_word' id='word_1_275' title='bbox 613 2497 783 2533; x_wconf 70' lang='lat' dir='ltr'>Laothoe</span> <span class='ocrx_word' id='word_1_276' title='bbox 797 2496 977 2534; x_wconf 83' lang='lat' dir='ltr'>Thestora</span> <span class='ocrx_word' id='word_1_277' title='bbox 992 2497 1202 2534; x_wconf 84' lang='lat' dir='ltr'>Calchantis</span> <span class='ocrx_word' id='word_1_278' title='bbox 1221 2505 1361 2543; x_wconf 86' lang='lat' dir='ltr'>patrem</span> 
     </span>
     <span class='ocr_line' id='line_1_43' title="bbox 328 2546 1362 2595; baseline -0.004 -10"><span class='ocrx_word' id='word_1_279' title='bbox 328 2547 491 2595; x_wconf 81' lang='lat' dir='ltr'>suscepit.</span> <span class='ocrx_word' id='word_1_280' title='bbox 546 2548 697 2584; x_wconf 69' lang='lat' dir='ltr'>Cousr.</span> <span class='ocrx_word' id='word_1_281' title='bbox 729 2548 821 2583; x_wconf 59' lang='lat' dir='ltr'>Fau.</span> <span class='ocrx_word' id='word_1_282' title='bbox 860 2546 994 2584; x_wconf 89' lang='lat' dir='ltr'>ldmon</span> <span class='ocrx_word' id='word_1_283' title='bbox 1029 2548 1164 2591; x_wconf 85' lang='lat' dir='ltr'>Vates,</span> <span class='ocrx_word' id='word_1_284' title='bbox 1199 2558 1291 2584; x_wconf 86' lang='lat' dir='ltr'>unus</span> <span class='ocrx_word' id='word_1_285' title='bbox 1316 2557 1362 2582; x_wconf 87' lang='lat' dir='ltr'>ex</span> 
     </span>
     <span class='ocr_line' id='line_1_44' title="bbox 329 2597 1364 2646; baseline -0.004 -10"><span class='ocrx_word' id='word_1_286' title='bbox 329 2598 555 2646; x_wconf 84' lang='lat' dir='ltr'>Argonautis</span> <span class='ocrx_word' id='word_1_287' title='bbox 570 2626 580 2642; x_wconf 82' lang='lat'>‚</span> <span class='ocrx_word' id='word_1_288' title='bbox 607 2599 669 2646; x_wconf 92' lang='lat' dir='ltr'>qui</span> <span class='ocrx_word' id='word_1_289' title='bbox 691 2597 786 2644; x_wconf 87' lang='lat' dir='ltr'>apud</span> <span class='ocrx_word' id='word_1_290' title='bbox 814 2597 1079 2646; x_wconf 83' lang='lat' dir='ltr'>Maryandinos</span> <span class='ocrx_word' id='word_1_291' title='bbox 1111 2598 1155 2635; x_wconf 89' lang='lat' dir='ltr'>ab</span> <span class='ocrx_word' id='word_1_292' title='bbox 1174 2609 1262 2645; x_wconf 87' lang='lat' dir='ltr'>apro</span> <span class='ocrx_word' id='word_1_293' title='bbox 1284 2608 1364 2644; x_wconf 91' lang='lat' dir='ltr'>per-</span> 
     </span>
     <span class='ocr_line' id='line_1_45' title="bbox 332 2648 1364 2696; baseline -0.004 -9"><span class='ocrx_word' id='word_1_294' title='bbox 332 2648 447 2687; x_wconf 67' lang='lat' dir='ltr'>cussus</span> <span class='ocrx_word' id='word_1_295' title='bbox 466 2648 615 2686; x_wconf 73' lang='lat' dir='ltr'>interiit,</span> <span class='ocrx_word' id='word_1_296' title='bbox 669 2648 815 2685; x_wconf 88' lang='lat' dir='ltr'>Author</span> <span class='ocrx_word' id='word_1_297' title='bbox 846 2648 1066 2696; x_wconf 87' lang='lat' dir='ltr'>Apollonius</span> <span class='ocrx_word' id='word_1_298' title='bbox 1088 2649 1147 2686; x_wconf 89' lang='lat' dir='ltr'>lib.</span> <span class='ocrx_word' id='word_1_299' title='bbox 1172 2660 1215 2686; x_wconf 85' lang='lat'>11.</span> <span class='ocrx_word' id='word_1_300' title='bbox 1243 2648 1364 2695; x_wconf 83' lang='lat' dir='ltr'>Argo-</span> 
     </span>
     <span class='ocr_line' id='line_1_46' title="bbox 335 2698 1368 2748; baseline -0.002 -11"><span class='ocrx_word' id='word_1_301' title='bbox 335 2710 434 2737; x_wconf 86' lang='lat' dir='ltr'>naut.</span> <span class='ocrx_word' id='word_1_302' title='bbox 492 2700 664 2748; x_wconf 86' lang='lat' dir='ltr'>Hyginus</span> <span class='ocrx_word' id='word_1_303' title='bbox 702 2710 781 2746; x_wconf 80' lang='lat' dir='ltr'>cap.</span> <span class='ocrx_word' id='word_1_304' title='bbox 800 2710 885 2743; x_wconf 69' lang='lat'><em>247.</em></span> <span class='ocrx_word' id='word_1_305' title='bbox 926 2699 1119 2737; x_wconf 79' lang='lat' dir='ltr'>Audacem</span> <span class='ocrx_word' id='word_1_306' title='bbox 1142 2699 1255 2743; x_wconf 89' lang='lat' dir='ltr'>dicit,</span> <span class='ocrx_word' id='word_1_307' title='bbox 1280 2698 1368 2746; x_wconf 83' lang='lat' dir='ltr'>quia</span> 
     </span>
     <span class='ocr_line' id='line_1_47' title="bbox 341 2748 1367 2798; baseline -0.002 -12"><span class='ocrx_word' id='word_1_308' title='bbox 341 2761 427 2787; x_wconf 82' lang='lat' dir='ltr'>cuin</span> <span class='ocrx_word' id='word_1_309' title='bbox 447 2750 559 2788; x_wconf 84' lang='lat' dir='ltr'>Vates</span> <span class='ocrx_word' id='word_1_310' title='bbox 577 2748 684 2794; x_wconf 74' lang='lat' dir='ltr'>effer,</span> <span class='ocrx_word' id='word_1_311' title='bbox 714 2750 874 2797; x_wconf 85' lang='lat' dir='ltr'>ideoque</span> <span class='ocrx_word' id='word_1_312' title='bbox 894 2750 993 2786; x_wconf 88' lang='lat' dir='ltr'>sciret</span> <span class='ocrx_word' id='word_1_313' title='bbox 1017 2751 1050 2787; x_wconf 90' lang='lat' dir='ltr'>se</span> <span class='ocrx_word' id='word_1_314' title='bbox 1070 2752 1106 2788; x_wconf 91' lang='lat' dir='ltr'>in</span> <span class='ocrx_word' id='word_1_315' title='bbox 1129 2749 1367 2798; x_wconf 83' lang='lat' dir='ltr'>expeditione</span> 
     </span>
     <span class='ocr_line' id='line_1_48' title="bbox 335 2799 1368 2849; baseline -0.001 -12"><span class='ocrx_word' id='word_1_316' title='bbox 335 2799 514 2837; x_wconf 81' lang='lat' dir='ltr'>Colchica</span> <span class='ocrx_word' id='word_1_317' title='bbox 546 2801 746 2846; x_wconf 88' lang='lat' dir='ltr'>periturum</span> <span class='ocrx_word' id='word_1_318' title='bbox 771 2826 781 2844; x_wconf 89' lang='lat'><strong>,</strong></span> <span class='ocrx_word' id='word_1_319' title='bbox 819 2799 1059 2837; x_wconf 83' lang='lat' dir='ltr'>nihilominus</span> <span class='ocrx_word' id='word_1_320' title='bbox 1090 2800 1368 2849; x_wconf 86' lang='lat' dir='ltr'>expeditionem</span> 
     </span>
     <span class='ocr_line' id='line_1_49' title="bbox 335 2850 1118 2889; baseline 0 -1"><span class='ocrx_word' id='word_1_321' title='bbox 335 2861 414 2888; x_wconf 81' lang='lat' dir='ltr'>non</span> <span class='ocrx_word' id='word_1_322' title='bbox 437 2851 667 2889; x_wconf 71' lang='lat' dir='ltr'>detrectavit.</span> <span class='ocrx_word' id='word_1_323' title='bbox 695 2851 794 2888; x_wconf 82' lang='lat' dir='ltr'>Hinc</span> <span class='ocrx_word' id='word_1_324' title='bbox 812 2850 947 2887; x_wconf 87' lang='lat' dir='ltr'>Seneca</span> <span class='ocrx_word' id='word_1_325' title='bbox 959 2850 1118 2888; x_wconf 89' lang='lat' dir='ltr'>Medea:</span> 
     </span>
    </p>
   </div>
   <div class='ocr_carea' id='block_1_9' title="bbox 389 2912 1087 2963">
    <p class='ocr_par' dir='ltr' id='par_1_14' title="bbox 389 2912 1087 2963">
     <span class='ocr_line' id='line_1_50' title="bbox 389 2912 1087 2963; baseline 0.001 -14"><span class='ocrx_word' id='word_1_326' title='bbox 389 2914 567 2951; x_wconf 78' lang='lat' dir='ltr'>Idmonem</span> <span class='ocrx_word' id='word_1_327' title='bbox 587 2914 752 2963; x_wconf 81' lang='lat' dir='ltr'>quamvis</span> <span class='ocrx_word' id='word_1_328' title='bbox 771 2912 850 2949; x_wconf 85' lang='lat' dir='ltr'>bene</span> <span class='ocrx_word' id='word_1_329' title='bbox 864 2912 951 2958; x_wconf 84' lang='lat' dir='ltr'>fata</span> <span class='ocrx_word' id='word_1_330' title='bbox 973 2912 1087 2960; x_wconf 80' lang='lat' dir='ltr'>noffet.</span> 
     </span>
    </p>
   </div>
   <div class='ocr_carea' id='block_1_10' title="bbox 336 2974 1374 3067">
    <p class='ocr_par' dir='ltr' id='par_1_15' title="bbox 336 2974 1374 3067">
     <span class='ocr_line' id='line_1_51' title="bbox 336 2974 1374 3067; baseline -0.001 -52"><span class='ocrx_word' id='word_1_331' title='bbox 336 2977 386 3067; x_wconf 60' lang='lat' dir='ltr'>lsit</span> <span class='ocrx_word' id='word_1_332' title='bbox 406 2989 496 3035; x_wconf 70' lang='lat' dir='ltr'>yero</span> <span class='ocrx_word' id='word_1_333' title='bbox 517 2977 654 3015; x_wconf 82' lang='lat' dir='ltr'>Vatem</span> <span class='ocrx_word' id='word_1_334' title='bbox 678 2976 782 3016; x_wconf 85' lang='lat' dir='ltr'>fuifle</span> <span class='ocrx_word' id='word_1_335' title='bbox 811 2987 953 3015; x_wconf 87' lang='lat' dir='ltr'>nomen</span> <span class='ocrx_word' id='word_1_336' title='bbox 985 2975 1145 3020; x_wconf 89' lang='lat' dir='ltr'>indicat,</span> <span class='ocrx_word' id='word_1_337' title='bbox 1174 2975 1273 3014; x_wconf 92' lang='lat' dir='ltr'>unde</span> <span class='ocrx_word' id='word_1_338' title='bbox 1296 2974 1374 3014; x_wconf 89' lang='lat' dir='ltr'>Au-</span> 
     </span>
     <span class='ocr_line' id='line_1_52' title="bbox 359 3038 484 3067; baseline -0.024 0"><span class='ocrx_word' id='word_1_339' title='bbox 359 3038 484 3067; x_wconf 84' lang='lat' dir='ltr'>onius:</span> 
     </span>
    </p>
   </div>
   <div class='ocr_carea' id='block_1_11' title="bbox 389 3076 1373 3178">
    <p class='ocr_par' dir='ltr' id='par_1_16' title="bbox 389 3076 1373 3178">
     <span class='ocr_line' id='line_1_53' title="bbox 389 3076 1373 3128; baseline -0.003 -12"><span class='ocrx_word' id='word_1_340' title='bbox 389 3079 538 3116; x_wconf 78' lang='lat' dir='ltr'>ldmona</span> <span class='ocrx_word' id='word_1_341' title='bbox 549 3078 637 3128; x_wconf 77' lang='lat' dir='ltr'>quod</span> <span class='ocrx_word' id='word_1_342' title='bbox 652 3090 770 3115; x_wconf 83' lang='lat' dir='ltr'>vatem</span> <span class='ocrx_word' id='word_1_343' title='bbox 784 3106 794 3123; x_wconf 90' lang='lat'>‚</span> <span class='ocrx_word' id='word_1_344' title='bbox 823 3077 992 3115; x_wconf 76' lang='lat' dir='ltr'>medicum</span> <span class='ocrx_word' id='word_1_345' title='bbox 1004 3077 1095 3128; x_wconf 80' lang='lat' dir='ltr'>quod</span> <span class='ocrx_word' id='word_1_346' title='bbox 1107 3079 1229 3124; x_wconf 80' lang='lat' dir='ltr'>Iasona</span> <span class='ocrx_word' id='word_1_347' title='bbox 1251 3076 1373 3113; x_wconf 78' lang='lat' dir='ltr'>dicunt</span> 
     </span>
     <span class='ocr_line' id='line_1_54' title="bbox 443 3128 1167 3178; baseline 0 -12"><span class='ocrx_word' id='word_1_348' title='bbox 443 3128 635 3178; x_wconf 84' lang='lat' dir='ltr'>Discendas</span> <span class='ocrx_word' id='word_1_349' title='bbox 653 3141 743 3166; x_wconf 80' lang='lat' dir='ltr'>artes</span> <span class='ocrx_word' id='word_1_350' title='bbox 761 3130 902 3167; x_wconf 83' lang='lat' dir='ltr'>nomina</span> <span class='ocrx_word' id='word_1_351' title='bbox 918 3129 1167 3178; x_wconf 79' lang='lat' dir='ltr'>praeveniunt.</span> 
     </span>
    </p>
   </div>
   <div class='ocr_carea' id='block_1_12' title="bbox 341 3195 1376 3298">
    <p class='ocr_par' dir='ltr' id='par_1_17' title="bbox 341 3195 1376 3298">
     <span class='ocr_line' id='line_1_55' title="bbox 342 3195 1374 3245; baseline -0.002 -12"><span class='ocrx_word' id='word_1_352' title='bbox 342 3196 449 3245; x_wconf 84' lang='lat' dir='ltr'>Quin</span> <span class='ocrx_word' id='word_1_353' title='bbox 472 3196 582 3235; x_wconf 90' lang='lat' dir='ltr'>etiam</span> <span class='ocrx_word' id='word_1_354' title='bbox 598 3195 772 3244; x_wconf 80' lang='lat' dir='ltr'>Virgilius</span> <span class='ocrx_word' id='word_1_355' title='bbox 787 3224 797 3241; x_wconf 92' lang='lat'>‚</span> <span class='ocrx_word' id='word_1_356' title='bbox 827 3205 865 3234; x_wconf 89' lang='lat' dir='ltr'>ut</span> <span class='ocrx_word' id='word_1_357' title='bbox 885 3197 1129 3234; x_wconf 87' lang='lat' dir='ltr'>Grammatici</span> <span class='ocrx_word' id='word_1_358' title='bbox 1145 3203 1295 3239; x_wconf 87' lang='lat' dir='ltr'>notant,</span> <span class='ocrx_word' id='word_1_359' title='bbox 1310 3208 1374 3232; x_wconf 69' lang='lat' dir='ltr'>au›</span> 
     </span>
     <span class='ocr_line' id='line_1_56' title="bbox 341 3246 1376 3298; baseline 0.001 -14"><span class='ocrx_word' id='word_1_360' title='bbox 341 3247 457 3286; x_wconf 78' lang='lat' dir='ltr'>dacem</span> <span class='ocrx_word' id='word_1_361' title='bbox 486 3247 705 3297; x_wconf 81' lang='lat' dir='ltr'>plerumque</span> <span class='ocrx_word' id='word_1_362' title='bbox 740 3247 852 3293; x_wconf 88' lang='lat' dir='ltr'>dicit,</span> <span class='ocrx_word' id='word_1_363' title='bbox 882 3248 1028 3296; x_wconf 88' lang='lat' dir='ltr'>quoties</span> <span class='ocrx_word' id='word_1_364' title='bbox 1057 3247 1219 3298; x_wconf 86' lang='lat' dir='ltr'>aliquem</span> <span class='ocrx_word' id='word_1_365' title='bbox 1249 3246 1376 3286; x_wconf 88' lang='lat' dir='ltr'>frustra</span> 
     </span>
    </p>
   </div>
   <div class='ocr_carea' id='block_1_13' title="bbox 1439 603 1585 611">
    <p class='ocr_par' dir='ltr' id='par_1_18' title="bbox 1439 603 1585 611">
     <span class='ocr_line' id='line_1_57' title="bbox 1439 603 1585 611; baseline 0 3097"><span class='ocrx_word' id='word_1_366' title='bbox 1439 603 1585 611; x_wconf 95' lang='lat' dir='ltr'> </span> 
     </span>
    </p>
   </div>
   <div class='ocr_carea' id='block_1_14' title="bbox 1440 589 2309 679">
    <p class='ocr_par' dir='ltr' id='par_1_19' title="bbox 1440 589 2309 679">
     <span class='ocr_line' id='line_1_58' title="bbox 1595 589 2309 641; baseline 0.003 -15"><span class='ocrx_word' id='word_1_367' title='bbox 1595 603 1734 614; x_wconf 81' lang='lat'><strong>-—·-</strong></span> <span class='ocrx_word' id='word_1_368' title='bbox 1769 590 1892 627; x_wconf 74' lang='lat' dir='ltr'>audax</span> <span class='ocrx_word' id='word_1_369' title='bbox 1911 603 1993 641; x_wconf 78' lang='lat' dir='ltr'>quos</span> <span class='ocrx_word' id='word_1_370' title='bbox 2011 599 2165 640; x_wconf 81' lang='lat' dir='ltr'>rumpere</span> <span class='ocrx_word' id='word_1_371' title='bbox 2189 589 2309 628; x_wconf 79' lang='lat' dir='ltr'>Pallas</span> 
     </span>
     <span class='ocr_line' id='line_1_59' title="bbox 1440 647 1677 679; baseline 0.004 -1"><span class='ocrx_word' id='word_1_372' title='bbox 1440 647 1544 678; x_wconf 82' lang='lat' dir='ltr'>sacra</span> <span class='ocrx_word' id='word_1_373' title='bbox 1565 652 1677 679; x_wconf 80' lang='lat' dir='ltr'>vetat.</span> 
     </span>
    </p>
   </div>
   <div class='ocr_carea' id='block_1_15' title="bbox 1390 704 1850 743">
    <p class='ocr_par' dir='ltr' id='par_1_20' title="bbox 1390 704 1850 743">
     <span class='ocr_line' id='line_1_60' title="bbox 1390 704 1850 743; baseline 0.002 -2"><span class='ocrx_word' id='word_1_374' title='bbox 1390 704 1438 741; x_wconf 88' lang='lat' dir='ltr'>Et</span> <span class='ocrx_word' id='word_1_375' title='bbox 1455 704 1515 741; x_wconf 92' lang='lat' dir='ltr'>lib.</span> <span class='ocrx_word' id='word_1_376' title='bbox 1542 717 1598 743; x_wconf 82' lang='lat' dir='ltr'>1x.</span> <span class='ocrx_word' id='word_1_377' title='bbox 1626 705 1672 742; x_wconf 91' lang='lat' dir='ltr'>de</span> <span class='ocrx_word' id='word_1_378' title='bbox 1693 704 1850 743; x_wconf 82' lang='lat' dir='ltr'>Turno:</span> 
     </span>
    </p>
   </div>
   <div class='ocr_carea' id='block_1_16' title="bbox 1445 768 2117 868">
    <p class='ocr_par' dir='ltr' id='par_1_21' title="bbox 1445 768 2117 868">
     <span class='ocr_line' id='line_1_61' title="bbox 1446 768 2117 819; baseline 0.001 -14"><span class='ocrx_word' id='word_1_379' title='bbox 1446 769 1520 819; x_wconf 76' lang='lat' dir='ltr'>Irin</span> <span class='ocrx_word' id='word_1_380' title='bbox 1543 771 1581 807; x_wconf 86' lang='lat' dir='ltr'>de</span> <span class='ocrx_word' id='word_1_381' title='bbox 1602 770 1691 807; x_wconf 85' lang='lat' dir='ltr'>caelo</span> <span class='ocrx_word' id='word_1_382' title='bbox 1715 769 1808 818; x_wconf 81' lang='lat' dir='ltr'>misit</span> <span class='ocrx_word' id='word_1_383' title='bbox 1829 770 1996 807; x_wconf 82' lang='lat' dir='ltr'>Saturnia</span> <span class='ocrx_word' id='word_1_384' title='bbox 2015 768 2117 815; x_wconf 70' lang='lat' dir='ltr'>Juno</span> 
     </span>
     <span class='ocr_line' id='line_1_62' title="bbox 1445 821 1897 868; baseline 0.004 -11"><span class='ocrx_word' id='word_1_385' title='bbox 1445 821 1629 858; x_wconf 80' lang='lat' dir='ltr'>Audacem</span> <span class='ocrx_word' id='word_1_386' title='bbox 1652 822 1699 857; x_wconf 83' lang='lat' dir='ltr'>ad</span> <span class='ocrx_word' id='word_1_387' title='bbox 1721 827 1897 868; x_wconf 80' lang='lat' dir='ltr'>Turnum.</span> 
     </span>
    </p>
   </div>
   <div class='ocr_carea' id='block_1_17' title="bbox 1392 880 2425 973">
    <p class='ocr_par' dir='ltr' id='par_1_22' title="bbox 1392 880 2425 973">
     <span class='ocr_line' id='line_1_63' title="bbox 1392 880 2425 933; baseline -0.001 -13"><span class='ocrx_word' id='word_1_388' title='bbox 1392 882 1486 921; x_wconf 81' lang='lat' dir='ltr'>Item</span> <span class='ocrx_word' id='word_1_389' title='bbox 1505 885 1564 922; x_wconf 92' lang='lat' dir='ltr'>lib.</span> <span class='ocrx_word' id='word_1_390' title='bbox 1579 898 1654 924; x_wconf 80' lang='lat' dir='ltr'>xit.</span> <span class='ocrx_word' id='word_1_391' title='bbox 1685 885 1730 923; x_wconf 91' lang='lat' dir='ltr'>de</span> <span class='ocrx_word' id='word_1_392' title='bbox 1747 884 1915 932; x_wconf 86' lang='lat' dir='ltr'>Juturna,</span> <span class='ocrx_word' id='word_1_393' title='bbox 1928 882 2167 933; x_wconf 88' lang='lat' dir='ltr'>quaeTurno</span> <span class='ocrx_word' id='word_1_394' title='bbox 2187 881 2287 919; x_wconf 88' lang='lat' dir='ltr'>fratri</span> <span class='ocrx_word' id='word_1_395' title='bbox 2300 880 2425 920; x_wconf 87' lang='lat' dir='ltr'>ensem</span> 
     </span>
     <span class='ocr_line' id='line_1_64' title="bbox 1392 934 2397 973; baseline 0.005 -2"><span class='ocrx_word' id='word_1_396' title='bbox 1392 934 1516 972; x_wconf 84' lang='lat' dir='ltr'>frustra</span> <span class='ocrx_word' id='word_1_397' title='bbox 1537 936 1755 973; x_wconf 83' lang='lat' dir='ltr'>restituerat:</span> <span class='ocrx_word' id='word_1_398' title='bbox 2395 937 2397 939; x_wconf 74' lang='grc'><strong>’</strong></span> 
     </span>
    </p>
   </div>
   <div class='ocr_carea' id='block_1_18' title="bbox 1445 994 2377 1101">
    <p class='ocr_par' dir='ltr' id='par_1_23' title="bbox 1445 994 2377 1101">
     <span class='ocr_line' id='line_1_65' title="bbox 1445 994 2377 1049; baseline -0.001 -14"><span class='ocrx_word' id='word_1_399' title='bbox 1445 999 1550 1046; x_wconf 72' lang='lat' dir='ltr'>Qod</span> <span class='ocrx_word' id='word_1_400' title='bbox 1570 1005 1679 1036; x_wconf 82' lang='lat' dir='ltr'>Venus</span> <span class='ocrx_word' id='word_1_401' title='bbox 1696 999 1823 1036; x_wconf 81' lang='lat' dir='ltr'>audaci</span> <span class='ocrx_word' id='word_1_402' title='bbox 1845 999 2027 1049; x_wconf 74' lang='lat' dir='ltr'>Nymphae</span> <span class='ocrx_word' id='word_1_403' title='bbox 2047 997 2232 1047; x_wconf 81' lang='lat' dir='ltr'>indignata</span> <span class='ocrx_word' id='word_1_404' title='bbox 2255 994 2377 1041; x_wconf 82' lang='lat' dir='ltr'>licere,</span> 
     </span>
     <span class='ocr_line' id='line_1_66' title="bbox 1445 1056 1912 1101; baseline 0 -14"><span class='ocrx_word' id='word_1_405' title='bbox 1445 1056 1471 1087; x_wconf 86' lang='grc' dir='ltr'><em>Ί</em></span> <span class='ocrx_word' id='word_1_406' title='bbox 1475 1063 1490 1086; x_wconf 89' lang='lat' dir='ltr'>e</span> <span class='ocrx_word' id='word_1_407' title='bbox 1509 1063 1641 1101; x_wconf 75' lang='lat' dir='ltr'>quoque</span> <span class='ocrx_word' id='word_1_408' title='bbox 1662 1060 1801 1100; x_wconf 75' lang='lat' dir='ltr'>rumpat</span> <span class='ocrx_word' id='word_1_409' title='bbox 1821 1059 1912 1100; x_wconf 87' lang='lat' dir='ltr'>aper.</span> 
     </span>
    </p>
   </div>
   <div class='ocr_carea' id='block_1_19' title="bbox 1397 1112 2433 1319">
    <p class='ocr_par' dir='ltr' id='par_1_24' title="bbox 1397 1112 2433 1319">
     <span class='ocr_line' id='line_1_67' title="bbox 1398 1112 2432 1167; baseline -0.004 -12"><span class='ocrx_word' id='word_1_410' title='bbox 1398 1123 1559 1167; x_wconf 78' lang='lat' dir='ltr'>Rumpere</span> <span class='ocrx_word' id='word_1_411' title='bbox 1582 1120 1617 1155; x_wconf 63' lang='grc' dir='ltr'>ὃς</span> <span class='ocrx_word' id='word_1_412' title='bbox 1632 1119 1796 1166; x_wconf 82' lang='lat' dir='ltr'>frangere</span> <span class='ocrx_word' id='word_1_413' title='bbox 1822 1117 2032 1165; x_wconf 87' lang='lat' dir='ltr'>frequenter</span> <span class='ocrx_word' id='word_1_414' title='bbox 2055 1115 2263 1164; x_wconf 89' lang='lat' dir='ltr'>usurpatum</span> <span class='ocrx_word' id='word_1_415' title='bbox 2287 1125 2354 1164; x_wconf 90' lang='lat' dir='ltr'>pro</span> <span class='ocrx_word' id='word_1_416' title='bbox 2377 1112 2432 1151; x_wconf 77' lang='lat' dir='ltr'>in-&#39;</span> 
     </span>
     <span class='ocr_line' id='line_1_68' title="bbox 1397 1166 2432 1214; baseline -0.005 -9"><span class='ocrx_word' id='word_1_417' title='bbox 1397 1170 1568 1208; x_wconf 88' lang='lat' dir='ltr'>terimere</span> <span class='ocrx_word' id='word_1_418' title='bbox 1586 1197 1595 1214; x_wconf 92' lang='lat'><strong>,</strong></span> <span class='ocrx_word' id='word_1_419' title='bbox 1629 1168 1826 1206; x_wconf 88' lang='lat' dir='ltr'>Turnebus</span> <span class='ocrx_word' id='word_1_420' title='bbox 1867 1167 2073 1205; x_wconf 83' lang='lat' dir='ltr'>observavit</span> <span class='ocrx_word' id='word_1_421' title='bbox 2127 1166 2432 1204; x_wconf 87' lang='lat' dir='ltr'>Adversariorum</span> 
     </span>
     <span class='ocr_line' id='line_1_69' title="bbox 1397 1215 2433 1267; baseline -0.003 -12"><span class='ocrx_word' id='word_1_422' title='bbox 1397 1220 1459 1256; x_wconf 86' lang='lat' dir='ltr'>lib.</span> <span class='ocrx_word' id='word_1_423' title='bbox 1481 1232 1587 1259; x_wconf 74' lang='lat' dir='ltr'>xxiv,</span> <span class='ocrx_word' id='word_1_424' title='bbox 1618 1231 1694 1267; x_wconf 86' lang='lat' dir='ltr'>cap.</span> <span class='ocrx_word' id='word_1_425' title='bbox 1714 1232 1771 1257; x_wconf 88' lang='lat'>21.</span> <span class='ocrx_word' id='word_1_426' title='bbox 1792 1217 2052 1256; x_wconf 53' lang='lat' dir='ltr'>&amp;libfflxvirn</span> <span class='ocrx_word' id='word_1_427' title='bbox 2080 1228 2158 1265; x_wconf 87' lang='lat' dir='ltr'>cap.</span> <span class='ocrx_word' id='word_1_428' title='bbox 2181 1225 2244 1265; x_wconf 80' lang='lat'>31.</span> <span class='ocrx_word' id='word_1_429' title='bbox 2271 1215 2433 1256; x_wconf 86' lang='lat' dir='ltr'>ficenim</span> 
     </span>
     <span class='ocr_line' id='line_1_70' title="bbox 1402 1270 2038 1319; baseline -0.003 -11"><span class='ocrx_word' id='word_1_430' title='bbox 1402 1270 1575 1310; x_wconf 80' lang='lat' dir='ltr'>Martialis</span> <span class='ocrx_word' id='word_1_431' title='bbox 1596 1271 1656 1308; x_wconf 87' lang='lat' dir='ltr'>lib.</span> <span class='ocrx_word' id='word_1_432' title='bbox 1679 1282 1704 1307; x_wconf 85' lang='lat'>1.</span> <span class='ocrx_word' id='word_1_433' title='bbox 1737 1271 1965 1319; x_wconf 82' lang='lat' dir='ltr'>Epigramm.</span> <span class='ocrx_word' id='word_1_434' title='bbox 1981 1281 2038 1316; x_wconf 84' lang='lat'>50.</span> 
     </span>
    </p>
   </div>
   <div class='ocr_carea' id='block_1_20' title="bbox 1396 1334 2313 1515">
    <p class='ocr_par' dir='ltr' id='par_1_25' title="bbox 1396 1334 2313 1515">
     <span class='ocr_line' id='line_1_71' title="bbox 1449 1334 2232 1390; baseline -0.005 -15"><span class='ocrx_word' id='word_1_435' title='bbox 1449 1344 1673 1390; x_wconf 74' lang='lat' dir='ltr'>Leporemque</span> <span class='ocrx_word' id='word_1_436' title='bbox 1685 1334 1774 1384; x_wconf 82' lang='lat' dir='ltr'>forti</span> <span class='ocrx_word' id='word_1_437' title='bbox 1795 1334 1961 1373; x_wconf 83' lang='lat' dir='ltr'>callidum</span> <span class='ocrx_word' id='word_1_438' title='bbox 1981 1342 2126 1384; x_wconf 83' lang='lat' dir='ltr'>rumpes-</span> <span class='ocrx_word' id='word_1_439' title='bbox 2137 1346 2232 1386; x_wconf 73' lang='lat' dir='ltr'>eque.</span> 
     </span>
     <span class='ocr_line' id='line_1_72' title="bbox 1396 1398 1853 1448; baseline -0.004 -10"><span class='ocrx_word' id='word_1_440' title='bbox 1396 1399 1452 1438; x_wconf 80' lang='lat' dir='ltr'>Ex</span> <span class='ocrx_word' id='word_1_441' title='bbox 1481 1400 1541 1438; x_wconf 88' lang='lat' dir='ltr'>lib.</span> <span class='ocrx_word' id='word_1_442' title='bbox 1562 1413 1630 1438; x_wconf 79' lang='lat' dir='ltr'>xxx.</span> <span class='ocrx_word' id='word_1_443' title='bbox 1662 1398 1853 1448; x_wconf 50' lang='lat' dir='ltr'>Epignmi.</span> 
     </span>
     <span class='ocr_line' id='line_1_73' title="bbox 1450 1457 2313 1515; baseline -0.009 -14"><span class='ocrx_word' id='word_1_444' title='bbox 1450 1464 1585 1513; x_wconf 81' lang='lat' dir='ltr'>Saepius</span> <span class='ocrx_word' id='word_1_445' title='bbox 1601 1465 1644 1513; x_wconf 75' lang='lat' dir='ltr'>cst</span> <span class='ocrx_word' id='word_1_446' title='bbox 1663 1464 1823 1515; x_wconf 63' lang='lat' dir='ltr'>Equitem</span> <span class='ocrx_word' id='word_1_447' title='bbox 1845 1471 1998 1512; x_wconf 75' lang='lat' dir='ltr'>rumpere</span> <span class='ocrx_word' id='word_1_448' title='bbox 2029 1472 2136 1509; x_wconf 84' lang='lat' dir='ltr'>quam</span> <span class='ocrx_word' id='word_1_449' title='bbox 2158 1457 2313 1507; x_wconf 84' lang='lat' dir='ltr'>leporem.</span> 
     </span>
    </p>
   </div>
   <div class='ocr_carea' id='block_1_21' title="bbox 1404 1528 2443 1853">
    <p class='ocr_par' dir='ltr' id='par_1_26' title="bbox 1404 1528 2443 1853">
     <span class='ocr_line' id='line_1_74' title="bbox 1404 1528 2442 1585; baseline -0.007 -12"><span class='ocrx_word' id='word_1_450' title='bbox 1404 1536 1460 1573; x_wconf 79' lang='lat' dir='ltr'>Ex</span> <span class='ocrx_word' id='word_1_451' title='bbox 1485 1536 1586 1585; x_wconf 84' lang='lat' dir='ltr'>cujus</span> <span class='ocrx_word' id='word_1_452' title='bbox 1608 1536 1706 1574; x_wconf 87' lang='lat' dir='ltr'>verbi</span> <span class='ocrx_word' id='word_1_453' title='bbox 1732 1538 1891 1575; x_wconf 90' lang='lat' dir='ltr'>notione</span> <span class='ocrx_word' id='word_1_454' title='bbox 1912 1533 2064 1573; x_wconf 64' lang='lat' dir='ltr'>duflum</span> <span class='ocrx_word' id='word_1_455' title='bbox 2086 1528 2334 1568; x_wconf 88' lang='lat' dir='ltr'>mihividetur</span> <span class='ocrx_word' id='word_1_456' title='bbox 2354 1528 2442 1566; x_wconf 61' lang='lat' dir='ltr'>aqu</span> 
     </span>
     <span class='ocr_line' id='line_1_75' title="bbox 1405 1577 2443 1637; baseline -0.008 -14"><span class='ocrx_word' id='word_1_457' title='bbox 1405 1599 1490 1624; x_wconf 88' lang='lat' dir='ltr'>men</span> <span class='ocrx_word' id='word_1_458' title='bbox 1523 1588 1805 1636; x_wconf 75' lang='lat' dir='ltr'>Epigrammatis</span> <span class='ocrx_word' id='word_1_459' title='bbox 1836 1599 1898 1637; x_wconf 86' lang='lat'>99.</span> <span class='ocrx_word' id='word_1_460' title='bbox 1929 1585 1990 1624; x_wconf 90' lang='lat' dir='ltr'>lib.</span> <span class='ocrx_word' id='word_1_461' title='bbox 2013 1596 2068 1622; x_wconf 85' lang='lat' dir='ltr'>1x.</span> <span class='ocrx_word' id='word_1_462' title='bbox 2104 1580 2208 1630; x_wconf 84' lang='lat' dir='ltr'>quod</span> <span class='ocrx_word' id='word_1_463' title='bbox 2229 1581 2286 1625; x_wconf 60' lang='lat' dir='ltr'>‚ita</span> <span class='ocrx_word' id='word_1_464' title='bbox 2306 1577 2443 1618; x_wconf 72' lang='lat' dir='ltr'>claudit</span> 
     </span>
     <span class='ocr_line' id='line_1_76' title="bbox 1407 1639 1608 1676; baseline 0.005 -2"><span class='ocrx_word' id='word_1_465' title='bbox 1407 1639 1584 1675; x_wconf 85' lang='lat' dir='ltr'>Martialis</span> <span class='ocrx_word' id='word_1_466' title='bbox 1600 1652 1608 1676; x_wconf 73' lang='grc' dir='ltr'>ε</span> 
     </span>
     <span class='ocr_line' id='line_1_77' title="bbox 1456 1694 2443 1750; baseline -0.006 -13"><span class='ocrx_word' id='word_1_467' title='bbox 1456 1701 1642 1748; x_wconf 83' lang='lat' dir='ltr'>Rumpitur</span> <span class='ocrx_word' id='word_1_468' title='bbox 1666 1699 1807 1738; x_wconf 71' lang='lat' dir='ltr'>invidia</span> <span class='ocrx_word' id='word_1_469' title='bbox 1840 1699 1931 1750; x_wconf 80' lang='lat' dir='ltr'>quod</span> <span class='ocrx_word' id='word_1_470' title='bbox 1962 1709 2128 1736; x_wconf 79' lang='lat' dir='ltr'>amamur</span> <span class='ocrx_word' id='word_1_471' title='bbox 2150 1723 2161 1742; x_wconf 85' lang='lat'>,</span> <span class='ocrx_word' id='word_1_472' title='bbox 2190 1694 2345 1745; x_wconf 76' lang='lat' dir='ltr'>quodque</span> <span class='ocrx_word' id='word_1_473' title='bbox 2361 1697 2443 1745; x_wconf 58' lang='grc' dir='ltr'>[ηοξ</span> 
     </span>
     <span class='ocr_line' id='line_1_78' title="bbox 1548 1752 1697 1796; baseline 0 -10"><span class='ocrx_word' id='word_1_474' title='bbox 1548 1752 1697 1796; x_wconf 86' lang='lat' dir='ltr'>bamur,</span> 
     </span>
     <span class='ocr_line' id='line_1_79' title="bbox 1510 1797 2285 1853; baseline -0.004 -15"><span class='ocrx_word' id='word_1_475' title='bbox 1510 1807 1707 1849; x_wconf 80' lang='lat' dir='ltr'>Rumpatur</span> <span class='ocrx_word' id='word_1_476' title='bbox 1722 1830 1732 1846; x_wconf 92' lang='lat'>‚</span> <span class='ocrx_word' id='word_1_477' title='bbox 1760 1800 1916 1853; x_wconf 75' lang='lat' dir='ltr'>quisquis</span> <span class='ocrx_word' id='word_1_478' title='bbox 1936 1800 2113 1850; x_wconf 83' lang='lat' dir='ltr'>rumpitur</span> <span class='ocrx_word' id='word_1_479' title='bbox 2131 1797 2285 1837; x_wconf 78' lang='lat' dir='ltr'>invidia.</span> 
     </span>
    </p>
   </div>
   <div class='ocr_carea' id='block_1_22' title="bbox 1404 1858 2449 2009">
    <p class='ocr_par' dir='ltr' id='par_1_27' title="bbox 1404 1858 2449 2009">
     <span class='ocr_line' id='line_1_80' title="bbox 1404 1858 2446 1915; baseline -0.003 -11"><span class='ocrx_word' id='word_1_480' title='bbox 1404 1866 1584 1915; x_wconf 81' lang='lat' dir='ltr'>Alioquin</span> <span class='ocrx_word' id='word_1_481' title='bbox 1606 1878 1683 1903; x_wconf 90' lang='lat' dir='ltr'>non</span> <span class='ocrx_word' id='word_1_482' title='bbox 1702 1866 1855 1914; x_wconf 83' lang='lat' dir='ltr'>dispicio</span> <span class='ocrx_word' id='word_1_483' title='bbox 1878 1864 2160 1915; x_wconf 83' lang='lat' dir='ltr'>Epigrammatis</span> <span class='ocrx_word' id='word_1_484' title='bbox 2179 1874 2334 1901; x_wconf 82' lang='lat' dir='ltr'>acumen</span> <span class='ocrx_word' id='word_1_485' title='bbox 2349 1890 2359 1907; x_wconf 91' lang='lat'>‚</span> <span class='ocrx_word' id='word_1_486' title='bbox 2387 1858 2446 1901; x_wconf 70' lang='lat' dir='ltr'>ni·³</span> 
     </span>
     <span class='ocr_line' id='line_1_81' title="bbox 1405 1915 2448 1965; baseline -0.002 -13"><span class='ocrx_word' id='word_1_487' title='bbox 1405 1917 1690 1965; x_wconf 79' lang='lat' dir='ltr'>fiVirgilianum</span> <span class='ocrx_word' id='word_1_488' title='bbox 1724 1918 1811 1955; x_wconf 85' lang='lat' dir='ltr'>illud</span> <span class='ocrx_word' id='word_1_489' title='bbox 1847 1920 1884 1954; x_wconf 90' lang='lat' dir='ltr'>in</span> <span class='ocrx_word' id='word_1_490' title='bbox 1913 1918 2042 1954; x_wconf 85' lang='lat' dir='ltr'>animo</span> <span class='ocrx_word' id='word_1_491' title='bbox 2061 1915 2252 1957; x_wconf 85' lang='lat' dir='ltr'>habuerit,</span> <span class='ocrx_word' id='word_1_492' title='bbox 2280 1923 2448 1964; x_wconf 79' lang='lat' dir='ltr'>rumpan-</span> 
     </span>
     <span class='ocr_line' id='line_1_82' title="bbox 1407 1966 2449 2009; baseline -0.005 -4"><span class='ocrx_word' id='word_1_493' title='bbox 1407 1978 1466 2005; x_wconf 78' lang='lat' dir='ltr'>tur</span> <span class='ocrx_word' id='word_1_494' title='bbox 1486 1977 1524 2003; x_wconf 81' lang='lat' dir='ltr'>ut</span> <span class='ocrx_word' id='word_1_495' title='bbox 1547 1967 1611 2003; x_wconf 74' lang='lat' dir='ltr'>ilia</span> <span class='ocrx_word' id='word_1_496' title='bbox 1629 1968 1750 2005; x_wconf 84' lang='lat' dir='ltr'>Codro.</span> <span class='ocrx_word' id='word_1_497' title='bbox 1803 1968 1862 2005; x_wconf 89' lang='lat' dir='ltr'>Sic</span> <span class='ocrx_word' id='word_1_498' title='bbox 1883 1968 2098 2005; x_wconf 86' lang='lat' dir='ltr'>&amp;Valerius</span> <span class='ocrx_word' id='word_1_499' title='bbox 2122 1966 2269 2004; x_wconf 80' lang='lat' dir='ltr'>Flaccus</span> <span class='ocrx_word' id='word_1_500' title='bbox 2285 1994 2294 2009; x_wconf 90' lang='lat'><strong><em>‚</em></strong></span> <span class='ocrx_word' id='word_1_501' title='bbox 2327 1966 2385 2004; x_wconf 84' lang='lat' dir='ltr'>lib.</span> <span class='ocrx_word' id='word_1_502' title='bbox 2400 1976 2449 2002; x_wconf 78' lang='grc' dir='ltr'>ιι.</span> 
     </span>
    </p>
   </div>
   <div class='ocr_carea' id='block_1_23' title="bbox 1414 2015 2450 2107">
    <p class='ocr_par' dir='ltr' id='par_1_28' title="bbox 1414 2015 2450 2107">
     <span class='ocr_line' id='line_1_83' title="bbox 1414 2015 2450 2104; baseline 0.003 -50"><span class='ocrx_word' id='word_1_503' title='bbox 1414 2018 1696 2104; x_wconf 48' lang='lat' dir='ltr'>Argonapticoirti</span> <span class='ocrx_word' id='word_1_504' title='bbox 1719 2046 1729 2063; x_wconf 94' lang='lat'>,</span> <span class='ocrx_word' id='word_1_505' title='bbox 1768 2018 1881 2056; x_wconf 89' lang='lat' dir='ltr'>verbo</span> <span class='ocrx_word' id='word_1_506' title='bbox 1904 2019 2065 2067; x_wconf 79' lang='lat' dir='ltr'>frangere</span> <span class='ocrx_word' id='word_1_507' title='bbox 2100 2016 2229 2055; x_wconf 84' lang='lat' dir='ltr'>eadem</span> <span class='ocrx_word' id='word_1_508' title='bbox 2270 2015 2450 2067; x_wconf 70' lang='lat' dir='ltr'>fignifica-r</span> 
     </span>
     <span class='ocr_line' id='line_1_84' title="bbox 1414 2078 1713 2107; baseline -0.007 0"><span class='ocrx_word' id='word_1_509' title='bbox 1414 2078 1517 2107; x_wconf 84' lang='lat' dir='ltr'>tione</span> <span class='ocrx_word' id='word_1_510' title='bbox 1545 2080 1622 2105; x_wconf 76' lang='lat' dir='ltr'>uus</span> <span class='ocrx_word' id='word_1_511' title='bbox 1645 2080 1663 2104; x_wconf 87' lang='lat' dir='ltr'>e</span> <span class='ocrx_word' id='word_1_512' title='bbox 1703 2080 1713 2105; x_wconf 73' lang='grc' dir='ltr'>ι</span> 
     </span>
    </p>
   </div>
   <div class='ocr_carea' id='block_1_24' title="bbox 1466 2128 2426 2280">
    <p class='ocr_par' dir='ltr' id='par_1_29' title="bbox 1466 2128 2426 2280">
     <span class='ocr_line' id='line_1_85' title="bbox 1468 2128 2398 2181; baseline -0.001 -14"><span class='ocrx_word' id='word_1_513' title='bbox 1468 2130 1550 2174; x_wconf 83' lang='lat' dir='ltr'>Ille,</span> <span class='ocrx_word' id='word_1_514' title='bbox 1589 2131 1688 2169; x_wconf 77' lang='lat' dir='ltr'>velut</span> <span class='ocrx_word' id='word_1_515' title='bbox 1705 2132 1813 2180; x_wconf 81' lang='lat' dir='ltr'>refugi</span> <span class='ocrx_word' id='word_1_516' title='bbox 1826 2145 1924 2181; x_wconf 80' lang='lat' dir='ltr'>quem</span> <span class='ocrx_word' id='word_1_517' title='bbox 1937 2131 2076 2179; x_wconf 79' lang='lat' dir='ltr'>contigit</span> <span class='ocrx_word' id='word_1_518' title='bbox 2102 2128 2254 2177; x_wconf 83' lang='lat' dir='ltr'>improba</span> <span class='ocrx_word' id='word_1_519' title='bbox 2275 2128 2398 2166; x_wconf 78' lang='lat' dir='ltr'>Mauri</span> 
     </span>
     <span class='ocr_line' id='line_1_86' title="bbox 1466 2182 2395 2230; baseline -0.003 -12"><span class='ocrx_word' id='word_1_520' title='bbox 1466 2188 1622 2226; x_wconf 77' lang='lat' dir='ltr'>Lancea,</span> <span class='ocrx_word' id='word_1_521' title='bbox 1645 2183 1855 2230; x_wconf 73' lang='lat' dir='ltr'>sanguineus</span> <span class='ocrx_word' id='word_1_522' title='bbox 1875 2182 1970 2228; x_wconf 82' lang='lat' dir='ltr'>vasto</span> <span class='ocrx_word' id='word_1_523' title='bbox 1983 2187 2044 2218; x_wconf 86' lang='lat' dir='ltr'>Leo</span> <span class='ocrx_word' id='word_1_524' title='bbox 2057 2193 2237 2216; x_wconf 82' lang='lat' dir='ltr'>murmure</span> <span class='ocrx_word' id='word_1_525' title='bbox 2254 2182 2372 2226; x_wconf 83' lang='lat' dir='ltr'>fertur</span> <span class='ocrx_word' id='word_1_526' title='bbox 2383 2206 2395 2224; x_wconf 92' lang='lat'><strong>,</strong></span> 
     </span>
     <span class='ocr_line' id='line_1_87' title="bbox 1466 2231 2426 2280; baseline -0.001 -11"><span class='ocrx_word' id='word_1_527' title='bbox 1466 2233 1607 2280; x_wconf 77' lang='lat' dir='ltr'>Frangit</span> <span class='ocrx_word' id='word_1_528' title='bbox 1628 2243 1671 2271; x_wconf 63' lang='grc' dir='ltr'>(ς’</span> <span class='ocrx_word' id='word_1_529' title='bbox 1693 2233 1864 2280; x_wconf 83' lang='lat' dir='ltr'>absentem</span> <span class='ocrx_word' id='word_1_530' title='bbox 1885 2232 2006 2269; x_wconf 81' lang='lat' dir='ltr'>vacuis</span> <span class='ocrx_word' id='word_1_531' title='bbox 2019 2232 2084 2280; x_wconf 87' lang='lat' dir='ltr'>sub</span> <span class='ocrx_word' id='word_1_532' title='bbox 2105 2231 2263 2268; x_wconf 80' lang='lat' dir='ltr'>dentibus</span> <span class='ocrx_word' id='word_1_533' title='bbox 2287 2231 2426 2277; x_wconf 81' lang='lat' dir='ltr'>hostem.</span> 
     </span>
    </p>
   </div>
   <div class='ocr_carea' id='block_1_25' title="bbox 1411 2295 2456 2549">
    <p class='ocr_par' dir='ltr' id='par_1_30' title="bbox 1411 2295 2456 2549">
     <span class='ocr_line' id='line_1_88' title="bbox 1417 2295 2451 2346; baseline 0.002 -14"><span class='ocrx_word' id='word_1_534' title='bbox 1417 2296 1521 2333; x_wconf 86' lang='lat' dir='ltr'>Ut&amp;</span> <span class='ocrx_word' id='word_1_535' title='bbox 1542 2296 1687 2334; x_wconf 90' lang='lat' dir='ltr'>Solinus</span> <span class='ocrx_word' id='word_1_536' title='bbox 1716 2309 1867 2346; x_wconf 82' lang='lat' dir='ltr'>cap.20.</span> <span class='ocrx_word' id='word_1_537' title='bbox 1901 2295 2005 2345; x_wconf 82' lang='lat' dir='ltr'>Apud</span> <span class='ocrx_word' id='word_1_538' title='bbox 2017 2296 2075 2333; x_wconf 82' lang='lat' dir='ltr'>hos</span> <span class='ocrx_word' id='word_1_539' title='bbox 2101 2296 2236 2345; x_wconf 76' lang='lat' dir='ltr'>populos</span> <span class='ocrx_word' id='word_1_540' title='bbox 2257 2297 2334 2332; x_wconf 85' lang='lat' dir='ltr'>nati</span> <span class='ocrx_word' id='word_1_541' title='bbox 2352 2309 2451 2334; x_wconf 80' lang='lat' dir='ltr'>canes</span> 
     </span>
     <span class='ocr_line' id='line_1_89' title="bbox 1417 2346 2451 2396; baseline 0.003 -15"><span class='ocrx_word' id='word_1_542' title='bbox 1417 2347 1671 2391; x_wconf 75' lang='lat' dir='ltr'>omnibusseris</span> <span class='ocrx_word' id='word_1_543' title='bbox 1690 2358 1949 2396; x_wconf 81' lang='lat' dir='ltr'>anteponuntur</span> <span class='ocrx_word' id='word_1_544' title='bbox 1962 2351 2153 2394; x_wconf 76' lang='lat' dir='ltr'>‚frangunt</span> <span class='ocrx_word' id='word_1_545' title='bbox 2172 2357 2291 2383; x_wconf 81' lang='lat' dir='ltr'>tauros</span> <span class='ocrx_word' id='word_1_546' title='bbox 2305 2373 2314 2390; x_wconf 95' lang='lat'><strong>,</strong></span> <span class='ocrx_word' id='word_1_547' title='bbox 2343 2346 2451 2384; x_wconf 78' lang='lat' dir='ltr'>leones</span> 
     </span>
     <span class='ocr_line' id='line_1_90' title="bbox 1411 2398 2452 2445; baseline 0.001 -11"><span class='ocrx_word' id='word_1_548' title='bbox 1411 2398 1598 2444; x_wconf 78' lang='lat' dir='ltr'>perimunt.</span> <span class='ocrx_word' id='word_1_549' title='bbox 1654 2399 1852 2437; x_wconf 65' lang='lat' dir='ltr'>SALVAGN.</span> <span class='ocrx_word' id='word_1_550' title='bbox 1902 2398 2084 2435; x_wconf 83' lang='lat' dir='ltr'>Audacem</span> <span class='ocrx_word' id='word_1_551' title='bbox 2115 2406 2224 2434; x_wconf 84' lang='lat' dir='ltr'>vocat</span> <span class='ocrx_word' id='word_1_552' title='bbox 2248 2424 2258 2441; x_wconf 90' lang='lat'>‚</span> <span class='ocrx_word' id='word_1_553' title='bbox 2294 2399 2380 2445; x_wconf 80' lang='lat' dir='ltr'>quia</span> <span class='ocrx_word' id='word_1_554' title='bbox 2412 2399 2452 2435; x_wconf 87' lang='lat' dir='ltr'>in</span> 
     </span>
     <span class='ocr_line' id='line_1_91' title="bbox 1419 2447 2456 2496; baseline 0.003 -12"><span class='ocrx_word' id='word_1_555' title='bbox 1419 2459 1548 2496; x_wconf 86' lang='lat' dir='ltr'>aprum</span> <span class='ocrx_word' id='word_1_556' title='bbox 1575 2449 1625 2485; x_wconf 89' lang='lat' dir='ltr'>ire</span> <span class='ocrx_word' id='word_1_557' title='bbox 1650 2461 1726 2486; x_wconf 91' lang='lat' dir='ltr'>non</span> <span class='ocrx_word' id='word_1_558' title='bbox 1750 2449 1956 2493; x_wconf 88' lang='lat' dir='ltr'>dubitabat,</span> <span class='ocrx_word' id='word_1_559' title='bbox 1986 2447 2047 2485; x_wconf 81' lang='lat' dir='ltr'>etsi</span> <span class='ocrx_word' id='word_1_560' title='bbox 2065 2448 2098 2485; x_wconf 85' lang='lat' dir='ltr'>se</span> <span class='ocrx_word' id='word_1_561' title='bbox 2112 2448 2311 2496; x_wconf 87' lang='lat' dir='ltr'>periturum</span> <span class='ocrx_word' id='word_1_562' title='bbox 2336 2447 2456 2488; x_wconf 80' lang='lat' dir='ltr'>sciret.</span> 
     </span>
     <span class='ocr_line' id='line_1_92' title="bbox 1420 2497 2339 2549; baseline 0.003 -15"><span class='ocrx_word' id='word_1_563' title='bbox 1420 2497 1475 2535; x_wconf 87' lang='lat' dir='ltr'>Ita</span> <span class='ocrx_word' id='word_1_564' title='bbox 1500 2498 1666 2536; x_wconf 89' lang='lat' dir='ltr'>Adonidi</span> <span class='ocrx_word' id='word_1_565' title='bbox 1689 2499 1816 2538; x_wconf 88' lang='lat' dir='ltr'>Venus</span> <span class='ocrx_word' id='word_1_566' title='bbox 1837 2499 1933 2549; x_wconf 89' lang='lat' dir='ltr'>apud</span> <span class='ocrx_word' id='word_1_567' title='bbox 1956 2499 2071 2537; x_wconf 86' lang='lat' dir='ltr'>Ovid.</span> <span class='ocrx_word' id='word_1_568' title='bbox 2089 2511 2122 2536; x_wconf 89' lang='lat' dir='ltr'>x.</span> <span class='ocrx_word' id='word_1_569' title='bbox 2152 2499 2244 2536; x_wconf 89' lang='lat' dir='ltr'>Met.</span> <span class='ocrx_word' id='word_1_570' title='bbox 2260 2510 2339 2545; x_wconf 76' lang='lat'>544.</span> 
     </span>
    </p>
   </div>
   <div class='ocr_carea' id='block_1_26' title="bbox 1472 2569 2124 2616">
    <p class='ocr_par' dir='ltr' id='par_1_31' title="bbox 1472 2569 2124 2616">
     <span class='ocr_line' id='line_1_93' title="bbox 1472 2569 2124 2616; baseline 0.002 -10"><span class='ocrx_word' id='word_1_571' title='bbox 1472 2574 1513 2606; x_wconf 85' lang='lat' dir='ltr'>In</span> <span class='ocrx_word' id='word_1_572' title='bbox 1530 2569 1676 2606; x_wconf 86' lang='lat' dir='ltr'>audaces</span> <span class='ocrx_word' id='word_1_573' title='bbox 1701 2584 1769 2607; x_wconf 81' lang='lat' dir='ltr'>non</span> <span class='ocrx_word' id='word_1_574' title='bbox 1794 2571 1835 2616; x_wconf 78' lang='lat' dir='ltr'>est</span> <span class='ocrx_word' id='word_1_575' title='bbox 1857 2570 2008 2607; x_wconf 84' lang='lat' dir='ltr'>audacia</span> <span class='ocrx_word' id='word_1_576' title='bbox 2030 2580 2124 2607; x_wconf 83' lang='lat' dir='ltr'>tuta.</span> 
     </span>
    </p>
   </div>
   <div class='ocr_carea' id='block_1_27' title="bbox 1421 2634 2460 3330">
    <p class='ocr_par' dir='ltr' id='par_1_32' title="bbox 1421 2634 2460 3330">
     <span class='ocr_line' id='line_1_94' title="bbox 1421 2634 2454 2684; baseline 0.001 -11"><span class='ocrx_word' id='word_1_577' title='bbox 1421 2635 1482 2673; x_wconf 91' lang='lat' dir='ltr'>De</span> <span class='ocrx_word' id='word_1_578' title='bbox 1497 2635 1634 2673; x_wconf 82' lang='lat' dir='ltr'>Idmone</span> <span class='ocrx_word' id='word_1_579' title='bbox 1648 2635 1731 2672; x_wconf 91' lang='lat' dir='ltr'>vide</span> <span class='ocrx_word' id='word_1_580' title='bbox 1755 2636 1972 2684; x_wconf 84' lang='lat' dir='ltr'>Catalogum</span> <span class='ocrx_word' id='word_1_581' title='bbox 1998 2634 2454 2683; x_wconf 70' lang='lat' dir='ltr'>Argonautarum.l3unm.</span> 
     </span>
     <span class='ocr_line' id='line_1_95' title="bbox 1476 2684 2455 2735; baseline 0.002 -11"><span class='ocrx_word' id='word_1_582' title='bbox 1476 2698 1560 2733; x_wconf 83' lang='lat'>507.</span> <span class='ocrx_word' id='word_1_583' title='bbox 1589 2687 1684 2735; x_wconf 76' lang='lat' dir='ltr'>Isque</span> <span class='ocrx_word' id='word_1_584' title='bbox 1714 2686 1772 2723; x_wconf 84' lang='lat' dir='ltr'>vel</span> <span class='ocrx_word' id='word_1_585' title='bbox 1799 2684 2012 2734; x_wconf 80' lang='lat' dir='ltr'>exanimis.]</span> <span class='ocrx_word' id='word_1_586' title='bbox 2054 2686 2094 2722; x_wconf 90' lang='lat' dir='ltr'>ln</span> <span class='ocrx_word' id='word_1_587' title='bbox 2130 2685 2379 2734; x_wconf 86' lang='lat' dir='ltr'>Andragathia</span> <span class='ocrx_word' id='word_1_588' title='bbox 2398 2699 2455 2726; x_wconf 91' lang='lat' dir='ltr'>re-</span> 
     </span>
     <span class='ocr_line' id='line_1_96' title="bbox 1424 2736 2455 2786; baseline 0.002 -12"><span class='ocrx_word' id='word_1_589' title='bbox 1424 2739 1536 2786; x_wconf 83' lang='lat' dir='ltr'>gione</span> <span class='ocrx_word' id='word_1_590' title='bbox 1558 2745 1712 2774; x_wconf 88' lang='lat' dir='ltr'>venator</span> <span class='ocrx_word' id='word_1_591' title='bbox 1731 2738 1879 2785; x_wconf 86' lang='lat' dir='ltr'>quidam</span> <span class='ocrx_word' id='word_1_592' title='bbox 1904 2738 2058 2774; x_wconf 92' lang='lat' dir='ltr'>nomine</span> <span class='ocrx_word' id='word_1_593' title='bbox 2077 2736 2227 2780; x_wconf 87' lang='lat' dir='ltr'>Thoas,</span> <span class='ocrx_word' id='word_1_594' title='bbox 2258 2736 2455 2776; x_wconf 88' lang='lat' dir='ltr'>insolenter</span> 
     </span>
     <span class='ocr_line' id='line_1_97' title="bbox 1425 2787 2454 2837; baseline 0.001 -12"><span class='ocrx_word' id='word_1_595' title='bbox 1425 2789 1568 2825; x_wconf 89' lang='lat' dir='ltr'>locutus</span> <span class='ocrx_word' id='word_1_596' title='bbox 1589 2788 1624 2824; x_wconf 89' lang='lat' dir='ltr'>in</span> <span class='ocrx_word' id='word_1_597' title='bbox 1655 2787 1813 2825; x_wconf 83' lang='lat' dir='ltr'>Dianam</span> <span class='ocrx_word' id='word_1_598' title='bbox 1838 2815 1847 2831; x_wconf 92' lang='lat'>‚</span> <span class='ocrx_word' id='word_1_599' title='bbox 1884 2788 2001 2833; x_wconf 80' lang='lat' dir='ltr'>capite</span> <span class='ocrx_word' id='word_1_600' title='bbox 2026 2788 2197 2824; x_wconf 85' lang='lat' dir='ltr'>immanis</span> <span class='ocrx_word' id='word_1_601' title='bbox 2215 2788 2289 2836; x_wconf 87' lang='lat' dir='ltr'>apri</span> <span class='ocrx_word' id='word_1_602' title='bbox 2312 2815 2322 2832; x_wconf 92' lang='lat'><strong>,</strong></span> <span class='ocrx_word' id='word_1_603' title='bbox 2351 2788 2454 2837; x_wconf 89' lang='lat' dir='ltr'>quod</span> 
     </span>
     <span class='ocr_line' id='line_1_98' title="bbox 1427 2837 2459 2887; baseline 0.002 -12"><span class='ocrx_word' id='word_1_604' title='bbox 1427 2839 1464 2877; x_wconf 91' lang='lat' dir='ltr'>in</span> <span class='ocrx_word' id='word_1_605' title='bbox 1485 2840 1574 2887; x_wconf 91' lang='lat' dir='ltr'>pinu</span> <span class='ocrx_word' id='word_1_606' title='bbox 1595 2837 1840 2885; x_wconf 88' lang='lat' dir='ltr'>suspenderat,</span> <span class='ocrx_word' id='word_1_607' title='bbox 1870 2838 2022 2875; x_wconf 88' lang='lat' dir='ltr'>cadente</span> <span class='ocrx_word' id='word_1_608' title='bbox 2043 2838 2092 2874; x_wconf 88' lang='lat' dir='ltr'>est</span> <span class='ocrx_word' id='word_1_609' title='bbox 2112 2839 2361 2885; x_wconf 84' lang='lat' dir='ltr'>interemptus.</span> <span class='ocrx_word' id='word_1_610' title='bbox 2389 2839 2459 2877; x_wconf 74' lang='grc' dir='ltr'>ΙΝ-</span> 
     </span>
     <span class='ocr_line' id='line_1_99' title="bbox 1431 2888 2454 2937; baseline -0.001 -10"><span class='ocrx_word' id='word_1_611' title='bbox 1431 2901 1624 2928; x_wconf 76' lang='lat' dir='ltr'><strong>TERPRES.</strong></span> <span class='ocrx_word' id='word_1_612' title='bbox 1682 2888 1722 2925; x_wconf 91' lang='lat' dir='ltr'>In</span> <span class='ocrx_word' id='word_1_613' title='bbox 1753 2888 1973 2936; x_wconf 79' lang='lat' dir='ltr'>Adragathia</span> <span class='ocrx_word' id='word_1_614' title='bbox 1997 2890 2148 2937; x_wconf 85' lang='lat' dir='ltr'>regione</span> <span class='ocrx_word' id='word_1_615' title='bbox 2177 2896 2331 2926; x_wconf 88' lang='lat' dir='ltr'>venator</span> <span class='ocrx_word' id='word_1_616' title='bbox 2352 2898 2454 2935; x_wconf 87' lang='lat' dir='ltr'>erat,</span> 
     </span>
     <span class='ocr_line' id='line_1_100' title="bbox 1428 2939 2460 2990; baseline -0.001 -12"><span class='ocrx_word' id='word_1_617' title='bbox 1428 2942 1491 2990; x_wconf 90' lang='lat' dir='ltr'>qui</span> <span class='ocrx_word' id='word_1_618' title='bbox 1512 2939 1620 2989; x_wconf 88' lang='lat' dir='ltr'>pedes</span> <span class='ocrx_word' id='word_1_619' title='bbox 1650 2939 1686 2976; x_wconf 74' lang='grc' dir='ltr'>δί</span> <span class='ocrx_word' id='word_1_620' title='bbox 1707 2941 1824 2987; x_wconf 86' lang='lat' dir='ltr'>capita</span> <span class='ocrx_word' id='word_1_621' title='bbox 1845 2940 2001 2976; x_wconf 87' lang='lat' dir='ltr'>ferarum</span> <span class='ocrx_word' id='word_1_622' title='bbox 2018 2967 2028 2984; x_wconf 92' lang='lat'><strong>,</strong></span> <span class='ocrx_word' id='word_1_623' title='bbox 2056 2950 2143 2986; x_wconf 89' lang='lat' dir='ltr'>quas</span> <span class='ocrx_word' id='word_1_624' title='bbox 2165 2947 2308 2986; x_wconf 86' lang='lat' dir='ltr'>ceperat</span> <span class='ocrx_word' id='word_1_625' title='bbox 2323 2965 2334 2981; x_wconf 90' lang='lat'>‚</span> <span class='ocrx_word' id='word_1_626' title='bbox 2363 2939 2460 2977; x_wconf 87' lang='lat' dir='ltr'>Dia-</span> 
     </span>
     <span class='ocr_line' id='line_1_101' title="bbox 1428 2988 2455 3037; baseline 0.001 -9"><span class='ocrx_word' id='word_1_627' title='bbox 1428 2992 1497 3028; x_wconf 77' lang='lat' dir='ltr'>n&#39;ae</span> <span class='ocrx_word' id='word_1_628' title='bbox 1527 2990 1644 3027; x_wconf 86' lang='lat' dir='ltr'>dicata</span> <span class='ocrx_word' id='word_1_629' title='bbox 1674 2989 1858 3027; x_wconf 87' lang='lat' dir='ltr'>arboribus</span> <span class='ocrx_word' id='word_1_630' title='bbox 1890 2989 2035 3037; x_wconf 82' lang='lat' dir='ltr'>affigere</span> <span class='ocrx_word' id='word_1_631' title='bbox 2065 2989 2209 3026; x_wconf 87' lang='lat' dir='ltr'>solebat.</span> <span class='ocrx_word' id='word_1_632' title='bbox 2261 2988 2330 3025; x_wconf 88' lang='lat' dir='ltr'>Sed</span> <span class='ocrx_word' id='word_1_633' title='bbox 2352 2991 2455 3029; x_wconf 88' lang='lat' dir='ltr'>enirn</span> 
     </span>
     <span class='ocr_line' id='line_1_102' title="bbox 1430 3037 2455 3089; baseline -0.003 -11"><span class='ocrx_word' id='word_1_634' title='bbox 1430 3052 1516 3079; x_wconf 88' lang='lat' dir='ltr'>curn</span> <span class='ocrx_word' id='word_1_635' title='bbox 1542 3042 1636 3078; x_wconf 87' lang='lat' dir='ltr'>forte</span> <span class='ocrx_word' id='word_1_636' title='bbox 1657 3051 1782 3088; x_wconf 89' lang='lat' dir='ltr'>aprum</span> <span class='ocrx_word' id='word_1_637' title='bbox 1815 3041 2003 3089; x_wconf 85' lang='lat' dir='ltr'>ingentem</span> <span class='ocrx_word' id='word_1_638' title='bbox 2025 3037 2223 3088; x_wconf 80' lang='lat' dir='ltr'>prostraffet</span> <span class='ocrx_word' id='word_1_639' title='bbox 2243 3065 2253 3080; x_wconf 93' lang='lat'>,</span> <span class='ocrx_word' id='word_1_640' title='bbox 2289 3040 2455 3089; x_wconf 66' lang='lat' dir='ltr'>negleeia</span> 
     </span>
     <span class='ocr_line' id='line_1_103' title="bbox 1429 3088 2455 3138; baseline 0.002 -9"><span class='ocrx_word' id='word_1_641' title='bbox 1429 3093 1509 3129; x_wconf 91' lang='lat' dir='ltr'>Dea</span> <span class='ocrx_word' id='word_1_642' title='bbox 1524 3120 1533 3133; x_wconf 94' lang='lat'>,</span> <span class='ocrx_word' id='word_1_643' title='bbox 1561 3091 1595 3128; x_wconf 90' lang='lat' dir='ltr'>se</span> <span class='ocrx_word' id='word_1_644' title='bbox 1617 3100 1724 3138; x_wconf 88' lang='lat' dir='ltr'>caput</span> <span class='ocrx_word' id='word_1_645' title='bbox 1744 3091 1918 3129; x_wconf 84' lang='lat' dir='ltr'>duntaxat</span> <span class='ocrx_word' id='word_1_646' title='bbox 1934 3090 2139 3129; x_wconf 83' lang='lat' dir='ltr'>dicaturum</span> <span class='ocrx_word' id='word_1_647' title='bbox 2167 3088 2279 3133; x_wconf 90' lang='lat' dir='ltr'>dixit,</span> <span class='ocrx_word' id='word_1_648' title='bbox 2305 3099 2384 3129; x_wconf 89' lang='lat' dir='ltr'>tum</span> <span class='ocrx_word' id='word_1_649' title='bbox 2407 3103 2455 3131; x_wconf 86' lang='lat' dir='ltr'>eo</span> 
     </span>
     <span class='ocr_line' id='line_1_104' title="bbox 1428 3140 2456 3181; baseline -0.001 0"><span class='ocrx_word' id='word_1_650' title='bbox 1428 3143 1546 3181; x_wconf 87' lang='lat' dir='ltr'>arbori</span> <span class='ocrx_word' id='word_1_651' title='bbox 1574 3142 1683 3179; x_wconf 81' lang='lat' dir='ltr'>affixo</span> <span class='ocrx_word' id='word_1_652' title='bbox 1717 3142 1778 3180; x_wconf 91' lang='lat' dir='ltr'>sub</span> <span class='ocrx_word' id='word_1_653' title='bbox 1812 3142 1939 3179; x_wconf 85' lang='lat' dir='ltr'>eadem</span> <span class='ocrx_word' id='word_1_654' title='bbox 1970 3140 2158 3178; x_wconf 86' lang='lat' dir='ltr'>meridiani</span> <span class='ocrx_word' id='word_1_655' title='bbox 2188 3140 2299 3178; x_wconf 80' lang='lat' dir='ltr'>aestus</span> <span class='ocrx_word' id='word_1_656' title='bbox 2320 3143 2456 3180; x_wconf 87' lang='lat' dir='ltr'>vitandi</span> 
     </span>
     <span class='ocr_line' id='line_1_105' title="bbox 1429 3190 2459 3241; baseline -0.001 -10"><span class='ocrx_word' id='word_1_657' title='bbox 1429 3193 1529 3232; x_wconf 86' lang='lat' dir='ltr'>causa</span> <span class='ocrx_word' id='word_1_658' title='bbox 1552 3193 1738 3241; x_wconf 84' lang='lat' dir='ltr'>quiescens</span> <span class='ocrx_word' id='word_1_659' title='bbox 1757 3194 1795 3230; x_wconf 90' lang='lat' dir='ltr'>in</span> <span class='ocrx_word' id='word_1_660' title='bbox 1814 3193 1985 3230; x_wconf 89' lang='lat' dir='ltr'>somnum</span> <span class='ocrx_word' id='word_1_661' title='bbox 1998 3190 2146 3229; x_wconf 88' lang='lat' dir='ltr'>incidit:</span> <span class='ocrx_word' id='word_1_662' title='bbox 2176 3191 2271 3228; x_wconf 70' lang='lat' dir='ltr'>Ecce</span> <span class='ocrx_word' id='word_1_663' title='bbox 2294 3202 2383 3229; x_wconf 86' lang='lat' dir='ltr'>vero</span> <span class='ocrx_word' id='word_1_664' title='bbox 2397 3203 2459 3230; x_wconf 89' lang='lat' dir='ltr'>ca-</span> 
     </span>
     <span class='ocr_line' id='line_1_106' title="bbox 1429 3239 2459 3330; baseline -0.002 -48"><span class='ocrx_word' id='word_1_665' title='bbox 1429 3254 1493 3295; x_wconf 84' lang='lat' dir='ltr'>put</span> <span class='ocrx_word' id='word_1_666' title='bbox 1523 3245 1690 3293; x_wconf 87' lang='lat' dir='ltr'>aprinum</span> <span class='ocrx_word' id='word_1_667' title='bbox 1721 3243 1879 3294; x_wconf 81' lang='lat' dir='ltr'>ligaculis</span> <span class='ocrx_word' id='word_1_668' title='bbox 1907 3242 1967 3281; x_wconf 88' lang='lat' dir='ltr'>sua</span> <span class='ocrx_word' id='word_1_669' title='bbox 1996 3242 2123 3291; x_wconf 87' lang='lat' dir='ltr'>sponte</span> <span class='ocrx_word' id='word_1_670' title='bbox 2155 3239 2328 3280; x_wconf 74' lang='lat' dir='ltr'>dissolutis</span> <span class='ocrx_word' id='word_1_671' title='bbox 2358 3242 2459 3330; x_wconf 51' lang='lat' dir='ltr'>dicei·</span> 
     </span>
     <span class='ocr_line' id='line_1_107' title="bbox 2394 3302 2456 3330; baseline 0 0"><span class='ocrx_word' id='word_1_672' title='bbox 2394 3302 2456 3330; x_wconf 85' lang='lat' dir='ltr'>ens</span> 
     </span>
    </p>
   </div>
  </div>
 </body>
</html>
