2547 3708
580 171 1559 234 VPR-AEFATIONES..
2056 212 2154 258 ψῃ

53 266 343 332 Deammque
363 261 612 328 Evangelii
641 262 1019 328 promulgatione
1051 263 1165 308 ritus
1201 263 1539 315 nefandiffimos
1570 272 1830 333 exprobans
1860 278 1915 324 ad
1937 292 2142 331 aeternae

49 336 278 400 felicitatis
301 329 639 401 praemia-Viam
666 328 902 397 patefecit>⁵
951 327 1231 378 -Veritatem
1263 330 1418 394 itaque
1450 334 1742 384 orthodoxae
1766 340 1872 388 fidei
1895 359 1918 389 a
1943 348 2047 392 Deo
2070 365 2139 393 re-

14 455 15 464 ,
49 415 238 464 velatam
261 443 286 469 ‚‚
322 401 674 465 miraculorum,
717 390 774 448 ai‘)
811 400 930 449 illius
965 394 1186 446 duntaxat
1220 396 1445 461 potestate
1472 398 1860 464 dependentium,
1906 410 1985 470 qui
2017 412 2141 458 testis

48 477 246 532 {usitatis
272 473 358 525 esse
390 487 487 519 non
512 468 692 533 potest,
729 465 1045 514 coruscatione
1066 463 1367 526 approbatam
1383 496 1399 522 ,
1433 478 1688 528 martyrum
1712 467 1928 533 sanguine
1949 474 2138 521 robora·

13 541 14 546 ¹
49 561 172 602 tam,
202 538 467 589 D0&orum
503 532 886 596 irreprehenfibili
922 528 1230 582 elucidatione
1264 527 1565 589 declaratam,
1599 534 1765 580 rationi
1789 540 2137 586 consentaneam

11 610 13 648 ὲ
45 606 315 671 accepimus.
393 599 476 647 Est
511 600 656 663 igitur
692 596 802 643 fidei
836 595 1000 643 veritas
1037 591 1351 656 amplectenda
1373 628 1388 654 ,
1430 595 1718 660 explodenda
1753 600 1963 648 Deorum
2003 602 2137 663 filva,

45 688 155 738 quos
184 667 333 718 delusa
365 664 662 717 venerabatur.
694 660 956 724 antiquitas,
1024 657 1072 705 Si
1094 673 1207 720 quae
1231 670 1383 705 tamen
1404 661 1598 724 gentiles
1622 661 1727 711 fidei
1751 667 1924 714 nostrae
1945 670 2137 715 comen-

47 752 171 786 tanea
203 730 443 795 scripsere,
477 745 534 775 ex
555 726 806 790 Augustini
842 723 1065 771 sententia
1085 723 1141 768 ab
1161 724 1250 782 eis,
1285 737 1339 769 ut
1360 724 1536 789 injustis
1560 730 1903 791 poss'essoribuS,
1937 732 2040 781 sunt
2061 749 2139 780 au-

46 800 252 857 ferenda,
285 813 337 845 ac
362 797 409 841 in
430 792 558 840 usum
586 791 793 839 nostrum
820 786 1147 835 convertenda.
1215 788 1443 846 Quamvis
1467 792 1603 838 etiam
1627 793 1718 841 fide
1743 799 1958 845 certiores
1979 797 2138 846 redda-

44 881 147 914 mur
169 865 225 910 de
246 861 409 908 divinis
424 892 438 916 ,
474 856 683 919 &longe
707 857 879 917 majore
904 867 1056 899 rerum
1079 850 1244 898 notitia
1264 853 1562 915 praestemuS,
1598 873 1645 904 ea
1669 859 1888 923 siquidem
1914 880 2028 926 quae
2052 863 2137 911 hu-

43 946 174 978 mana
209 926 382 974 ratione
410 920 672 983 investigari
696 919 911 983 possunt,
944 913 1127 964 falfitati
1150 915 1311 978 subjici
1332 916 1652 982 saepenumero
1677 925 1907 986 videmus,
1942 929 2062 990 quod
2090 945 2136 975 e-

44 991 420 1043 r-uditiffimorum
460 987 666 1033 virorum
696 984 926 1042 contraria
962 981 1172 1042 inprimis
1196 981 1385 1029 testatur
1410 986 1599 1046 opinio;
1637 987 1743 1035 fidei
1769 1006 1876 1037 vero
1900 993 2135 1056 splendore

42 1059 117 1106 illa
150 1053 500 1119 cognoscimUS,
535 1065 649 1113 quae
680 1050 827 1112 prima
859 1049 906 1094 δὲ
938 1043 1180 1091 ineffabilis
1205 1047 1368 1093 veritas
1390 1046 1518 1113 supra
1541 1050 1780 1100 humanam
1804 1057 2025 1103 rationem
2051 1074 2136 1103 no-

41 1124 109 1171 bis
143 1120 340 1168 revelare
370 1117 558 1179 dignata
591 1114 670 1165 est.
740 1112 1068 1162 Nihilominus
1098 1125 1203 1157 cum
1244 1110 1304 1157 fas
1331 1111 1422 1167 cst,
1459 1114 1506 1160 &
1529 1115 1583 1161 ab
1607 1117 1735 1163 hoste
1758 1119 1942 1180 doceri,
1978 1122 2134 1179 Pauli,

43 1186 270 1235 Gentium
296 1180 553 1241 Do&01·i8,
581 1194 631 1230 ac
660 1178 830 1225 Diviui
848 1177 1157 1237 Hieronymi,
1191 1190 1327 1237 quem
1363 1176 1516 1224 scibile
1553 1180 1728 1227 nullum
1763 1183 1922 1242 latuit,
1961 1187 2135 1232 Aurelii

41 1265 227 1316 quoque
251 1245 529 1309 Augustini,
564 1256 614 1292 ut
644 1244 884 1306 egregium
917 1238 1030 1311 illud
1067 1254 1118 1285 ac
1155 1238 1425 1286 laboriosum
1456 1258 1569 1305 opus
1599 1244 1656 1290 de
1676 1247 1864 1294 civitate
1890 1250 1978 1295 Dei
2002 1250 2134 1296 testa-

39 1329 143 1373 tur,
177 1312 392 1374 exemplo
412 1344 427 1369 3
473 1323 804 1370 nonnunquam<v
833 1307 970 1353 etiam
1008 1316 1128 1350 mter
1151 1303 1496 1351 declamandum
1533 1308 1750 1357 do<Strinis
1776 1312 2035 1359 Gentilium
2068 1315 2138 1359 uti

39 1381 175 1436 licet,
216 1375 343 1440 quod
367 1376 430 1421 ita
449 1371 833 1423 declamatoribus
856 1367 1084 1434 agendum
1109 1366 1268 1414 censeo
1284 1401 1300 1427 ,
1335 1382 1388 1415 ut
1411 1369 1465 1416 ad
1488 1373 1747 1421 auditorum
1773 1376 2017 1423 utilitatem
2032 1411 2046 1436 ,
2068 1379 2135 1423 vi-

39 1445 211 1494 tiorum
247 1438 654 1504 objurgationem,
698 1437 926 1487 virtutum
952 1448 1137 1498 quoque
1168 1433 1619 1482 commendationem
1649 1440 1888 1497 trahantur
1909 1475 1924 1500 ,
1972 1441 2019 1487 ὃς
2056 1441 2138 1487 fibi

41 1507 328 1569 summopere
363 1515 581 1561 caveant,
615 1518 673 1548 ne
695 1517 856 1548 eorum
873 1534 888 1560 ,
925 1500 1002 1562 qui
1025 1497 1067 1545 se
1088 1499 1230 1544 Aonii
1251 1497 1394 1545 fontis
1420 1499 1672 1562 liquoribus
1695 1520 1773 1549 ora
1797 1505 2010 1567 proluisse
2032 1506 2139 1567 glo-

44 1575 246 1630 riantur,
281 1569 395 1617 fiant
428 1566 593 1614 fabula.
662 1565 851 1613 Accidit
873 1565 1009 1611 etiam
1031 1561 1302 1625 saepiffime,
1337 1576 1390 1609 ut
1415 1563 1492 1622 hi,
1529 1567 1606 1627 qui
1633 1567 1818 1629 poeseos
1843 1567 2017 1615 fabulae
2041 1586 2136 1615 car-

47 1639 220 1687 minum
258 1635 380 1698 leges
413 1643 734 1695 praetereunt,
769 1631 817 1677 ὃς
849 1629 881 1677 si
912 1644 1011 1680 non
1028 1627 1084 1673 ad
1104 1627 1408 1673 roborandam
1434 1632 1673 1677 veritatem
1701 1632 1995 1679 nihilominus
2015 1633 2067 1680 ad
2089 1651 2141 1680 o-

43 1699 341 1754 stendendum
373 1712 532 1745 verum
569 1712 662 1742 non
697 1709 952 1757 repugnare
973 1727 989 1752 ,
1037 1693 1196 1756 poetas
1229 1692 1583 1753 Gentiliumque
1613 1694 1732 1742 diei-a
1764 1698 1956 1743 citantes
1981 1731 1997 1757 ,
2044 1715 2140 1748 non

40 1765 206 1831 poffint
236 1781 261 1811 a
294 1765 422 1820 viro,
457 1760 754 1808 humanitatis
788 1757 932 1806 studia
961 1756 1178 1815 callente,
1214 1755 1305 1803 fine
1336 1756 1574 1804 stomacho
1600 1759 1648 1805 &
1682 1759 1768 1806 risu
1794 1761 1948 1807 audiri.
2016 1762 2137 1810 Po'e'-

42 1843 188 1880 tarum
210 1830 355 1892 igitur
377 1825 556 1873 fabulae
580 1826 629 1872 &
651 1826 852 1871 carmina
871 1823 973 1870 sunt
997 1821 1240 1885 aliquando
1264 1823 1312 1867 in
1335 1822 1652 1869 testimonium
1676 1824 1949 1871 adducenda.
2019 1827 2140 1876 Non

39 1896 161 1945 enim
195 1891 472 1944 eredendum
508 1888 573 1936 est
603 1891 765 1952 poetas
797 1887 878 1934 sub
918 1886 1080 1936 fabulis
1115 1885 1232 1932 nihil
1271 1886 1475 1933 veritatis
1503 1889 1762 1936 occultaffe.
1831 1889 1979 1936 Nunc
2004 1890 2139 1952 fiqui-

40 1959 144 2006 dem
177 1955 364 2021 physica
394 1955 539 2012 rati0,
585 1969 710 2004 nunc
745 1952 1042 2015 tropologica
1065 1984 1080 2009 ,
1124 1966 1246 1995 nunc
1280 1949 1527 2013 allegorica
1558 1952 1724 1999 latitat.
1792 1953 1980 2015 Nempe
2013 1955 2141 2017 quod

43 2022 286 2083 Theologi
312 2053 323 2072 ,
368 2020 446 2080 qui
480 2016 723 2079 saepiffime
762 2017 1058 2079 metaphora,
1094 2014 1457 2076 prosopopoeia,
1492 2016 1758 2079 tropologia
1781 2017 1962 2064 divinos
1997 2019 2139 2066 libros

40 2087 140 2136 usos
170 2085 256 2132 esse
280 2082 537 2130 Ezechielis
559 2079 849 2143 Danielisque
887 2077 1137 2127 visionibus
1171 2093 1224 2123 ac
1262 2078 1379 2125 illius
1410 2080 1584 2142 :aquilae
1615 2082 1809 2127 volantis
1829 2083 2136 2143 revelatione,

41 2167 178 2215 quam
217 2149 386 2196 Graeci
424 2144 739 2208 Apocalypsin
774 2157 968 2202 vocant,
1011 2141 1278 2189 testantibus
1310 2142 1609 2205 scripserunt,
1655 2144 1850 2207 figuram
1885 2163 2138 2207 vocavere,

39 2217 180 2280 poe'ta
225 2212 459 2266 fistionem
493 2223 571 2256 aut
605 2209 803 2255 fabulam
838 2220 1090 2271 nuncupat.
1164 2207 1410 2269 Proprium
1449 2208 1584 2254 etiam
1622 2210 1787 2270 poetae
1819 2209 1883 2254 est
1919 2210 2137 2258 inusitato

42 2280 239 2343 quodam
276 2276 521 2323 verborum
554 2289 606 2319 ac
637 2273 961 2320 sententiarum
991 2283 1245 2329 contextu,
1281 2272 1540 2318 velamento
1567 2271 1772 2318 fabuloso
1796 2286 1933 2336 atque
1955 2274 2138 2323 decenti

44 2345 283 2392 veritatem
309 2353 586 2402 contegere,
620 2354 671 2384 ac
694 2336 773 2385 sub
796 2353 914 2384 nova
936 2336 1210 2398 decentique
1235 2333 1385 2399 figura
1409 2337 1601 2382 recitare
1617 2370 1631 2395 ,
1654 2349 1707 2383 ut
1735 2336 1782 2382 ὃς
1804 2339 2028 2400 praeclara
2050 2339 2137 2386 ho-

42 2409 220 2455 minum
252 2406 435 2470 ingenia
468 2403 738 2466 inquirenda
769 2402 961 2449 veritate
994 2411 1320 2458 exerceantur,
1357 2401 1406 2446 δε
1441 2399 1703 2447 auditorum
1738 2401 1875 2447 animi
1901 2405 2139 2466 peregrina

44 2471 312 2521 &inaudita
337 2469 605 2515 inventione
627 2466 934 2514 delectentur:
972 2478 1051 2511 aut
1074 2464 1194 2510 enim
1224 2463 1429 2525 prodess'e
1451 2464 1643 2523 volunt,
1677 2478 1755 2511 aut
1781 2466 1998 2513 deleclai·e
2024 2470 2136 2530 poe-

41 2544 125 2586 tae.
189 2534 486 2597 Philosophia
507 2533 678 2595 quippe
705 2532 944 2577 veritatem
967 2530 1166 2593 quaerit:
1202 2529 1470 2590 Theologia
1494 2529 1698 2589 invenit,
1732 2531 1826 2575 veri
1853 2530 2136 2577 Christianae

41 2600 316 2666 reipublicae
361 2598 562 2645 cultores
608 2594 832 2660 poflident
860 2629 875 2654 ,
922 2596 1075 2657 po'e'tis
1116 2593 1300 2639 inventa
1333 2593 1621 2655 eloquentiae
1661 2594 1834 2641 viribus
1872 2610 2136 2643 exornatur.

40 2665 177 2725 Qae
213 2664 368 2711 omnia
401 2664 448 2709 in
482 2662 576 2708 hoc
603 2660 833 2724 praeclaro
856 2657 1093 2707 volumine
1116 2656 1372 2704 admiranda
1396 2659 1570 2720 ingenii
1594 2661 1843 2705 acrimonia
1868 2660 2135 2705 consecutus

41 2729 107 2776 est
129 2729 351 2776 Ovidius:
391 2729 519 2775 Nam
553 2726 746 2772 virtutes
779 2724 979 2771 celebrat
1003 2725 1216 2770 Heroum
1247 2721 1507 2768 admiranda
1539 2722 1666 2785 gesta
1699 2722 1979 2781 describens,
2013 2723 2136 2771 actus

41 2794 277 2841 Hero'icos
298 2789 775 2853 praestantiffimorum
803 2790 1005 2835 virorum
1030 2787 1342 2834 commendat.
1412 2787 1539 2832 Dum
1565 2787 1702 2832 etiam
1731 2787 1829 2833 fieri
1850 2803 1906 2832 ex
1935 2789 2134 2833 homini-

41 2857 125 2912 bus
149 2871 227 2903 aut
252 2855 404 2907 beluas
423 2853 598 2916 scripfit
615 2888 630 2913 ,
663 2868 742 2900 aut
764 2853 932 2915 lapides
948 2887 963 2911 ,
999 2864 1076 2898 aut
1104 2852 1300 2914 plantas:
1336 2850 1445 2913 quid
1465 2850 1586 2896 aliud
1611 2851 1762 2897 voluit
1788 2851 1866 2895 nifi
1890 2851 2134 2897 rationabi-

40 2921 102 2969 les
132 2920 370 2977 homines,
406 2934 520 2980 quos
541 2918 741 2964 summus
762 2919 971 2963 omnium
995 2914 1152 2977 opifex
1178 2915 1231 2960 ad
1256 2913 1376 2961 suam
1406 2915 1651 2977 imaginem
1676 2915 1905 2961 iiitelletfftu
1931 2917 2138 2978 vigentes

43 2985 306 3043 effinxerat,
340 2981 500 3029 relicto
535 2993 721 3027 naturae
747 2981 973 3027 rationalis
994 2980 1195 3038 lumine,
1230 2995 1324 3041 quo
1348 2979 1442 3024 solo
1471 2980 1656 3025 caeteris
1681 2979 1983 3025 animantibus
2006 2996 2132 3041 prae-

45 3048 236 3108 stamus,
278 3064 367 3110 per
391 3046 553 3093 abruta
586 3060 787 3106 quaeque
821 3045 1042 3090 vitiorum
1076 3042 1303 3089 effrenatis
1334 3044 1732 3103 concupiscentiae
1768 3043 1968 3090 motibus
1997 3058 2135 3103 atque

43 3115 184 3165 carnis
227 3111 450 3158 illecebris
494 3107 710 3171 impulsos
732 3141 748 3167 ,
789 3107 1030 3155 brutorum
1065 3122 1193 3153 more
1226 3105 1620 3153 carnisdefideria
1651 3106 1856 3154 sestanda
1888 3123 1937 3153 ea
1971 3107 2135 3153 censeri

42 3176 175 3224 bruta
204 3192 399 3239 quorum
434 3175 576 3222 vitam
600 3173 904 3220 imitarentur.
973 3171 1104 3231 Qiid
1130 3173 1250 3217 enim
1277 3170 1463 3217 interest
1488 3170 1608 3215 inter
1644 3172 1690 3216 in
1711 3171 1893 3217 bestiam
1919 3184 2135 3217 transf-oi·-

44 3241 180 3290 mari:
215 3253 294 3289 aut
326 3238 408 3291 sub
439 3239 628 3287 homine
658 3237 860 3288 animum
883 3251 1042 3301 gerere
1068 3237 1243 3284 beluae.
1309 3235 1420 3281 Hoc
1448 3234 1660 3283 cantabat
1685 3236 1846 3283 Psaltes
1870 3236 1946 3282 ille
1970 3235 2133 3280 Citha-

2031 3312 2136 3345 roc·
