2547 3708
2530 0 2547 97 Μ

378 163 480 215 232
708 136 2164 208 TESTIMONIAETJUDICI'A
2272 122 2282 127 ‘
2532 92 2547 217 ξ

379 252 506 300 quam
536 238 610 284 vel
628 234 837 286 Ovidium
865 240 937 286 vel
955 240 1009 284 Ρ
1010 230 1213 312 ipinium,
1247 243 1418 301 quorum
1441 243 1507 288 ille
1533 253 1690 288 tenuem
1710 243 1933 287 materiam
1951 239 2126 302 lascivia
2148 239 2288 299 utique
2311 239 2492 304 violaffeae
2531 222 2547 319 55·

382 314 460 349 aut
486 304 787 375 depudicaſjet,
809 307 846 350 lo
855 321 874 351 c
897 321 1032 367 magni
1021 307 1213 366 isloquent
1215 320 1242 350 a
1273 307 1542 366 contriviffiit.
2538 327 2539 333 ¹

450 368 702 418 lbid.ver1
721 384 826 416 ιιι..
841 378 854 425 )
890 372 1047 416 Famae
1070 386 1210 416 iromus
1235 371 1538 433 descriptionem
1558 373 1744 433 ingentes
1730 370 1792 429 ff
1773 385 1903 416 mam
1938 367 2281 431 (Metamorph.
2304 367 2382 415 lib.
2403 371 2539 433 12.)

381 449 463 496 qua
486 439 708 481 acutiorem
735 436 789 487 &³
814 435 1022 496 venustior
1023 452 1084 481 ern
1109 452 1175 481 nu
1182 439 1223 481 la
1250 450 1317 497 ope
1339 438 1544 483 humanae
1567 447 1716 481 mentis
1734 437 2047 497 excogitaveris.
2538 486 2539 491 ¹

449 500 569 546 Ib1d.
607 499 716 546 vers.
749 515 853 561 172.
887 500 1014 547 Mra
1030 506 1157 561 ‚suavi
1160 511 1247 547 tate
1270 502 1325 554 &³
1349 519 1397 548 ιι
1406 519 1437 548 ei
1450 513 1555 548 itate
1576 502 1781 547 inimitab
1789 504 1846 559 li,
1882 503 1952 561 qui
1973 501 2026 560 ιβ
2041 500 2186 562 genius
2198 499 2490 567 Nasonianus,
2533 505 2535 538 Ψ

372 563 528 627 faoula
555 581 683 624 repon
691 576 776 611 tur.
847 564 971 612 Vide
993 567 1040 611 &
1064 566 1118 612 ad
1141 566 1221 611 hb
1251 582 1296 612 11
1317 582 1354 612 1.
1381 583 1489 620 290.
2533 567 2540 616 5·

451 630 577 675 Idem
604 629 658 675 ad
680 629 758 675 lib.
789 645 803 675 1
823 644 836 674 1
858 644 893 674 1.
917 629 1029 676 vers.
1048 646 1060 675 1
1075 646 1150 684 92
1188 633 1238 677 ln
1260 633 1416 678 Niobes
1437 642 1572 694 magni
1559 634 1781 706 loquentia
1799 644 2005 691 poenaque
2027 629 2291 692 describendis
2300 663 2316 688 ,
2318 631 2490 696 stiipficm
2538 643 2542 676 37

382 697 465 740 vici
470 705 487 739 t
510 694 720 752 Ovidius,
754 710 870 757 quem
880 694 1065 757 suspicor
1089 713 1165 743 non
1178 710 1315 758 pauca
1336 714 1385 742 ex
1412 700 1455 742 T
1446 713 1529 759 rag
1540 700 1593 742 cis
1606 696 1738 758 sums
1727 697 1819 758 ffle
1851 696 1969 742 hodie
1994 711 2074 741 non
2095 696 2370 758 exstantibus,
2403 715 2490 747 ma·
2538 702 2544 730 2²

377 775 462 821 gna
483 775 574 804 curn
597 760 732 813 nostra
754 764 948 806 dolentia
2534 771 2541 800 ’ἐ

448 823 520 869 Ad
545 823 621 869 lib.
655 839 725 872 ιν.
747 819 862 886 756.
900 827 954 872 Li
951 829 1093 872 brarii
1115 825 1338 889 nonsolum
1361 829 1612 889 tautologum
1628 825 1820 888 fecerunt
1840 827 2079 886 Ovidium,
2089 826 2169 888 sed
2188 828 2420 901 majoribus
2431 830 2503 876 di·
2533 831 2547 911 5²,

384 891 459 934 ctis
486 893 616 949 inepte
650 893 811 936 minora
833 890 1010 953 subdere
1033 890 1226 952 fecerunt
1252 893 1340 938 Οτι
1336 893 1459 938 dium
1481 894 1661 939 Poetam
1685 892 1847 952 cautiff
1845 908 1986 951 mum
2020 895 2074 945 Β
2095 895 2183 938 alia
2209 895 2344 939 omnia
2360 898 2547 954 potius5

384 968 512 1015 quam
546 961 729 1018 tautolog
747 973 796 1002 ae
829 967 920 1003 not
914 974 969 1002 m
1000 973 1098 1002 mer
1105 967 1209 1003 tum.
2534 919 2547 1025 ἐ

450 1020 525 1065 Ad
549 1019 626 1066 lib.
656 1038 699 1067 v
729 1028 836 1082 367.
872 1022 1047 1084 Virgilii
1074 1026 1291 1084 gratitati
1308 1027 1352 1084 fi
1336 1022 1628 1083 ifacilitatem
1651 1024 1806 1069 Ovidii
1826 1022 2184 1082 incomparabilem
2210 1021 2493 1092 composueris,
2532 1023 2547 1076 ,⁴²

382 1086 600 1131 miraberis
622 1088 933 1149 ingeniostffimor
946 1103 1016 1133 um
1037 1087 1125 1132 hon
1133 1104 1245 1134 ιιιιιιιι
1267 1090 1297 1134 d
1302 1087 1392 1149 ffer
1394 1099 1560 1134 entiam
1631 1090 1837 1149 Papinius
1860 1089 1919 1134 ad
1935 1104 1997 1134 eos
2024 1087 2111 1132 nihi
2104 1090 2141 1132 l

454 1151 569 1197 lbid.
598 1167 642 1198 v.
666 1155 777 1212 481.
813 1154 979 1219 „Quae
977 1154 1182 1199 divntus
1215 1155 1326 1200 dieta
1348 1158 1482 1216 sunt,
1515 1170 1584 1201 nec
1616 1168 1683 1216 ope
1719 1155 1843 1199 ullius
1865 1155 2014 1215 ingenii
2037 1152 2323 1215 humanifieri
2339 1153 2495 1214 pfftnt
2527 1166 2538 1217 4

375 1215 657 1276 praestantior
657 1233 698 1263 a.
2537 1247 2540 1258 ·

452 1280 525 1326 Ad
548 1281 625 1327 l1b.
649 1297 718 1329 vt
750 1287 858 1344 536
893 1284 947 1330 Iri
976 1282 1235 1359 descriptione
1261 1296 1420 1346 pugnae
1443 1284 1727 1345 Lapitharum
1761 1299 1850 1331 cum
1873 1285 2093 1331 Centauris
2125 1284 2407 1329 inventionum
2437 1298 2490 1330 co·
2533 1286 2538 1346 f

376 1348 484 1407 pia,
520 1346 787 1408 &sermonis
811 1349 930 1394 nitidi
958 1365 1008 1395 ce
1016 1366 1060 1395 er
1061 1360 1164 1396 itate
1175 1352 1236 1412 sei
1228 1367 1256 1410 J
1256 1348 1355 1411 suri
1373 1353 1605 1410 superavit.
2535 1355 2537 1360 ’

450 1411 526 1457 Ad
553 1411 632 1458 lib.
659 1428 738 1459 XI
762 1427 838 1471 42.
874 1415 1059 1460 Ovidius
1093 1431 1217 1460 verus
1240 1415 1399 1460 Phoebi
1431 1418 1542 1473 olor,
1577 1431 1652 1477 quo
1677 1430 1790 1461 nemo
1802 1414 2014 1478 suavius
2048 1413 2103 1466 &³
2139 1416 2216 1473 (ut
2239 1416 2302 1459 ita
2328 1403 2497 1480 loquar}

384 1479 701 1539 penetlantius
737 1495 932 1552 umquam
971 1479 1202 1553 infortunia
1222 1480 1306 1542 sua
1339 1482 1415 1526 vel
1447 1483 1583 1527 alienu
1606 1480 1812 1542 dequestus
1834 1479 1902 1540 ιβ.
1974 1480 2034 1525 Et
2058 1482 2164 1537 omni
2195 1479 2328 1538 lapide
2362 1480 2498 1526 durior
2534 1531 2535 1534 Ἰ

376 1541 474 1603 fuit
500 1543 677 1605 Augusti
711 1546 903 1603 animus,
937 1549 1037 1607 qui,
1059 1549 1102 1607 st
1087 1562 1206 1592 cnon
1228 1548 1354 1606 plane
1377 1547 1623 1604 condonare,
1660 1546 1767 1607 quod
1793 1549 1933 1607 utique
1958 1544 2013 1596 &³
2038 1554 2206 1604 poterat
2232 1543 2286 1596 {9³
2309 1540 2522 1605 debebat,

386 1609 574 1666 cultram,
610 1620 818 1654 remittere
850 1620 989 1655 tamen
1019 1613 1148 1670 exstit
1169 1614 1435 1659 atrocitatem
1456 1627 1533 1659 uno
1558 1612 1682 1660 verbo
1704 1611 1875 1688 debebat
1896 1611 2098 1671 illiquenti
2122 1619 2212 1654 tam
2237 1611 2417 1670 ingenuis
2438 1610 2501 1674 la?

383 1675 701 1719 mentationibus
720 1684 766 1719 ta
772 1685 837 1720 ito
857 1678 1024 1737 ingenio.
2478 1694 2481 1697 ·

453 1736 572 1784 lbid
596 1753 709 1798 400.
744 1741 888 1803 Longa
908 1743 1019 1803 serie
1047 1756 1111 1787 res
1133 1742 1193 1788 ibi
1211 1751 1443 1802 narratur,
1477 1745 1587 1803 vers
1572 1742 1661 1788 bus
1678 1742 1803 1802 plane
1827 1737 2058 1805 Musarum
2080 1734 2499 1801 manuscriptis&

384 1818 451 1850 ore
475 1805 679 1850 canendis.
2478 1805 2502 1836 ι)

453 1867 581 1914 Idem
608 1867 797 1916 Advers.
827 1887 888 1916 [ιν
898 1887 970 1917 111
995 1887 1095 1935 cap.
1123 1888 1188 1918 1x.
1226 1872 1361 1918 Dicit
1384 1873 1623 1934 universum
1645 1871 1731 1933 ejus
1751 1883 1846 1930 opus
1883 1865 2374 1944 (Metamorphoseon)
2399 1855 2511 1941 inge}

384 1934 499 1979 nium
517 1937 655 1994 potius
680 1933 833 1996 referre
855 1953 978 1997 quam
1003 1953 1173 1996 curam,
1210 1954 1285 1999 quo
1305 1937 1387 2000 ipso
1409 1940 1519 2000 longe
1543 1938 1725 1984 Marone
1748 1935 1801 1995 est
1824 1934 1908 1997 inf
1911 1937 2009 1980 rior
2058 1933 2182 1978 Vide
2209 1932 2395 1995 reliqua.

453 1999 698 2046 Manutius
719 1999 771 2046 ad
798 2000 951 2047 C1ce1⁴.
977 2000 1053 2047 lib
1081 2018 1143 2047 ιν.
1169 2004 1216 2047 in
1242 2002 1376 2048 Verr
1402 2019 1502 2064 cap.
1528 2002 1606 2061 48.
1642 2001 1976 2062 Elegantiffimus
1999 1999 2166 2056 Poeta,
2200 2000 2303 2045 nulli
2322 2003 2513 2057 veterum

385 2079 428 2108 a
428 2073 462 2108 tt
485 2067 667 2126 ingenio,
703 2077 779 2111 aut
802 2068 989 2113 aroanna
1010 2069 1241 2125 concedens,
1277 2070 1387 2116 mira
1410 2069 1619 2113 brevitate
1641 2068 1727 2112 dixi
1733 2077 1750 2110 t
1803 2064 1894 2111 δίς.
2528 2091 2529 2094 =

451 2129 631 2192 Tanaq.
656 2130 804 2176 Fabe1
823 2131 901 2176 lib.
932 2146 971 2177 1.
996 2131 1144 2194 Epist
1172 2147 1245 2192 37.
1282 2133 1368 2178 Uo
1363 2149 1444 2193 que
1475 2134 1693 2195 ingeniosus
1720 2130 1774 2191 est
1795 2128 2128 2189 Ovidius,quod
2144 2142 2257 2172 nemo
2281 2120 2524 2250 umquam}

386 2195 464 2253 nisi
498 2195 569 2254 qui
601 2193 680 2255 ipse
699 2197 920 2256 ingeniosus
941 2213 1018 2243 non
1042 2198 1163 2258 cff’t,
1198 2200 1382 2259 negavit.
1453 2199 1613 2259 Ubique
1633 2199 1772 2242 doctus
1792 2195 1845 2255 est
1869 2195 2082 2249 Ovidius,
2117 2192 2164 2236 de
2182 2208 2257 2252 quo
2278 2208 2354 2237 noi
2377 2208 2460 2239 min

387 2257 501 2318 apud
529 2273 664 2304 omnes
696 2259 877 2320 constat?
900 2261 981 2323 sed
1006 2262 1124 2308 haud
1143 2265 1329 2324 equidem
1337 2263 1454 2323 scie,
1488 2279 1543 2307 an
1566 2263 1669 2307 alibi
1692 2261 1845 2305 doctior
1851 2263 1895 2318 s
1879 2269 1914 2304 t
1940 2258 1993 2309 &²
2017 2260 2282 2319 ingeniosior,
2316 2273 2476 2318 quami

376 2321 552 2385 secundo
586 2323 794 2383 trist¹ium3
832 2342 954 2387 neque
986 2329 1085 2373 adeo
1120 2331 1272 2374 mirum
1298 2326 1380 2387 ιβ,
1417 2327 1581 2388 causam
1602 2326 1731 2388 suam
1764 2324 1877 2384 apud
1896 2323 2129 2385 Augustum
2166 2328 2342 2384 agebat,
2378 2323 2505 2369 Pri

385 2389 515 2448 cipem
538 2387 726 2447 doctum,
760 2389 996 2451 Principem
1019 2393 1211 2438 Poetam
2484 2390 2502 2422 *

461 2451 588 2498 Idem
616 2452 762 2516 Epist.
792 2470 927 2501 LXXI
962 2458 1100 2502 Haud
1119 2458 1300 2518 equidem
1320 2456 1431 2517 scio,
1453 2460 1563 2516 stne
1588 2455 1786 2514 aliquid
1770 2470 1813 2499 in
1838 2464 1920 2499 toto
1946 2455 2102 2511 Latio,
2138 2453 2245 2513 qlod
2264 2452 2523 2515 elegantius}

391 2516 446 2569 Θ
481 2519 716 2579 ingeniosus
738 2518 944 2580 scriptum
974 2522 1028 2565 ab
1060 2523 1139 2566 ullo
1167 2523 1303 2567 Poeta
1330 2521 1498 2582 fuerit,
1534 2536 1657 2581 quarn
1692 2519 1836 2580 elegia
1873 2516 2159 2565 ‹>&avalib1⁴1
2192 2532 2262 2562 11.
2286 2517 2501 2564 Ροηῖίεοΰ

390 2597 522 2637 rum·
558 2585 621 2627 ita
645 2583 750 2645 sunt
781 2584 841 2629 ibi
870 2587 1006 2631 omnia
1028 2585 1168 2648 tersa,
1202 2589 1265 2632 ita
1298 2590 1434 2634 omnia
1458 2588 1587 2632 varia
1610 2585 1663 2638 ὅθ
1689 2577 1912 2640 πιλνπιθή
1928 2617 1942 2642 ,
1979 2604 2049 2642 εφη
2080 2583 2241 2635 πείσεις
2266 2573 2387 2634 ideas
2412 2578 2507 2630 mr&

391 2648 628 2716 γλαφυρόν
653 2650 825 2711 mimum

460 2713 677 2760 Morhof.
716 2714 773 2759 de
804 2715 1109 2762 Patavinitate
1135 2716 1329 2763 Liviana
1356 2733 1457 2781 cap.
1476 2733 1518 2762 v.
1555 2717 1664 2764 Sunt
1698 2717 1911 2775 nonnulli,
1943 2718 2015 2777 qui
2046 2715 2186 2761 eadem
2218 2715 2376 2775 injuria
2399 2711 2500 2759 Ovs}

389 2779 435 2826 di
423 2795 504 2824 ⁷um
538 2778 754 2838 afficiunt,
789 2791 835 2826 ut
871 2784 915 2827 in
946 2783 1254 2829 narrationibus
1284 2786 1490 2843 prolixum
1525 2782 1579 2833 ἐξ
1614 2782 1880 2828 declamatori
1883 2785 1916 2827 is
1936 2783 2111 2843 argutiis
2131 2781 2430 2842 indulgentem,
2458 2781 2500 2835 at·
2533 2816 2536 2844 3

380 2843 504 2905 ficere
524 2861 601 2891 non
623 2847 732 2891 inter
753 2856 910 2892 veteres
933 2856 1098 2892 tantuin
1113 2879 1128 2904 ,
1151 2847 1231 2908 sed
1255 2849 1308 2900 {9³
1335 2851 1444 2894 inter
1465 2850 1727 2905 recentiores,
1761 2850 1830 2907 qui
1852 2847 1924 2891 hoc
1941 2849 2059 2892 illum
2080 2847 2230 2890 cavillo
2243 2844 2436 2905 feriunt,
2463 2841 2501 2889 isit

392 2910 535 2980 quihus
564 2911 614 2957 V
609 2912 767 2970 azaffb
770 2927 841 2955 ⁴em
876 2914 1061 2970 reperiri
1070 2913 1256 2974 indignor
1267 2912 1388 2975 sane.
1458 2914 1579 2958 Nam
1604 2914 1708 2974 quod
1732 2911 1942 2957 Barthius
1965 2921 2061 2956 ante
2085 2909 2213 2972 ipsum
2233 2910 2336 2954 idem
2362 2918 2527 2970 quoque

392 2974 435 3017 in
460 2973 619 3019 Ovidio
641 2974 922 3034 remchendit,
956 2991 1032 3032 non
1058 2992 1144 3021 mor
1147 2993 1215 3022 or
1205 2989 1325 3034 ,erat
1347 2981 1511 3032 mininie
1533 2977 1635 3037 [lar
1637 2993 1706 3023 um
1730 2993 1867 3022 rerum
1890 2977 2053 3022 idoneus
2061 2976 2222 3035 Judex
2256 2975 2366 3036 longe
2387 2973 2438 3019 ab
2454 2968 2501 3016 il·

392 3038 444 3082 lis
467 3040 659 3099 elegantii
660 3056 674 3084 s
699 3041 897 3099 limotus,
933 3043 1072 3102 quales
1099 3044 1142 3087 in
1165 3043 1324 3088 Ovidio
1358 3042 1703 3103 deprehendimus.
1772 3043 1843 3089 Ab
1868 3042 1948 3087 hac
1979 3057 2027 3086 v
2014 3055 2106 3084 ero
2099 3041 2255 3100 nJuria
2279 3042 2397 3085 illum
2415 3036 2503 3081 vin·
2534 3052 2538 3058 ·

392 3103 554 3148 dicavit
580 3104 727 3164 deins
728 3120 803 3163 us
838 3115 886 3151 ut
910 3122 986 3151 non
1009 3105 1093 3168 fita
1127 3117 1320 3167 tantum,
1343 3108 1424 3170 fi>d
1446 3109 1639 3168 Mureti,
1675 3105 1847 3169 Josphi
1885 3106 2081 3166 Scaligeri
2107 3104 2162 3156 δέ
2187 3104 2338 3164 Julii
2353 3098 2533 3148 actoris

384 3170 525 3228 patris
548 3138 803 3228 sententia,
821 3176 891 3231 qu'
928 3182 1128 3233 tanquam
1158 3173 1385 3235 abfiilutum
1427 3174 1480 3226 [9⁹
1511 3176 1619 3220 omni
1652 3190 1702 3219 ex
1721 3184 1846 3232 parte
1859 3169 2086 3232 perfectum
2109 3170 2269 3215 dicendi
2290 3166 2505 3225 exemplum

386 3235 719 3345 comhmendavit,
745 3237 890 3299 prodig
889 3239 927 3282 u·
948 3237 1107 3298 instar,
1140 3241 1230 3286 ovis
1251 3255 1301 3286 ac
1340 3238 1510 3301 ulphure
1531 3239 1760 3303 lustrandos
1781 3235 2009 3299 existimet,
2032 3236 2103 3296 qui
2123 3235 2283 3282 auctori
2305 3227 2506 3399 taniggf':

390 3306 458 3343 tra
492 3309 604 3346 eterit
