2547 3708
882 114 905 170 1
1049 110 1096 168 Β

1245 110 1466 169 1‘5.

463 217 591 274 Fata
613 227 766 273 canet
796 211 960 279 Vates
984 211 1080 283 qui
1106 221 1222 272 tua,
1259 208 1426 273 dixit,
1465 209 1586 264 erit.

391 292 481 348 Ille
509 309 613 363 ego
639 291 753 344 sum
780 288 971 348 Vates,
1008 301 1077 338 ex
1101 300 1188 337 nie
1213 293 1302 336 tua
1327 283 1542 336 vulnera
1569 281 1770 346 disces,

250 385 359 437 250
416 394 430 411 ι·
468 364 617 419 Dent
642 361 809 417 modo
837 359 911 414 Di
936 357 1073 411 vires
1098 355 1153 409 in
1182 372 1300 409 mea
1323 354 1486 408 verba
1506 354 1632 408 suas.

391 436 835 506 Carminibusque
859 430 991 485 meis
1014 427 1271 482 accedant
1296 425 1537 498 pondera
1562 442 1772 490 rerum,

469 511 624 584 Quae
650 520 757 562 rata
783 521 877 576 per
901 501 1069 557 1u6tus
1094 500 1368 573 experiere
1395 513 1532 555 tuOS.

394 586 547 642 Neve
575 582 679 636 sine
708 577 961 648 exemplis
982 573 1098 629 aevi
1120 573 1348 628 moriare
1376 573 1594 645 prioris,

467 657 581 711 Sint
610 667 701 706 tua
728 649 978 720 Trojanis
1002 663 1113 702 non
1138 647 1339 700 leviora
1370 646 1532 700 malis,

242 754 277 786 2
285 751 348 800 55
390 732 709 803 Quantaque
733 723 984 793 clavigeri
1011 717 1563 785 PaeantiusHerculis
1586 718 1763 781 here8‚

456 801 634 855 Tanta
656 809 919 852 venenato
944 793 1160 849 vulnera
1185 808 1342 846 crure
1365 807 1530 861 geras.
1764 847 1767 849 ,

389 875 507 930 Nec
534 871 699 926 levius
733 869 940 939 doleaS,
978 883 1139 940 quam
1169 864 1263 937 qui
1288 864 1422 917 bibit
1446 862 1608 916 ubera
1634 879 1848 926 cervae,

462 942 780 1015 Armatique
810 940 929 996 tulit
958 940 1178 1004 vulnu3‚
1213 936 1427 994 inermis
1451 951 1630 1008 opem.
1836 956 1842 964 ·

155 1170 240 1219 248.
266 1170 371 1207 Parta
382 1164 526 1216 υκαι]
555 1162 862 1211 Emenda,fata,
877 1160 1134 1201 Comana-,¹

99 1224 164 1273 qui
180 1222 245 1262 tibi
270 1220 338 1258 Ms.
356 1217 488 1257 Bersm.
517 1260 520 1263 ,
867 1265 873 1271 ¹
1081 1265 1089 1272 ι

152 1285 236 1321 249.
259 1277 313 1309 Ex
329 1283 382 1308 me
403 1281 467 1307 tua
490 1267 637 1306 vulnera
659 1265 800 1316 discen]
829 1263 940 1321 Liber
957 1264 1131 1303 Maffeia-

97 1335 176 1364 iius.
201 1333 260 1374 per
274 1319 337 1360 nie.
360 1318 519 1359 Fortasse
534 1331 613 1357 non
632 1319 738 1358 male.
766 1316 954 1355 Martialis.
970 1327 1056 1355 xiv.
1070 1325 1129 1363 73.

151 1405 220 1436 Hoc
238 1397 341 1435 didici
352 1405 411 1445 per
429 1409 481 1433 me
502 1394 610 1432 dicere
628 1422 640 1439 ,
669 1395 798 1443 Caesar
808 1406 887 1433 ave.

98 1472 267 1512 Crofm.
294 1471 362 1509 Sed
382 1472 419 1510 &
443 1470 570 1519 Virgil.
590 1479 662 1506 xit.
676 1478 762 1516 43¹5.
788 1467 887 1516 Disce
899 1475 985 1515 puer
1007 1465 1125 1504 virtu-

95 1535 174 1562 tum
202 1536 243 1560 ex
269 1536 333 1560 me.
359 1532 395 1560 at
416 1524 451 1560 in
476 1520 651 1559 Martialis
669 1519 755 1556 loco
777 1528 837 1568 per
865 1531 918 1555 me
945 1517 993 1555 est
1013 1544 1023 1561 ,
1051 1517 1125 1573 ipse

95 1573 172 1612 fine
202 1574 369 1621 magistro
399 1572 534 1616 didici,
573 1580 612 1609 ut
629 1580 688 1618 per
699 1568 845 1618 J'e'bella
853 1582 989 1617 gerere,
1025 1569 1124 1605 &11-

95 1624 208 1662 milia.
245 1624 372 1661 Biinm.

144 1687 227 1723 249.
256 1672 442 1723 Vulnera.]
472 1680 607 1712 Funera
641 1671 717 1709 duo
745 1670 921 1708 Veteres:
951 1670 1011 1714 &,
1040 1674 1124 1706 Vota

92 1736 182 1764 mox
204 1737 269 1774 pro
291 1726 396 1761 verba
413 1737 502 1762 unus
524 1725 648 1761 Patav.
669 1723 811 1760 Hnms.

141 1788 225 1826 251.
251 1776 430 1814 Accedant
446 1777 599 1826 pondera
611 1772 765 1822 rerum]
793 1772 851 1811 Sic
862 1771 1125 1821 elegantiffime

91 1826 262 1876 Papinius
279 1828 323 1865 de
345 1828 459 1874 Jove:

313 1901 431 1933 Grave
448 1906 491 1934 (9·
511 1893 731 1932 immutabile
743 1892 878 1941 sanb'lis

140 1947 278 1984 Pondus
297 1947 388 1993 adest
406 1945 542 1990 verbis,
571 1957 613 1985 ω’
634 1957 750 1982 vocem
763 1947 848 1991 fata
863 1942 1073 1994 sequuntur.

90 2015 264 2056 SALVAG.

137 2087 221 2122 252.
248 2075 450 2122 gExperiere.
472 2073 488 2122 'l
537 2075 722 2122 Experiare
764 2074 948 2112 meliores.
993 2069 1120 2109 malim

91 2125 199 2164 etiam
217 2152 227 2169 ,
256 2137 320 2172 quo
342 2125 529 2173 experiere,
557 2137 623 2173 pro
645 2139 744 2174 quae.
771 2126 916 2160 Heius.

139 2186 227 2225 2154.
253 2175 330 2212 Sint
369 2186 431 2212 tua
469 2174 668 2224 mojana]
708 2174 808 2210 Vota
835 2173 894 2210 sua
926 2168 1120 2224 orditura

89 2225 345 2274 Trojanorum
377 2225 639 2264 calamitatibus
663 2253 674 2270 ,
710 2235 805 2274 quae
831 2223 1061 2261 recensentur
1081 2231 1120 2256 in

87 2277 201 2317 Iliade
222 2277 423 2314 Homerica
444 2304 455 2321 ,
482 2277 604 2313 omnis
626 2277 807 2313 malorum
827 2273 968 2322 generis
990 2272 1117 2320 plena;

90 2328 188 2366 unde
211 2328 346 2365 facium
369 2328 606 2365 Proverbium
619 2326 791 2364 malorum
807 2325 910 2366 ilias,
937 2335 1013 2372 quo
1025 2321 1122 2358 Tul-

87 2378 155 2416 lius
175 2378 253 2416 usus
273 2378 319 2415 est
331 2377 438 2426 Epist.
450 2389 547 2416 xvir.
573 2379 634 2416 lib.
657 2389 743 2414 viri.
781 2375 826 2413 ad
849 2375 1031 2412 Atticum.
1059 2371 1120 2429 In-

89 2428 208 2478 deque
231 2428 523 2476 Tragoediarum
552 2438 766 2477 argumenta
786 2426 928 2474 sumpta
943 2452 955 2471 ,
979 2434 1019 2462 ut
1037 2423 1118 2460 scri-

89 2478 141 2517 bit
163 2479 369 2517 Aristoteles
380 2480 416 2516 in
428 2478 592 2517 Po'e'tica.
620 2480 820 2516 SALVAGN.

140 2542 222 2578 255.
251 2533 469 2580 §Quantaque
487 2529 649 2578 clavigeri
670 2528 858 2566 Paeamius
886 2525 1040 2564 Herculis
1060 2523 1117 2561 he·

92 2580 177 2630 res.]
209 2581 423 2618 Philoctetes
439 2609 448 2624 ,
478 2578 569 2617 filius
583 2581 747 2617 Paeantis
761 2607 771 2622 ,
799 2579 955 2627 armiger
973 2578 1118 2614 Hercu-

91 2630 153 2674 lis3
182 2633 238 2668 cui
261 2632 435 2669 Hercules
449 2633 618 2669 *moriens
640 2632 677 2668 in
698 2631 796 2679 Oeta
815 2637 946 2667 monte
968 2627 1118 2666 manda-

94 2681 169 2724 vit,
196 2689 234 2718 ut
254 2682 390 2730 sagittas
408 2682 483 2719 suas
501 2683 537 2720 in
563 2684 714 2719 Lemno
733 2681 979 2718 absconderet.
1013 2679 1116 2715 Con-

93 2731 175 2778 tigit
201 2738 320 2768 autem
353 2732 570 2771 Philoctetes
592 2733 636 2770 ad
656 2732 814 2781 Trojam
845 2728 981 2768 venisse
1004 2743 1015 2773 3
1055 2728 1116 2766 ubi

94 2793 178 2818 cuin
201 2779 244 2817 de
262 2780 564 2828 sagittisHerculis
577 2793 832 2832 quaereretur,
861 2782 1002 2828 (fatum
1015 2780 1114 2816 enim

91 2833 228 2872 fuerat,
259 2831 325 2867 nisi
350 2831 553 2871 interessent
580 2835 747 2883 sagittae,
777 2833 937 2881 Trojam
961 2832 1118 2877 inexpu-

91 2882 272 2932 gnabilem
304 2880 385 2918 fore
403 2882 417 2926 )
452 2883 667 2922 Philoctetes
687 2912 697 2929 ,
724 2885 809 2933 quia
829 2885 906 2932 ejus
927 2891 1118 2930 cognove-

92 2943 170 2971 rant
191 2932 425 2980 Armigerum
442 2959 452 2975 ,
478 2932 615 2980 sagittas
635 2947 808 2983 quaerere
829 2943 1042 2981 coegerunt.
1071 2931 1118 2968 Il-

91 2984 127 3022 le
174 2991 295 3021 autein
341 2982 428 3019 dum
460 2981 600 3030 sagittas
634 2995 852 3029 quaereret,
890 2995 962 3021 una
991 2994 1115 3020 earum

91 3035 219 3072 toxico
238 3031 397 3076 imbuta,
426 3043 526 3070 crure
539 3033 715 3081 percuffiis
733 3036 958 3083 gravissimos
980 3033 1115 3070 crucia>

92 3094 147 3123 tus
166 3084 309 3133 pertulit
328 3084 365 3121 in
398 3083 548 3120 Lemno
570 3083 703 3128 insula,
730 3086 789 3122 ubi
821 3084 969 3124 curandi
992 3084 1119 3121 vulne-

93 3137 139 3174 ris
156 3134 255 3172 causa
279 3145 416 3171 novem
451 3146 565 3171 annos
597 3143 849 3173 commoratus
882 3136 929 3174 est
950 3163 961 3180 ‚
998 3134 1120 3172 donec

94 3196 190 3225 anno
212 3186 362 3225 decimo
393 3184 525 3234 Viyffis
553 3185 747 3224 admonitu
772 3184 930 3235 Trojam
960 3184 1121 3225 reversus

2083 1006 2225 1083 Quin]

1187 1157 1292 1196 rediit
1316 1160 1326 1200 ‚'
1370 1168 1447 1206 quo
1475 1156 1619 1195 reverso
1648 1167 1732 1195 cum
1760 1157 1892 1205 sagittis
1915 1157 2083 1196 Herculis
2103 1155 2225 1207 Troja‘

1187 1215 1393 1256 expugnata
1414 1208 1475 1246 est.
1527 1207 1767 1247 tammus.
1794 1208 2021 1254 Philocteta,
2049 1210 2107 1247 cui
2125 1210 2225 1247 Her-

1187 1259 1307 1304 cules,
1334 1258 1438 1308 quod
1457 1270 1585 1308 pyram
1605 1257 1845 1303 accendisset,
1872 1258 1948 1297 suas
1979 1260 2118 1308 sagittas
2140 1259 2227 1301 reli-z

1186 1311 1285 1360 quit:
1316 1309 1506 1358 videquae
1517 1309 1649 1358 collegi
1666 1311 1702 1347 in
1724 1310 1901 1348 observat.
1916 1309 1977 1347 lib.
2000 1322 2052 1347 ix.
2075 1311 2113 1348 &
2133 1313 2226 1348 xm..

1187 1359 1551 1409 Metamorphoseos.
1608 1361 1777 1398 Cioran.
1815 1360 2124 1409 Sequentibussex
2138 1371 2223 1398 ver-

1187 1411 1280 1450 sibus
1316 1411 1407 1449 Ibidi
1436 1411 1600 1449 summos
1642 1413 1751 1450 cruris
1789 1412 1936 1449 dolores
1975 1412 2226 1460 imprecatur,

1186 1464 1318 1509 quibus
1337 1461 1458 1500 affeeti
1478 1462 1558 1501 sunt
1574 1472 1644 1500 tres
1665 1463 1788 1510 magni
1809 1462 1970 1500 nominis
1984 1462 2077 1511 apud
2088 1463 2222 1500 Poetas

1182 1514 1296 1560 Viri,
1332 1512 1554 1551 Philoctetes
1577 1541 1588 1557 ,
1623 1513 1813 1562 Telephus
1834 1541 1849 1557 ,
1874 1513 2132 1562 Bellerophon.
2186 1512 2222 1550 Is
2297 1538 2300 1543 .

1184 1567 1282 1602 enim
1298 1594 1308 1610 ,
1337 1577 1449 1614 quem
1472 1565 1632 1613 primum
1660 1565 1852 1602 nominavi
1874 1591 1885 1608 ,
1923 1565 2083 1601 Paeantis
2104 1564 2221 1607 filius,

1182 1615 1271 1654 dum
1293 1628 1390 1654 aram
1416 1616 1611 1653 Minervae
1631 1625 1723 1652 terra
1744 1615 1913 1653 obrutam
1936 1615 1972 1652 in
1998 1615 2147 1652 Lemno
2160 1614 2222 1652 In—

1179 1666 1250 1703 sula
1270 1667 1442 1714 vestigat,
1470 1666 1642 1714 serpentis
1661 1667 1783 1703 morsu
1810 1668 1909 1703 tetris
1930 1665 2146 1703 cruciatibus
2166 1667 2222 1703 as-

1181 1717 1294 1756 flletus
1319 1718 1389 1762 est,
1417 1717 1571 1754 aut-hore
1584 1718 1758 1754 Homero
1781 1716 1882 1754 Iliad.
1918 1717 2005 1758 B.)<'s.
2024 1726 2112 1763 722.
2138 1727 2218 1765 quo

1178 1767 1254 1806 fine
1288 1768 1402 1806 dubio
1423 1767 1537 1805 allusit
1566 1768 1736 1805 Ovidius.
1789 1767 1906 1815 Quod
1936 1766 2087 1816 quidem
2118 1768 2221 1805 uicus

1178 1820 1379 1867 Sophocles
1399 1820 1437 1857 in
1459 1819 1662 1856 Philoffi'tete
1677 1818 1863 1862 describit,
1892 1816 2215 1867 quemadmodum

1180 1871 1321 1908 Medici
1350 1880 1567 1920 gangraenas
1606 1870 1644 1907 &
1673 1867 2030 1915 Φκγοδαινικῑιὲλκη.
2084 1861 2218 1906 Theo·
2245 1896 2248 1897 γ
2328 1884 2331 1891 ·

1181 1922 1288 1959 critus
1313 1921 1350 1958 in
1371 1922 1520 1958 obscura
1550 1920 1626 1957 Ara
1644 1920 1887 1956 Phiioeterem
1911 1920 1954 1955 ab
1976 1929 2094 1966 angue
2114 1929 2220 1965 mor-¹

1178 1971 1258 2009 sum
1283 1972 1354 2014 ait,
1382 1982 1468 2008 cum
1487 1970 1714 2017 sepulchrum
1737 1969 1860 2006 Troili
1881 1968 2216 2015 contemplaretur,

1178 2021 1282 2070 quod
1302 2022 1339 2057 in
1351 2020 1517 2067 Templo
1529 2019 1712 2067 Apollinis
1735 2018 1967 2066 Thymbraei
1985 2027 2072 2054 erat.
2115 2020 2215 2057 Rem

1178 2071 1345 2109 aliialiter
1355 2077 1521 2112 narrant;
1542 2080 1628 2107 nam
1642 2070 1679 2105 &
1690 2068 2067 2112 Theodeetesffloera
2079 2067 2216 2117 Tragi-

1179 2133 1263 2165 cus‚
1290 2120 1554 2169 quinquaginta
1565 2118 1692 2156 fabulis
1710 2118 1939 2160 nobilitatus,
1968 2118 2215 2158 Philoc'tetem

1177 2182 1254 2208 non
1274 2171 1310 2207 in
1334 2181 1435 2207 crure
1456 2197 1466 2213 ‚
1501 2177 1564 2207 aut
1584 2168 1676 2216 pede
1699 2195 1709 2212 ,
1744 2168 1802 2206 sed
1823 2170 1859 2206 in
1881 2180 1992 2207 manu
2014 2167 2215 2218 aserpente

1178 2221 1340 2258 morsum
1364 2219 1542 2268 prodidit;
1570 2219 1672 2257 illurn
1695 2219 1793 2257 enim
1815 2219 1943 2257 misere
1965 2220 2155 2258 dolentem
2173 2222 2214 2260 &

1175 2272 1252 2321 post
1277 2271 1430 2309 multam
1449 2271 1680 2308 tolerantiam
1699 2269 2030 2309 incrudescentibus
2059 2272 2212 2311 tandem

1176 2323 1363 2360 doloribus
1384 2322 1651 2360 exclamantem
1677 2321 1908 2359 introduxit:
1941 2321 2117 2358 Κόπτετε
2147 2327 2214 2365 ’τῆν

1177 2373 1262 2416 §iufra
1282 2374 1414 2419 χεῖρα,
1441 2372 1629 2420 abscindite
1661 2371 1751 2409 mihi
1778 2385 1924 2410 manum
1945 2400 1955 2416 ‚
1984 2381 2024 2410 ut
2046 2372 2212 2421 flspafius

1176 2425 1212 2461 in
1234 2423 1436 2461 Aristotelis
1456 2423 1606 2466 Ethica,
1642 2422 1776 2461 lib.vxi.
1803 2435 1880 2471 cap.
1891 2432 1929 2470 7.
1955 2422 2212 2471 scriptuufireq

1173 2474 1294 2524 liquit.
1347 2474 1438 2512 Sunt
1461 2475 1524 2523 qui
1557 2473 1801 2511 Philoetetem
1816 2502 1826 2518 ,
1855 2474 1892 2511 in
1913 2472 2028 2511 Insula
2050 2474 2214 2523 Chrysa,

1174 2537 1268 2575 quae
1280 2525 1430 2563 Lemno
1441 2525 1560 2562 vicina
1579 2534 1653 2562 erat
1667 2524 1730 2569 ,ab
1752 2524 1828 2562 ictu
1846 2524 2016 2573 serpentis
2033 2524 2208 2564 laborasse

1173 2577 1330 2614 tradunt.
1385 2576 1498 2624 Cujus
1528 2575 1726 2612 sententiae
1748 2575 1815 2612 fuit
1844 2575 1969 2613 Strabo
1988 2575 2026 2613 in
2056 2576 2212 2615 Arcadi-

1174 2629 1236 2665 cis.
1292 2628 1386 2664 Item
1424 2626 1632 2663 Stlioliastes
1661 2626 1852 2674 Sophoclis
1884 2626 2008 2663 urbem
2027 2625 2208 2674 Chrysam

1172 2690 1284 2726 penes
1307 2679 1493 2715 Lemnum
1516 2688 1728 2714 memorans
1750 2704 1760 2720 ,
1789 2677 1833 2715 ad
1851 2687 1962 2726 quam
1986 2676 2208 2717 Philoctetes

1173 2728 1193 2766 a
1212 2729 1377 2777 serpente
1399 2726 1538 2765 morsus
1565 2728 1612 2765 est
1636 2756 1645 2771 ‚
1684 2729 1798 2764 Aram
1831 2738 2008 2776 quaerens
2031 2756 2040 2770 ‚
2076 2729 2113 2766 in
2135 2740 2209 2778 qua

1175 2780 1352 2817 Hercules
1381 2777 1671 2821 sacrificaverat,
1708 2789 1791 2815 cum
1821 2779 1857 2815 in
1890 2778 2078 2826 Trojanos
2106 2791 2208 2817 arma

1174 2831 1336 2868 duceret.
1388 2829 1567 2866 Meminit
1599 2830 1636 2866 ὃς
1674 2827 1836 2875 Chrysae
1872 2829 2027 2866 Lemno-
2056 2831 2210 2878 propin-

1172 2893 1267 2930 quae
1318 2879 1522 2918 Eustathius
1559 2879 1594 2916 in
1631 2878 1728 2917 lliad.
1749 2881 1795 2916 A.
1833 2879 2076 2928 Eandemque
2111 2882 2209 2919 insu-

1170 2932 1243 2969 lam
1262 2931 1358 2970 aestu
1386 2931 1492 2968 maris
1514 2930 1686 2968 abolitam
1718 2931 1766 2968 ait
1791 2930 1929 2968 Strabo.
1983 2931 2097 2979 Quod
2120 2943 2207 2968 cum

1172 2982 1362 3020 Salmasius
1387 2994 1462 3019 non
1483 2979 1719 3025 observasset,
1747 2982 1844 3018 notis
1865 2981 1909 3019 ad
1929 2981 2084 3030 primam
2108 2983 2209 3019 &se-

1172 3035 1329 3070 cundam
1354 3035 1487 3075 Aram,
1515 3031 1744 3068 consid-enter
1763 3030 1900 3077 asserit,
1928 3033 2062 3069 nullam
2078 3032 2206 3069 urbem

1175 3083 1277 3121 fuisse
1304 3083 1464 3129 Chrysen
1496 3081 1644 3119 Lemno
1676 3083 1835 3119 vicinam
1858 3110 1868 3127 ‚
1903 3082 1962 3119 sed
1986 3090 2208 3130 promonto-

1176 3137 1270 3172 rium
1293 3142 1435 3172 tantum
1455 3133 1529 3169 hoc
1555 3134 1709 3170 nomine
1730 3132 1846 3181 prope
1868 3132 2121 3181 Hephaestiam
2148 3143 2208 3169 ur-

1177 3185 1262 3224 bem
1292 3185 1442 3223 Lemni.
1498 3183 1602 3222 Haec
1630 3192 1753 3221 autem
1777 3183 1913 3222 diversa
1939 3183 2006 3221 suit
2025 3180 2044 3219 a
2069 3182 2209 3271 Crtlirysa

1668 3234 1705 3270 H
2136 3235 2211 3272 roi·
