2547 3708
390 174 484 228 ιω
906 154 1966 233 DssnrcAT1oNEszf

385 286 477 335 que
504 267 730 318 librorum
753 269 980 332 margines
1004 267 1213 315 inanibus
1243 267 1378 332 nugis
1414 266 1694 330 impleantur
1706 277 1734 327 ,¹
1758 267 1955 332 pulchre
1986 267 2068 317 fibi
2094 271 2370 337 expositoris
2394 271 2497 328 ossi:
2538 266 2545 282 ²'

383 352 461 382 cio
488 335 636 383 funesti
660 334 746 381 effe
771 332 1011 391 videntur,
1047 348 1154 379 cum
1189 347 1303 395 quae
1337 332 1441 378 alias
1479 332 1713 394 perspicua
1743 332 1876 392 sunt,
1913 335 2161 383 verborum
2198 341 2492 392 multitudine

387 397 781 457 obscurentur,&
803 413 918 460 quae
938 396 1221 444 difficultatis
1241 396 1410 460 aliquid
1434 411 1541 459 prae
1564 396 1606 441 se
1629 394 1782 443 ferunt
1797 430 1812 455 ,
1847 411 1926 444 aut
1947 399 2154 461 perverse
2175 417 2491 468 exponantur,

385 479 466 513 aut
491 464 672 512 silentio
699 462 1011 509 involvantur.
1080 459 1230 520 Qod
1262 459 1294 507 fi
1328 460 1439 524 quid
1471 460 1656 506 illorum
1689 476 1915 523 operum,
1950 479 2065 526 quae
2096 467 2304 514 nondum
2331 468 2356 516 a
2379 487 2492 535 quof
2538 508 2539 520 ,

389 546 524 594 quam
549 529 735 576 fuerunt
760 540 992 586 enarrata,
1023 526 1124 584 isti,
1160 526 1425 572 nominibus
1458 540 1599 586 parco
1625 526 1914 586 viventium,
1949 527 2227 592 susciperent
2258 548 2491 597 exponen-

388 595 498 641 dum
513 629 527 654 ,
560 609 708 656 neque
735 591 809 637 sua
828 591 958 637 laude
986 590 1225 637 fraudandi
1247 591 1428 647 forent,
1452 590 1500 635 &
1520 601 1743 652 quantum
1771 590 1946 653 judicio
1969 593 2268 660 do&1·inaque
2290 596 2493 662 valeant,

388 659 520 706 facile
545 659 722 719 poffent
747 655 985 701 ostentare.
1056 657 1108 702 N
1115 671 1207 701 unc
1231 670 1340 701 vero
1367 655 1416 699 in
1437 666 1562 700 tanta
1588 653 1811 702 librorum
1846 658 1983 719 copia
2008 659 2059 705 iis
2093 659 2345 720 duntaxat,
2381 680 2492 727 quae
2543 653 2547 700 ἶ

385 724 561 771 ab'aliis
598 721 716 768 reste
740 721 1065 784 eleganterque
1091 719 1308 766 illustrata
1329 719 1545 778 fuerunt,
1576 719 1781 782 vulgaria
1809 721 2029 783 quaedam
2063 724 2356 788 adjicientes,
2382 730 2496 793 quid,
2542 731 2547 777 ζ,

387 788 510 834 aliud
537 786 859 850 assequuntur,
894 801 1031 848 quam
1058 785 1183 847 quod
1209 783 1251 830 se
1277 801 1373 830 non
1396 785 1635 847 imperitos
1660 784 1830 844 modo,
1863 785 1935 832 sed
1963 799 2101 834 vanos
2125 806 2312 853 quoque
2335 809 2386 839 ac
2422 793 2494 840 fu-'v
2542 798 2547 831 ἲ

389 852 488 898 tiles
519 865 673 914 aperte
702 848 1016 914 profitentur?
1052 849 1099 895 δί
1123 847 1235 894 dum
1264 849 1489 912 imperitis
1524 848 1691 895 eruditi
1726 849 1873 897 videri
1906 852 2100 912 volunt,
2137 868 2188 902 ut
2211 855 2495 919 Quintiliani
2536 871 2539 879 '

387 916 536 963 verbis
562 929 692 975 utar,
728 915 930 978 imperiti
954 913 1100 961 do&is
1123 912 1366 961 videntur?
1401 914 1506 977 Ego
1526 929 1635 960 vero
1658 913 1714 960 ab
1738 914 1930 962 istorum
1950 917 2203 965 ambitione
2224 921 2366 986 longe
2387 920 2492 971 alie-⁵

387 997 500 1041 nus,
525 997 670 1044 pauca
693 979 941 1026 admodum
970 995 1084 1043 quae
1109 979 1346 1025 necessaria
1379 979 1677 1037 videbantur,
1714 980 1760 1026 in
1777 981 2215 1046 Metamorphoseos
2238 981 2497 1050 expositiosf
2536 1034 2538 1040 ,

384 1062 486 1093 nem
515 1046 717 1103 deduxi,
751 1046 798 1090 in
829 1045 1074 1107 primisque
1109 1043 1224 1090 illud
1263 1044 1447 1103 curavi,
1484 1055 1537 1089 ut
1572 1043 1812 1107 complura
1847 1045 1977 1106 loca,
2011 1064 2125 1111 quae
2149 1049 2363 1098 falsorum
2388 1049 2493 1100 cor-2³

387 1111 618 1158 reffitorum
644 1110 903 1157 temeritate
924 1108 1103 1156 fuerant
1127 1109 1397 1173 depravata,
1433 1108 1807 1172 corrigerentur,
1833 1110 1881 1156 &
1903 1128 2019 1174 quae
2039 1114 2317 1176 ineptiarum
2343 1112 2493 1179 cujus-³

386 1176 488 1223 dam
518 1177 700 1241 peis-ime
723 1175 778 1221 dc
802 1188 894 1222 tam
919 1175 1109 1239 egregio
1134 1190 1274 1238 opere
1306 1174 1458 1220 meriti
1492 1173 1842 1237 interpositione
1866 1176 2145 1225 insulfiffime
2168 1180 2348 1228 fuerant
2371 1179 2497 1247 sepa-'J-

384 1253 509 1301 'rata,
545 1240 955 1299 connefiterentur,
991 1244 1141 1303 itaque
1163 1241 1319 1286 omnia
1340 1238 1716 1302 disponerentur,
1750 1253 1804 1286 ut
1829 1241 2005 1288 reddita
2029 1241 2112 1290 fibi
2133 1245 2219 1292 efi'e
2233 1247 2494 1295 Metamor-
2536 1239 2538 1263 ³

381 1305 536 1370 phosis
557 1306 650 1369 ipsa
670 1305 891 1353 videatur.
961 1306 1133 1367 Neque
1158 1304 1329 1351 diutius
1351 1306 1397 1350 in
1424 1305 1552 1350 variis
1582 1303 1861 1366 scriptorum
1885 1307 2184 1369 opinionibus
2212 1311 2494 1375 recensendis
2536 1333 2537 1365 γ

380 1370 477 1418 sum
502 1372 800 1429 immoratus,
822 1369 900 1416 ubi
929 1369 1184 1434 praesertim
1214 1370 1401 1430 poetam
1431 1367 1489 1414 fic
1518 1370 1596 1415 uni
1621 1368 1854 1417 addietum
1877 1372 1963 1418 effe
1990 1373 2323 1436 animadverti,
2357 1390 2410 1424 ut
2435 1383 2496 1425 ne'

380 1436 436 1483 ad
457 1436 559 1482 alias
583 1436 767 1498 quidem
791 1434 972 1481 alludat.
1010 1436 1058 1481 Si
1082 1451 1276 1498 namque
1298 1433 1452 1480 omnia
1474 1449 1775 1496 quaecunque
1796 1435 1852 1481 de
1867 1435 2019 1497 Jove,
2054 1439 2273 1500 Baccho,
2307 1435 2493 1489 Hercu-³
2536 1488 2537 1492 Ἰ

382 1500 455 1560 le,
490 1501 676 1548 Theseo
703 1498 886 1563 aliisque
903 1499 950 1547 δί
974 1499 1058 1546 diis
1084 1500 1131 1545 ἃ
1156 1500 1370 1546 heroibus
1392 1499 1589 1562 antiquis
1612 1498 1902 1560 scribuntur,
1936 1502 2143 1567 persequi
2171 1504 2399 1567 libuisset,
2434 1501 2493 1566 fi}

383 1567 452 1612 nis
486 1567 617 1631 operi
648 1567 861 1613 inventus
891 1581 986 1611 non
1012 1564 1177 1611 fuisset.
1249 1565 1424 1628 Neque
1462 1563 1638 1610 inficias
1668 1581 1725 1611 eo
1761 1566 1982 1613 nonnulla
2013 1567 2069 1614 ab
2091 1569 2269 1616 Ovidio
2294 1567 2493 1640 attingi,
2534 1595 2536 1612 ·

383 1646 499 1693 quae
523 1630 636 1677 mihi
668 1632 831 1693 ignota
855 1629 940 1676 esse
971 1630 1090 1676 nihil
1120 1628 1264 1693 pudet
1297 1630 1415 1676 inter
1436 1629 1763 1692 exponendum
1797 1629 1927 1677 fuisse
1950 1632 2230 1694 profeffum,
2265 1651 2372 1681 cum
2398 1637 2494 1701 prif·
2534 1638 2536 1661 ²

384 1695 560 1742 scarum
587 1696 841 1742 fabularum
874 1693 1047 1758 aliquid
1080 1695 1293 1758 ignorare
1326 1695 1444 1741 inter
1477 1695 1671 1743 virtutes
1703 1696 1995 1759 grammatici
2018 1695 2045 1742 a
2065 1697 2209 1745 Fabio
2243 1699 2493 1762 habeatur,

383 1759 433 1807 &
456 1760 512 1807 de
535 1761 586 1806 iis
609 1759 910 1823 scriptoribus
933 1775 1149 1824 perpauci
1174 1760 1423 1806 admodum
1451 1772 1612 1806 extent
1628 1794 1643 1819 ,
1678 1776 1791 1823 quos
1821 1760 2021 1810 Ovidius
2045 1760 2236 1810 seetatus
2257 1764 2344 1811 effe
2367 1765 2498 1812 vide-⁸
2532 1787 2534 1827 5

381 1836 486 1885 tur,
521 1838 575 1872 ut
603 1825 718 1871 mihi
744 1825 874 1871 venia
900 1824 1034 1871 facile
1055 1823 1201 1871 danda
1224 1826 1310 1884 fit,
1345 1823 1377 1871 s1
1405 1824 1623 1888 quaedam
1658 1826 1909 1871 inenarrata
1931 1826 2110 1890 reliqui.
2178 1828 2251 1875 Ut
2275 1831 2398 1876 enim
2421 1824 2492 1879 ni÷²
2532 1831 2534 1847 ³

384 1889 450 1936 hil
472 1889 594 1937 aliud
616 1889 770 1937 studiis
795 1888 1076 1951 profuerim,
1111 1889 1223 1936 illud
1248 1903 1374 1936 certe
1405 1887 1568 1948 effeci,
1603 1902 1654 1935 ut
1681 1889 1846 1949 multi,
1870 1906 1984 1953 quae
2007 1896 2033 1937 a
2053 1907 2128 1938 me
2149 1890 2337 1942 fuerunt
2365 1901 2493 1959 praess

384 1955 586 2002 termiffa
621 1955 751 2001 omni
786 1954 935 2001 studio
971 1953 1058 2001 fint
1089 1953 1381 2018 inquisituri,
1415 1953 1464 2000 &
1494 1955 1911 2000 commentationes
1931 1954 2053 2016 suas,
2081 1973 2195 2020 quae
2218 1958 2376 2006 decem
2403 1958 2491 2022 jani

378 2035 520 2068 annos
552 2020 626 2068 vel
662 2019 865 2083 epistolis
891 2020 964 2083 ‘'ac
988 2032 1086 2066 atae
1121 2018 1428 2080 expefitantur
1453 2052 1469 2077 ,
1526 2018 1708 2065 tandem
1745 2019 1856 2066 meis
1887 2022 2247 2070 enarrationibus
2285 2020 2491 2087 perlefitis*
2531 2028 2533 2044 “

383 2084 471 2132 fint
506 2083 691 2131 edituri.
770 2083 916 2141 de
948 2085 1070 2130 enim
1107 2083 1322 2131 haetenus
1352 2099 1489 2129 nemo
1529 2084 1575 2129 in
1606 2083 1772 2131 Ovidii
1807 2085 2213 2148 Metamorphofin
2244 2090 2492 2153 quicquam
2522 2120 2531 2146 κ,

385 2148 687 2211 expositionis
723 2148 902 2207 emisit,
938 2147 1127 2212 ignotae
1160 2148 1378 2211 quaedam
1404 2147 1581 2194 fabulae
1604 2149 1652 2194 in
1676 2146 1803 2194 causa
1827 2148 1957 2195 fuiffe
1978 2150 2221 2209 videntur,
2255 2169 2363 2215 quas
2391 2150 2491 2218 qui-2
2530 2170 2531 2197 ι

387 2212 491 2260 dem
526 2226 578 2259 ut
614 2212 862 2276 pulchrum
892 2213 999 2260 esset
1022 2230 1118 2260 non
1138 2215 1378 2277 ignorare,
1413 2212 1475 2258 fic
1496 2225 1689 2276 propter
1709 2212 1800 2258 illas
1822 2225 1915 2258 tam
1940 2214 2180 2277 egregium
2203 2233 2320 2280 opus
2341 2214 2490 2265 adole-‘-

380 2276 613 2324 scentibus
646 2276 933 2341 eloquentiae
971 2278 1122 2325 studio
1156 2278 1388 2324 destinatis
1423 2292 1521 2323 non
1555 2277 1819 2339 praelegere
1849 2276 2098 2341 indignum
2123 2280 2209 2326 effe
2234 2280 2487 2331 videbatur&

382 2341 704 2403 Qamobrem
742 2355 923 2388 tantum
962 2342 1115 2401 abest,
1160 2356 1214 2389 ut
1245 2358 1319 2388 me
1356 2339 1546 2405 hujusce
1581 2340 1914 2387 lucubrationis
1951 2345 2185 2405 poeniteat
2200 2379 2216 2404 ,
2263 2359 2315 2392 ut
2352 2342 2488 2396 etiam

380 2407 579 2454 maxime
613 2406 752 2454 laeter
773 2406 937 2453 Ovidii
961 2405 1367 2470 Metamorphofin
1400 2406 1698 2469 poeticorum
1726 2421 1919 2468 operum
1943 2406 2099 2455 lumen
2115 2443 2131 2468 ,
2155 2409 2373 2458 baa-enus
2398 2410 2491 2459 fere
2528 2421 2529 2462 l

363 2470 638 2536 *neglefitam
657 2504 671 2528 ‚
706 2486 803 2518 mea
827 2469 1108 2533 potiffimum
1131 2487 1271 2533 opera
1292 2469 1353 2516 fic
1377 2469 1504 2518 fuiffe
1525 2469 1818 2528 illustratam,
1853 2483 1905 2518 ut
1927 2471 2060 2519 facile
2076 2473 2124 2521 ὃς
2146 2491 2169 2520 a
2193 2473 2492 2524 mediocritei·

384 2536 530 2583 do&is
545 2535 740 2600 percipi,
755 2536 801 2581 &
815 2535 870 2582 ab
884 2536 1072 2598 optimis
1088 2536 1345 2598 quibusque
1357 2536 1554 2597 ingeniis
1566 2551 1655 2581 una
1667 2551 1774 2580 cum
1797 2536 1982 2583 nomine
1998 2550 2081 2584 tuo
2104 2537 2322 2586 celebrari
2340 2539 2489 2603 poffitss
2526 2574 2529 2585 ς

383 2601 473 2649 Sed
495 2617 550 2648 ne
576 2601 766 2647 modum
793 2599 984 2646 excedat
1005 2600 1222 2663 epistola,
1233 2602 1327 2664 jam
1351 2600 1517 2662 poetae
1531 2600 1671 2647 vitam
1687 2599 1862 2662 &quae
1884 2618 2071 2666 quoque
2095 2602 2213 2650 libro
2225 2602 2488 2652 Metamorss
2526 2619 2528 2638 1

386 2663 577 2729 phoseos
600 2666 924 2712 contineantur
948 2680 1263 2727 exponamus,
1280 2680 1374 2727 quo
1397 2663 1574 2711 facilius
1594 2679 1707 2727 quae
1726 2665 1825 2723 quis
1849 2667 2128 2730 cognoscere
2152 2669 2309 2731 cupiet
2324 2704 2340 2727 ,
2373 2671 2486 2717 citra
2526 2679 2528 2707 ῑ

381 2732 547 2794 longae
569 2729 875 2793 inquisitionis
897 2728 1099 2776 laborem
1122 2730 1429 2778 inveniantur.
1474 2728 1617 2788 Vale,
1643 2727 1910 2779 rariffimum
1944 2730 2107 2781 saeculi
2130 2732 2273 2782 nostri
2296 2732 2488 2783 liberaliss
2525 2731 2528 2779 ἶ

384 2798 488 2844 ratis
511 2795 790 2859 exemplum.
828 2795 1039 2843 Veneriis
1065 2795 1222 2843 Nonis
1248 2793 1530 2859 Septembris
1551 2811 1608 2844 M.
1625 2810 1877 2843 ccccxcur.
