2547 3708
611 141 1516 196 PRAEFATioNEs
2020 154 2103 204 ,ᾖ

167 268 911 338 DOM1N101
1006 250 1448 356 MAQR'II
1541 266 1973 333 NIGRI

675 379 903 427 Praefatio
927 380 982 426 ad
1007 379 1173 427 Libros
1197 381 1442 427 Amorum.

113 501 396 554 Raefandum
432 497 543 547 illud
571 499 682 546 mihi
706 511 915 557 tanturn,
951 497 1142 545 studiose
1161 497 1334 557 lestor,
1366 514 1424 545 ex
1445 498 1628 558 multis,
1663 515 1776 564 quae
1802 501 2108 550 Grammatici

137 573 291 629 hacin
315 579 441 629 parte
465 565 719 628 quaerenda
741 563 994 621 tradidere,
1029 562 1148 608 hisce
1173 563 1218 620 in
1241 562 1364 609 libris
1390 563 1540 610 censui
1556 565 1681 626 ,quis
1709 565 1923 613 videlicet
1947 582 2107 614 eorum

24 637 76 685 fit
110 635 294 682 titulus:
330 646 468 692 atque
501 646 557 675 eo
593 628 901 691 quaerendum
928 627 1194 689 diligentius
1219 627 1502 686 existimavi,
1537 629 1662 690 quod
1686 629 1928 676 do&orum
1958 632 2108 678 homi-

22 717 132 748 num
164 700 247 745 hac
282 700 330 743 in
361 712 408 742 re
438 694 680 740 sententiae
711 693 900 738 variant.
970 692 1232 754 Elegiarum
1256 694 1442 737 nomine
1467 694 1600 738 multi
1625 696 1730 739 treis
1756 695 1838 740 hos
1867 695 2006 741 libros
2028 713 2108 758 ap-

19 765 212 831 pellant:
262 761 331 808 sed
365 758 523 824 parum
552 757 697 815 re&e,
741 770 793 802 ut
828 771 926 801 mea
955 758 1138 818 quidem
1172 755 1260 814 sert
1294 758 1470 819 opinio.
1538 758 1668 802 Nam
1702 758 1887 822 Elegiae
1923 777 2106 824 quoque

15 831 146 888 sunt,
182 843 288 890 quas
311 827 359 872 in
385 822 615 870 Tristibus
642 819 817 883 scripsit
847 821 992 866 Naso.
1027 819 1145 865 unde
1172 822 1371 866 incertus
1395 822 1442 867 8<
1464 822 1704 884 ambiguus
1727 822 1802 868 hic
1827 824 1985 870 titulus
2005 825 2105 871 red-

16 895 214 942 deretur.
282 890 376 936 Alii
401 887 653 934 Corinnam
677 898 873 931 vocant:
911 887 1029 931 inter
1051 900 1166 947 quos
1189 885 1252 930 est
1277 885 1427 931 noster
1447 887 1722 932 Hermolaus
1744 887 1964 934 Barbarus
1979 923 1993 947 ,
2028 891 2106 952 qui

17 959 198 1023 quoties
219 971 274 1001 ex
298 955 390 1000 hoc
412 967 550 1014 opere
574 950 773 997 carmina
797 950 933 995 citat:
972 950 1198 1007 Ovidius,
1232 950 1411 1012 inquit,
1446 951 1494 995 in
1519 949 1747 1010 Corinna,
1782 952 1872 996 &c.
1927 953 2105 1000 Verum

16 1038 111 1070 non
132 1022 187 1067 de
206 1019 412 1065 Corinna
430 1016 575 1064 solum
599 1017 678 1062 hic
703 1014 911 1077 loquitur
931 1013 1117 1072 auftor,
1150 1029 1298 1076 neque
1321 1013 1572 1060 Corinnam
1598 1016 1734 1061 solam
1760 1017 1927 1062 amavit
1944 1051 1959 1075 ,
1981 1020 2106 1079 quod

19 1086 195 1149 liquido
217 1095 343 1148 patet
364 1098 421 1128 ex
449 1082 592 1144 elegia
618 1095 665 1141 4.
701 1079 748 1125 &
783 1094 851 1131 ¹9·
888 1078 991 1125 libri
1018 1093 1058 1124 2.
1096 1078 1354 1136 Amorum,
1388 1093 1525 1141 atque
1549 1094 1605 1125 ex
1630 1080 1751 1139 aliis,
1786 1081 1832 1125 in
1857 1082 2019 1142 quibus
2041 1083 2105 1129 fa-

10 1156 141 1197 'tetur
172 1153 368 1212 ingenue
395 1145 552 1202 Nas0,
585 1143 626 1190 se
660 1144 910 1189 multarum
946 1143 1195 1205 puellarum
1219 1158 1370 1189 amore
1395 1157 1580 1205 captum
1603 1141 1744 1189 suifl'e.
1812 1145 1932 1191 Non
1954 1159 2108 1192 tamen

17 1214 192 1262 inficias
227 1228 307 1271 e0,
343 1211 592 1257 Corinnam
618 1209 658 1254 ei
680 1208 864 1254 caeteris
889 1207 1145 1254 chariorem
1169 1208 1323 1266 suifle,
1358 1207 1413 1253 de
1435 1208 1681 1271 eademque
1705 1207 1983 1272 frequentius
2002 1211 2106 1256 scri-

16 1292 150 1343 ptum
171 1278 281 1323 effe:
316 1288 367 1322 ut
391 1274 422 1320 fi
447 1273 473 1320 a
497 1274 657 1336 majori
685 1286 813 1336 parte
835 1272 1067 1320 ducendus
1093 1272 1146 1319 sit
1170 1273 1357 1330 titulus,
1393 1289 1551 1334 parum
1577 1286 1800 1335 peccent,
1833 1274 1909 1335 qui
1934 1274 2104 1321 Corin·

18 1359 102 1391 nae
126 1343 312 1388 nomine
335 1339 425 1385 hoc
448 1354 569 1402 opus
588 1350 772 1386 vocant.
841 1337 1040 1386 Gravius
1065 1352 1217 1384 autem
1241 1338 1305 1383 illi
1327 1352 1471 1382 errare
1493 1336 1608 1382 mihi
1630 1337 1870 1395 videntur,
1895 1341 1971 1400 qui
1998 1340 2108 1385 licet

17 1423 153 1455 manu
182 1406 487 1468 scriptorum,
521 1403 872 1467 depravatorum
905 1415 1059 1449 tamen
1081 1401 1442 1464 exemplarium,
1479 1401 1798 1448 au&oritatem
1819 1401 1988 1459 secuti,
2024 1404 2108 1450 hos

19 1472 124 1520 treis
154 1471 328 1517 libellos
362 1470 431 1515 De
465 1468 555 1515 sine
590 1467 730 1515 titulo
767 1467 1044 1514 nominant:
1090 1483 1148 1513 ex
1184 1467 1350 1530 quibus
1384 1465 1536 1528 (quod
1566 1466 1764 1511 maxime
1801 1466 1972 1522 miror)
2007 1466 2108 1514 sunt

22 1536 292 1584 Laurentius
313 1531 565 1591 Vallensis,
602 1532 650 1585 ὃς
670 1534 869 1594 Joannes
897 1531 1182 1590 OE'ortellius,
1214 1531 1294 1594 qui
1328 1547 1422 1576 non
1455 1530 1668 1576 ineruditi
1697 1529 1935 1576 habentur.
2001 1532 2106 1577 Ho..

23 1616 123 1659 rum
161 1601 426 1664 opinionem
461 1596 668 1661 pluribus
705 1598 986 1660 argumentis
1022 1595 1228 1642 refellere
1257 1612 1350 1641 non
1383 1608 1601 1659 oportet:
1645 1593 1746 1641 satis
1777 1596 1897 1640 enim
1940 1594 2106 1656 fuerit,

56 1667 186 1713 oetae
218 1664 482 1711 sententiam
517 1662 563 1708 &
598 1661 886 1709 voluntatem
923 1661 978 1707 de
1001 1661 1137 1725 hujus
1162 1660 1314 1724 operis
1336 1661 1474 1706 titulo
1490 1694 1506 1720 ,
1540 1657 1676 1723 ipsius
1697 1658 1844 1706 verbis
1865 1659 2109 1707 adduxisse.

20 1681 154 1779 {Iaso
177 1730 322 1794 igitur
341 1728 420 1776 lib.
448 1741 485 1792 3.
519 1726 576 1772 de
600 1728 744 1787 Arte,
779 1727 913 1790 hujus
935 1725 998 1774 sui
1021 1727 1169 1790 operis
1192 1728 1255 1773 ita
1274 1726 1506 1772 meminit:
1542 1726 1676 1772 Deve
1697 1724 1841 1772 tribus
1864 1725 2016 1784 libris,
2050 1726 2110 1772 ti·

24 1794 145 1842 tulos
171 1811 283 1858 quos
309 1793 456 1857 signat
480 1794 708 1839 Amorum
725 1827 740 1852 ,
775 1793 941 1856 Elige,
973 1792 1099 1856 quod
1123 1791 1265 1838 docili
1291 1791 1492 1837 molliter
1517 1806 1595 1836 ore
1618 1790 1754 1853 legas.
1829 1790 1968 1836 Dixit
1992 1806 2108 1853 quo-

20 1875 106 1921 que
129 1860 262 1923 Eleg.
292 1875 330 1904 1.
354 1859 432 1906 lib.
459 1873 497 1919 3.
533 1858 670 1919 hujus
691 1857 864 1919 operis:
900 1859 1071 1903 Teneri
1097 1869 1404 1922 properentur
1423 1871 1623 1912 amores,
1658 1856 1785 1901 Dum
1811 1867 1955 1900 vacat.
2023 1856 2062 1900 F
2064 1872 2108 1901 a-

21 1923 110 1977 cile
149 1924 294 1987 igitur
313 1939 436 1969 nunc
460 1921 667 1969 constare
689 1922 833 1969 cuivis
857 1924 1062 1985 poterit,
1097 1922 1178 1968 nifi
1207 1920 1355 1984 Ipsaea
1389 1920 1533 1982 (quod
1557 1919 1705 1982 ajunt)
1741 1919 1959 1977 caeciori,
1993 1919 2108 1964 titu-

19 1987 116 2033 lum
151 1988 237 2033 effe
269 1990 456 2033 Amores.
523 1985 770 2032 Caeterum
803 2002 898 2031 non
934 1985 989 2032 ab
1024 2001 1071 2030 re
1104 1986 1202 2032 fore
1233 1984 1474 2043 existimo,
1510 1984 1541 2030 fi
1565 1983 1687 2046 prius
1722 1998 1855 2044 quam
1879 1983 1932 2027 ad
1959 1984 2125 2028 Amo-r

19 2067 122 2097 rum
157 2053 582 2115 interpretationem
615 2049 828 2096 defle&at
865 2051 1042 2108 oratio,
1076 2049 1186 2112 quid
1214 2049 1374 2112 Elegia
1407 2048 1489 2106 sit,
1525 2062 1638 2110 quae
1663 2047 1758 2106 ejus
1792 2046 1953 2109 origo,
1989 2046 2117 2102 unde·

19 2114 226 2175 dicatur,
262 2117 446 2178 quinam
480 2129 579 2161 tum
615 2114 733 2176 apud
758 2114 960 2160 Graecos
995 2126 1095 2160 tum
1128 2112 1246 2176 apud
1269 2114 1463 2159 Latinos
1499 2112 1546 2157 in
1571 2110 1725 2173 Elegis
1757 2109 1997 2155 scribendis
2020 2110 2107 2156 flo-

23 2182 221 2238 ruerint,
255 2197 389 2244 quam
424 2178 692 2242 paucissimis
728 2179 981 2224 ostendero.
1050 2178 1258 2241 Elegiam
1295 2176 1354 2223 sic
1380 2175 1548 2222 diffinit
1574 2174 1852 2231 Diomedes,
1887 2181 1938 2220 ut
1961 2174 2109 2233 dicat,

20 2250 116 2290 eam
148 2245 234 2291 esse
259 2261 440 2290 carmen
467 2242 777 2306 compositum
805 2243 1070 2288 hexametro
1094 2242 1251 2301 versu,
1287 2253 1692 2305 pentametroque,
1724 2237 1778 2283 ad
1804 2238 2000 2284 invicem
2026 2255 2109 2300 po-

11 2307 131 2356 ‘fitis
201 2310 456 2372 Elegorum
494 2321 646 2354 autem
684 2310 912 2370 originem
947 2307 1167 2352 incertam
1202 2306 1313 2364 effe,
1348 2306 1569 2352 Horatius
1604 2305 1651 2349 in
1675 2303 1790 2348 Arte
1825 2303 2010 2363 poetica
2042 2303 2111 2349 his

16 2372 298 2420 ‘carminibus
330 2374 542 2420 testatur:
581 2373 702 2432 Quis
738 2387 889 2419 tamen
923 2371 1117 2434 exiguos
1150 2370 1322 2434 Elegos
1355 2369 1550 2415 emiserit
1585 2366 1771 2424 anfior,
1806 2367 2109 2412 Grammatici

26 2452 229 2496 certant,
266 2438 311 2492 &
346 2438 494 2484 adhuc
519 2437 597 2483 sub
620 2438 771 2497 judice
793 2438 845 2483 lis
870 2435 949 2481 est.
1017 2437 1138 2482 Non
1158 2435 1315 2480 delunt
1337 2435 1547 2492 interim,
1581 2432 1660 2494 qui
1683 2430 1943 2476 Callinoum
1967 2447 2110 2491 quen-

24 2499 125 2556 dam
153 2503 341 2565 Elegiae
364 2495 649 2553 inventorem
675 2502 875 2548 extitisse
898 2499 1092 2546 tradant.
1161 2501 1316 2562 Atque
1340 2512 1392 2545 ut
1418 2500 1535 2544 hanc
1559 2497 1604 2540 in
1626 2508 1799 2559 partem
1822 2494 1983 2540 diversi
2006 2495 2110 2539 scri-

19 2578 174 2628 ptores
197 2568 365 2614 abeunt
381 2601 396 2626 ,
434 2566 494 2612 fic
521 2568 567 2612 in
598 2566 785 2630 hujusce
810 2579 968 2629 etymo
988 2566 1153 2611 mirum
1180 2567 1227 2610 in
1250 2563 1440 2609 modum
1465 2562 1664 2616 variant,
1687 2560 1848 2622 quibus
1873 2560 1982 2604 haec
2004 2559 2109 2604 scri·

19 2631 110 2692 ptis
145 2632 334 2693 prodere
367 2633 564 2678 studium
590 2632 693 2677 fuit.
763 2631 949 2677 Distam
974 2631 1093 2676 enim
1120 2629 1301 2692 quidam
1331 2629 1492 2673 volunt
1517 2624 1640 2692 ad&
1663 2626 1703 2670 τδ
1729 2623 1915 2686 ethis-yar
1940 2621 2020 2674 τές
2045 2642 2109 2668 π-

20 2692 243 2747 θνεώτοεςε
281 2697 373 2743 fere
404 2698 526 2743 enim
565 2695 887 2742 defunetorum
922 2695 1071 2741 laudes
1094 2694 1185 2740 hoc
1214 2694 1414 2740 carmine
1436 2690 1843 2755 prosequebantur..
1906 2688 1996 2734 Alii
2020 2685 2110 2734 xm*

8 2752 55 2821 ἕ
89 2761 243 2817 ἐλεεῖν,
278 2761 324 2806 id
359 2761 424 2808 est
447 2760 672 2807 misereri:
709 2760 833 2822 quod
855 2760 1026 2806 scilicet
1049 2758 1322 2805 miseriarum
1348 2758 1531 2820 plenum
1556 2754 1641 2800 effe
1665 2754 1801 2800 soleat
1829 2752 1920 2798 hoc
1947 2753 2107 2801 carmi-

15 2819 90 2868 'nis
113 2839 270 2886 genus.
339 2825 468 2870 Huic
496 2825 808 2889 etymologiae
829 2825 1026 2870 assentiri
1048 2823 1230 2869 videtur
1253 2823 1443 2868 Flaccus
1459 2854 1474 2879 ,
1510 2820 1586 2882 qui
1613 2819 1667 2864 ad
1694 2818 1916 2864 Albinum
1938 2818 1966 2860 'i
1991 2816 2108 2861 ibul-

23 2885 118 2932 lum
152 2887 348 2934 scribens
377 2888 457 2934 lib.
498 2897 540 2933 1.'
570 2889 725 2939 Carm.
761 2889 932 2952 Elegos
969 2887 1238 2934 miserabiles
1275 2899 1425 2933 vocat2
1494 2883 1729 2945 Superiori
1765 2894 1913 2926 autem
1949 2879 2107 2937 Naso,

23 2952 101 3012 qui
124 2952 171 2998 in
195 2952 385 3014 epistola
407 2952 644 3015 Sapphus,
679 2953 870 3015 elegiam
895 2969 1077 2999 carmen
1101 2951 1277 3009 flebile,
1311 2951 1359 2996 in
1385 2948 1632 2995 Amoribus
1657 2945 1791 3008 ipsam
1815 2944 2002 3008 elegiam
2027 2943 2109 2989 fle-

24 3012 160 3062 bilem
186 3017 397 3080 appellat.
470 3017 704 3062 Nonnulli
727 3012 887 3076 abac&
909 3013 1224 3080 interjefihone
1245 3050 1261 3075 ,
1296 3017 1361 3061 ita
1389 3029 1444 3060 ut
1478 3016 1581 3074 legia
1616 3010 1672 3057 fit
1701 3009 1899 3056 nominis
1930 3008 2198 3070 supple-*2⁶²5

24 3092 260 3139 mentum,
304 3082 352 3127 &
388 3080 504 3127 nihil
534 3079 778 3143 significet.
846 3081 1017 3129 Eadem
1051 3083 1256 3139 ratione,
1291 3096 1379 3141 qua
1412 3078 1588 3124 Gellius
1621 3074 1940 3138 Quinquatrus
1973 3071 2109 3118 dietas
2193 3082 2196 3085 ·

25 3143 200 3205 Voluit,
234 3146 260 3191 a
291 3146 494 3208 quinque
525 3145 703 3192 dierum
726 3162 961 3206 anumero,
994 3149 1073 3211 qui
1109 3145 1210 3192 sunt
1232 3144 1288 3191 ab
1311 3143 1482 3190 idibus:
1519 3153 1641 3186 atrus
1667 3156 1777 3187 vero
1798 3138 1913 3184 nihil
1939 3135 2107 3200 fignifi-

24 3220 143 3275 eare.
213 3210 446 3275 Siquidem
467 3211 696 3276 Phrygiae
730 3226 809 3260 rex
835 3211 1019 3273 Midas,
1052 3212 1161 3260 dum
1186 3209 1363 3274 parenti
1381 3206 1500 3318 jZidii'ta
1522 3218 1781 3269 perageret,
1816 3203 1901 3250 hac
1928 3202 2111 3311 intgje-

1470 3283 1489 3336 3
2044 3279 2112 3309 io=
