2547 3708
851 159 876 218 I
1022 161 1068 217 B

1218 160 1242 217 1
1385 164 1438 219 S.

250 273 350 338 365
388 265 752 334 Infamemque
778 262 956 315 locum
985 260 1190 314 sceleris
1217 279 1352 332 quae
1378 264 1596 317 nomine
1624 263 1784 328 fecit,

458 335 646 390 Preffit
676 337 728 388 &
755 333 982 388 induetis
1008 333 1242 386 membra
1273 350 1487 403 paterna
1516 336 1660 389 rotiS.

387 409 731 479 Utjuvene8‚
770 423 977 476 pereaS,
1016 423 1249 477 quorum
1274 407 1470 479 fastigia
1496 409 1669 463 vultus

459 483 605 537 Olim
634 480 808 534 Piseae
826 478 1111 533 sustinuere
1135 477 1280 534 foris,

99 700 172 756 τςὲς
193 704 232 739 ἐκ
255 700 282 738 ‘7²
303 700 448 745 κεφαλῖςς
478 695 623 743 ἐξείλετο.

207 755 214 767 ,

2130 557 2210 615 Ut

679 688 849 744 Πτερελοῖκ
875 689 1122 734 τελευΊῆο-οιιῗῖῶ·
1176 690 1359 738 {tinguens
1378 691 1508 733 vertit,
1538 702 1638 739 quem
1657 689 1812 738 generosa
1833 693 2023 740 Cymaetho
2050 722 2060 738 ‚
2101 694 2209 745 Tydei

95 761 298 807 έκξιρωρ-ατο
318 752 379 795 τάς
397 750 484 794 νῆσες
502 746 660 789 elada-oce.
720 753 844 783 Verum
874 747 974 782 donec
1006 753 1121 782 Ptere-
1172 741 1290 778 breves
1312 743 1449 789 nuptias
1470 742 1596 788 sortita
1614 770 1623 784 ,
1646 742 1770 789 peperit
1796 741 1910 787 filium
1942 744 2087 790 bellicoso
2111 773 2121 788 ‚
2143 748 2206 794 sed

93 813 207 848 relatas
236 811 272 844 in
299 808 462 844 humanis
481 805 579 849 fuit,
616 799 772 850 'rapham
802 809 913 847 capere
932 812 1116 854 nunquam

88 861 222 911 potuit,
248 859 314 905 post
334 858 391 894 ubi
412 854 595 892 comaezho
618 853 767 889 Pterelai
785 850 865 898 filia
889 851 1114 898 Amphuryo-

93 913 146 948 nis
170 923 282 946 amore
306 907 529 955 inflammata
548 904 590 949 est
612 931 622 947 ,
660 915 804 938 aureum
825 901 865 936 de
880 902 989 948 patris
1010 902 1115 947 capite

95 961 255 1009 capillum
280 958 450 1006 prosecuit.
516 956 597 991 Inde
627 953 775 990 Pterelas·
803 962 911 988 morte
937 951 1110 997 insecuta,

93 1025 206 1048 omnes
228 1009 399 1046 adunam
430 1005 561 1054 Insulas
587 1004 718 1054 subegit
740 1002 962 1051 Amphitryo.
986 1001 1114 1039 isacius

95 1063 251 1099 Tzetzes
281 1060 314 1095 in
345 1060 635 1106 Lycophronein
662 1082 671 1098 ‚
705 1066 786 1102 pag.
812 1065 893 1101 ¹¹51·
921 1052 1006 1089 edit.
1035 1053 1115 1089 Ste-

91 1112 199 1161 phani
215 1139 226 1156 ,
255 1109 486 1157 Apollodoro
507 1106 747 1143 consentanea
767 1104 906 1145 scribit,
935 1102 999 1139 nisi
1011 1103 1113 1152 quod

91 1162 388 1200 Comaethonem
427 1160 475 1196 ait
506 1169 632 1194 amore
661 1155 929 1192 inflammatam
954 1153 1112 1201 Amphi·

89 1214 249 1261 tryonis‚
274 1210 331 1246 vel
344 1208 589 1256 Cephaii‚qui
613 1219 696 1244 cum
721 1205 995 1253 Amphitryone
1017 1205 1114 1242 mili-

85 1266 193 1300 tabat.
245 1261 453 1297 Meminere
485 1266 666 1306 praeterea
698 1256 860 1293 Pterelae
882 1283 892 1299 ,
930 1254 1004 1291 five
1029 1256 1112 1292 Pte-

81 1313 190 1355 relai,
221 1311 387 1352 Plautus,
412 1309 526 1355 ipsum
557 1308 599 1344 ab
629 1308 906 1356 Amphitryone
935 1307 1110 1343 interem-

79 1371 182 1412 ptum
206 1362 381 1403 scribens,
409 1360 613 1397 Eullathius
643 1360 677 1395 in
699 1369 754 1404 17.
770 1355 897 1405 Odyff.
917 1356 1111 1404 Apollonii

80 1412 290 1450 Sclioli.=.lles
315 1413 350 1448 in
371 1411 428 1448 lib.
452 1422 477 1446 1.
509 1411 709 1456 argonaut.
737 1409 836 1456 cujus
859 1407 1008 1456 quidem
1029 1419 1108 1445 ver—

77 1464 121 1501 ba
158 1464 277 1501 luxata
305 1461 394 1498 mihi
428 1461 596 1498 videntur
618 1487 628 1504 ‚
667 1471 752 1495 curri
781 1457 895 1495 asserit
930 1459 1105 1496 Pterelam

76 1515 254 1562 Neptuno
282 1513 444 1560 genitum
469 1538 479 1554 ,
515 1509 752 1558 eundemque
782 1508 919 1555 Taphii
942 1517 1105 1555 patrem,

76 1573 202 1602 contra
223 1575 333 1612 quam
355 1563 398 1599 ab
417 1562 491 1599 aliis
510 1562 681 1598 omnibus
703 1560 887 1608 proditum
908 1560 967 1596 est.
1021 1561 1104 1597 Me-

72 1616 182 1652 minit
208 1615 297 1651 item
329 1612 455 1651 Strabo
481 1612 543 1649 lib.
561 1624 596 1648 x.
631 1612 731 1657 cujus
761 1612 871 1648 etiam
890 1611 1015 1647 locum
1039 1611 1101 1649 de-

70 1673 260 1713 pravatum
277 1692 287 1707 ,
316 1673 424 1711 atque
442 1661 624 1700 inversum
645 1661 881 1710 deprehendit
898 1661 1006 1707 Janus
1021 1662 1100 1699 Par·

69 1716 221 1759 rhafius,
249 1715 310 1763 qui
330 1715 464 1763 primus
486 1714 522 1751 in
544 1713 831 1750 Commentariis
849 1711 917 1749 suis
937 1712 979 1749 ad
993 1712 1103 1750 Clau-

67 1766 165 1804 diani
192 1766 251 1803 lib.
269 1777 313 1802 ir.
353 1764 397 1802 de
418 1765 540 1813 Raptu
556 1764 790 1811 Proserpinae
813 1790 822 1807 ,
850 1762 890 1805 ss.
920 1773 975 1809 19.
1007 1764 1100 1801 Ovi»

65 1816 166 1855 dium
187 1815 231 1854 de
249 1815 511 1854 Comaethone
547 1813 810 1864 exponendum
831 1813 941 1857 vidit,
972 1814 1007 1850 &
1022 1815 1099 1863 post

69 1878 153 1905 eum
179 1867 348 1905 Zarottus
377 1878 422 1903 ex
454 1865 660 1904 Aristarcho
696 1866 732 1902 in
766 1863 985 1902 Hesiodum.
1038 1866 1097 1902 Ad

69 1917 224 1964 Scyllam
245 1917 321 1955 Nisi
341 1917 441 1966 quod
461 1919 591 1955 attinet
611 1943 620 1958 ,
658 1916 774 1953 sabula
799 1915 975 1952 tritiffima
991 1943 1001 1960 ‚
1040 1916 1099 1954 vel

70 1978 116 2004 ex
138 1967 332 2015 Virgiliana
353 1969 472 2012 Ceiri‚
501 1967 694 2004 cultissimo
708 1965 857 2015 quidem
883 1966 1096 2011 Poematio,

63 2017 124 2055 sed
147 2017 432 2054 mendosiffimo.
484 2018 561 2054 Has
582 2025 703 2052 autem
727 2015 860 2052 fabulas
871 2015 916 2052 de
934 2016 1096 2054 Comae-

63 2066 228 2105 thone&
243 2067 357 2115 Scylla
379 2064 571 2105 verisimile
591 2066 638 2102 est
658 2066 819 2102 Graecos
842 2074 1028 2103 mutuatos
1045 2067 1096 2103 es·

61 2117 99 2155 se
135 2129 179 2153 ex
210 2117 372 2154 Historia
407 2116 519 2153 Molis
535 2118 571 2153 Sc
592 2116 766 2153 Tharmis
786 2114 1007 2163 AEthiopum
1025 2117 1095 2153 Re-

59 2169 113 2216 gis
133 2166 227 2204 filiae
247 2194 257 2210 ‚
296 2166 341 2203 de
366 2178 436 2215 qua
465 2166 663 2212 Josephus,
691 2167 728 2202 &
750 2166 827 2212 post
858 2177 943 2202 eum
967 2166 1090 2203 Eusta-

60 2219 156 2257 thius
185 2217 487 2264 Archiepiscopus
518 2216 776 2253 Antiochenus
803 2214 1089 2252 Commentario

58 2269 97 2307 in
121 2268 359 2305 Hexameron
383 2295 393 2312 ,
430 2278 510 2315 pag.
531 2267 564 2304 8.
598 2265 744 2302 Mosem
777 2265 874 2301 enim
899 2265 1088 2310 Hesiodo,

59 2320 234 2356 Homero
255 2347 265 2363 ‚
303 2318 455 2355 Musaeo
477 2345 487 2360 ‚
524 2318 624 2354 Lino
646 2344 654 2359 ,
692 2315 848 2362 Orpheo
867 2315 978 2363 longe
999 2318 1092 2354 anti-

58 2370 228 2419 quiorem
248 2368 317 2406 effe
336 2369 433 2406 idern
463 2368 665 2405 Eustatliius
683 2378 727 2402 ex
750 2365 904 2402 aliorum
928 2368 1089 2405 authori-

61 2428 136 2458 tate
156 2419 326 2468 prodidit.
379 2419 572 2457 SALVAGN.
599 2417 747 2454 Plurimi
774 2425 959 2454 veterum:

112 2487 203 2525 Filia
221 2499 306 2524 neve
323 2485 433 2534 magis
453 2484 558 2535 capiti
569 2483 615 2535 fit
629 2483 707 2532 fida
722 2482 876 2533 parentis
891 2509 902 2527 ,

60 2551 324 2603 Vel,paterno.
352 2562 464 2602 puto,
496 2559 572 2590 Neu
595 2554 653 2601 pia
677 2565 761 2588 neve
782 2550 902 2598 magis.
930 2548 1086 2593 deinde,

47 2603 181 2649 Θέμιν]
193 2606 261 2653 sua
277 2604 336 2642 vel
354 2604 504 2642 Pterelae
526 2604 631 2641 multi
654 2615 699 2640 ex
718 2603 886 2649 antiquis.
913 2608 1086 2649 quatuor,

63 2654 181 2698 Qum
203 2656 265 2693 tibi
285 2655 341 2692 vel
360 2655 514 2698 Pterela3
543 2662 740 2702 utrumque
762 2653 916 2689 metum.
944 2652 1088 2688 Heius.

65 2706 163 2738 Neve
183 2707 288 2752 magis
302 2709 358 2754 pia
373 2705 422 2753 stt
436 2733 445 2750 ‚
481 2705 649 2754 capitique
664 2703 819 2754 parentis
839 2702 951 2737 amica
972 2701 1084 2738 Fran·

64 2752 139 2788 cof.
166 2753 203 2790 &
223 2755 352 2800 Jureti‚
380 2768 472 2804 quae
492 2755 602 2793 leelio
629 2755 733 2792 nobis
759 2754 920 2790 maxime
941 2752 1085 2789 arridet.

61 2801 214 2848 Baptista
233 2804 311 2841 Pius
328 2807 372 2844 ad
390 2807 504 2844 Plaut.
524 2806 747 2853 Amph.1.i.
767 2817 844 2850 ¹05·
871 2804 1030 2839 Pterelae
1042 2801 1082 2838 fi-

59 2851 144 2889 liam
176 2853 374 2900 Polydicen
401 2865 532 2899 vocat,
551 2858 588 2893 &
610 2857 750 2893 versum
775 2855 872 2891 hune
900 2854 947 2889 ita
971 2853 1079 2895 citat,

63 2904 186 2950 §Quam
204 2914 266 2939 tua
280 2904 336 2940 vel
348 2906 477 2941 Pterela
491 2933 501 2948 ‚
528 2906 585 2941 vel
605 2917 668 2942 tua
686 2934 695 2949 ,
727 2905 806 2951 Nise
822 2933 829 2946 ‚
847 2905 942 2950 fuit,
974 2904 1011 2939 ὅ(
1032 2904 1079 2939 ita

60 2952 205 2990 codices
218 2955 397 2991 nonnulli.
412 2955 517 3001 Apud
530 2955 778 3003 Trypliiodor.
806 2956 840 2991 in
861 2956 908 2990 llii
924 2954 1077 2990 Excidio

59 3014 127 3053 157
149 3014 375 3041 memoratur
394 3004 623 3051 Cyanippus,
653 3005 742 3042 filius
769 3005 998 3047 Cometlius,
1025 3002 1079 3040 in-

57 3062 114 3092 ter
133 3054 275 3092 Heroas
306 3067 405 3103 equo
428 3055 598 3102 Trojano
624 3055 788 3091 inclusos.
815 3055 965 3092 dubium
989 3065 1077 3090 vero

56 3105 143 3143 facit
169 3106 364 3151 interpres,
387 3117 429 3141 an
462 3105 518 3141 illa
544 3105 733 3141 Cometho
756 3106 859 3141 fuerit
890 3105 960 3141 filia
984 3132 994 3148 ‚
1033 3116 1078 3140 an

58 3165 151 3193 uxor
172 3155 310 3203 Tydei.
332 3156 408 3204 jam
430 3155 486 3191 illa
498 3154 605 3191 verba
636 3151 838 3194 Κυάνιππος
853 3155 888 3189 bu
905 3151 1080 3190 Εὐπκτέ-

57 3219 126 3251 pem
147 3208 305 3250 Κομκὶθω
340 3206 475 3248 Τυὲἧος
498 3205 660 3240 &amimam
691 3203 884 3239 navvexsim
915 3207 1081 3249 τυχοῖσα

53 3257 222 3304 ἐυκσμόρῳ
238 3258 324 3295 ’τέκε
348 3257 461 3296 πῖιιδρι
482 3260 704 3303 oaxen-emp
721 3253 912 3304 Ἀιγιαλῖίί,
946 3256 995 3293 ita
1022 3256 1079 3295 di·

1171 791 1286 828 brevis
1307 792 1402 827 virae
1425 819 1435 834 ,
1474 793 1640 839 Aegialeo.
1670 805 1704 829 in
1728 802 1823 829 notis
1848 805 1935 829 vero
1959 796 2131 833 Neander
2152 799 2206 834 di-

1172 843 1219 879 cit
1251 843 1469 878 Comoetlio
1498 840 1599 878 fuiffe
1629 842 1735 879 filiam
1761 843 1916 888 Tydei,
1947 857 2059 890 quare
2081 847 2205 884 diuin-

1169 893 1375 940 guendum,
1397 905 1496 941 quem
1510 893 1690 928 Comoethe
1706 894 1807 938 Tydei
1824 921 1833 936 ‚
1848 894 1978 931 scilicet
1993 896 2206 939 filia,breves

1169 944 1307 991 nuptias
1328 944 1502 991 Aegialei.
1529 943 1641 978 brevis
1662 945 1757 979 vitae
1778 944 1883 979 herois
1897 972 1905 986 ,
1927 946 2054 993 sortita
2068 949 2206 994 peperit.

1170 994 1286 1031 Addit
1317 995 1489 1031 Neandei·
1511 994 1692 1030 Ovrdium
1716 1006 1749 1030 in
1765 994 2201 1042 Metamorpnofialicubi

1169 1045 1245 1093 ejus
1271 1043 1501 1088 memrniffe,
1549 1044 1608 1080 sed
1637 1055 1726 1091 puto
1759 1045 1989 1082 obversatum
2011 1048 2113 1085 r'uiffe
2135 1049 2201 1097 ipsi

1167 1096 1266 1133 hunc
1289 1108 1332 1132 ex
1351 1096 1450 1132 Ibide
1470 1096 1607 1131 locum.
1636 1095 1767 1131 Buuiu.

1218 1148 1306 1193 365.
1337 1149 1575 1194 Infamemque
1587 1145 1708 1182 lorum.
1721 1150 1735 1194 j
1750 1146 1887 1189 Tullia,
1903 1147 2016 1184 Servii
2032 1148 2200 1188 Tulliifi-

1166 1196 1237 1241 lia,
1265 1198 1366 1244 supra
1387 1208 1518 1244 corpus
1549 1198 1655 1242 patris
1681 1208 1826 1232 currum
1849 1199 1944 1243 egit;
1975 1200 2071 1234 unde
2098 1211 2198 1238 vicus

1166 1247 1354 1284 sceleratus
1370 1249 1513 1283 Romae
1536 1246 1663 1283 diCtus.
1687 1247 1926 1284 humanans.
1956 1249 2070 1285 Tullia
2082 1251 2199 1288 Servii

1168 1298 1284 1336 Tullii
1313 1300 1571 1335 Romanorum
1608 1299 1713 1345 Regis
1747 1298 1816 1333 filia
1842 1298 2032 1345 'l'arquinii
2056 1302 2197 1348 superbi

1168 1360 1262 1385 uxor
1284 1377 1294 1393 ,
1332 1350 1377 1385 de
1407 1361 1478 1397 qua
1507 1348 1626 1384 Varro
1664 1349 1794 1386 lib‚1v.
1831 1348 1876 1384 de
1906 1349 2029 1396 lingua
2055 1351 2199 1389 Latina.

1166 1405 1270 1446 Prope
1299 1400 1390 1435 hunc
1421 1400 1517 1434 vicus
1539 1399 1745 1446 sceleratus,
1785 1399 1895 1433 dicbus
1923 1399 1946 1434 a}
1972 1400 2083 1436 Tuslm
2108 1407 2196 1437 Iar-

1164 1451 1278 1500 quim'i
1301 1450 1436 1498 Superbi
1455 1463 1556 1486 uxere
1572 1477 1581 1490 ,
1612 1450 1701 1499 quod
1720 1449 1766 1485 ibi
1788 1463 1864 1484 cum
1882 1450 2005 1496 jaceret
2024 1460 2122 1498 pater
2143 1465 2197 1488 oca·

1163 1503 1247 1545 visits
1264 1504 1364 1550 supra
1385 1514 1462 1537 eum
1482 1511 1521 1536 ut
1541 1511 1647 1545 ageret
1665 1510 1862 1547 carpentum
1886 1501 1991 1536 melio
2007 1502 2107 1548 jussit.
2135 1504 2192 1539 O-

1162 1553 1281 1589 vidius
1303 1553 1376 1599 ipse
1397 1552 1460 1590 lib.
1480 1563 1532 1589 vx.
1564 1551 1697 1588 Fastor.
1730 1551 1789 1588 ubi
1813 1551 1960 1589 Tulliae
1984 1552 2093 1590 scelus
2115 1553 2191 1591 fuse

1158 1603 1400 1652 prosequitur:

1209 1675 1314 1706 Certa
1330 1667 1416 1715 fides
1430 1667 1522 1714 sarii
1542 1666 1608 1714 est,
1639 1666 1746 1703 diffres
1761 1666 1945 1715 sceleratus
1965 1667 2007 1705 ab
2024 1670 2088 1706 illa

1261 1723 1380 1763 Vicus,
1409 1731 1451 1757 (φ
1473 1730 1612 1755 aeterna
1636 1727 1742 1754 res'ea
1762 1719 1866 1767 pressa
1888 1733 1968 1756 nota
1987 1721 2042 1766 est.

1156 1793 1259 1831 ldern
1283 1794 1442 1843 produnt
1463 1795 1589 1832 Livius
1616 1794 1674 1831 lib.
1697 1806 1723 1831 1.
1753 1795 1791 1830 ἃ
1816 1795 1892 1843 ejus
1923 1796 2192 1844 Epitomastes;

1155 1844 1282 1882 Florus
1305 1847 1366 1884 lib.
1384 1857 1411 1883 1.
1440 1857 1518 1893 cap.
1540 1858 1572 1886 τ.
1610 1845 1688 1882 Dio
1715 1845 1775 1883 lib.
1798 1856 1850 1882 iv.
1880 1857 1956 1894 cap.
1978 1860 2029 1884 ii.
2068 1848 2190 1886 Festus

1155 1895 1355 1943 Pompejus
1386 1897 1498 1933 verbo
1526 1896 1710 1944 sceleratas
1738 1896 1848 1933 vicus.
1895 1909 1963 1934 nec
1980 1898 2188 1938 absimiliter

1145 1946 1333 1993 sceleratus
1353 1956 1489 1995 campus
1512 1948 1708 1995 appellatus
1726 1946 1773 1982 est
1796 1957 1910 1994 prope
1936 1949 2083 1985 Portam
2099 1951 2190 1987 Col-

1153 1997 1263 2034 linani
1279 2025 1289 2040 ‚
1316 1999 1352 2035 in
1376 2009 1453 2046 quo
1475 1998 1643 2044 Virgines
1665 1996 1824 2032 Vestales
1844 2023 1854 2039 ,
1891 2009 1984 2044 quae
2005 1999 2183 2038 incestum

1153 2047 1316 2083 fecerant
1330 2074 1339 2090 ,
1360 2050 1466 2083 vivae
1480 2047 1762 2083 defodiebantur
1780 2072 1789 2087 ,
1818 2055 1856 2082 ut
1877 2047 1974 2083 idem
2002 2048 2121 2086 Festus
2142 2051 2183 2088 δε

1154 2095 1283 2133 Livius
1320 2097 1490 2133 lib.v111.
1526 2096 1692 2133 scribunt.
1744 2096 1802 2132 Sic
1830 2098 1866 2132 &
1899 2097 1994 2144 apud
2019 2099 2183 2139 eundem

1153 2145 1294 2184 Festum
1311 2147 1480 2194 scelerata
1495 2152 1598 2182 Porta
1610 2145 1703 2182 dieta
1717 2172 1727 2188 ,
1755 2156 1850 2194 quae
1870 2149 1905 2184 oe
1925 2148 2185 2196 Carmentalis,

1144 2196 1245 2243 quod
1269 2208 1330 2243 per
1349 2207 1430 2232 eam
1454 2197 1510 2232 lex
1536 2199 1572 2233 ὅ(
1594 2196 1748 2232 trecenti
1774 2195 1870 2233 Fabii
1891 2208 1974 2234 cum
1990 2199 2182 2240 clientium

1146 2245 1302 2283 millibus
1314 2249 1477 2295 quinque
1490 2246 1612 2294 egressi
1625 2245 1962 2286 adversusEtruscos
1975 2249 2017 2285 ad
2030 2261 2181 2290 amnem

1145 2296 1357 2333 Cremeram
1378 2309 1507 2334 omnes
1525 2297 1604 2334 sunt
1628 2297 1821 2334 interi'etsti.
1876 2298 2064 2337 Praeterea
2082 2302 2182 2343 scele-

1142 2358 1222 2382 rata
1247 2357 1475 2384 vocaverunt
1500 2348 1629 2385 aestiva
1651 2348 1707 2384 illa
1725 2348 1831 2384 castra
1847 2349 1903 2390 ,in
1927 2352 2056 2397 quibus
2080 2351 2182 2397 Dru-,

1140 2397 1194 2434 sus
1217 2397 1456 2435 Germanicus
1477 2398 1686 2446 supremum
1709 2397 1807 2435 diem
1828 2400 1959 2436 morbo
1972 2401 2085 2446 obiit,
2114 2416 2180 2442 au-

1142 2448 1248 2485 thore
1271 2449 1451 2486 Suetonio
1475 2451 1511 2485 in
1534 2449 1692 2486 Claudio
1722 2460 1797 2496 cap.
1821 2461 1846 2485 1.
1879 2450 2075 2488 SALVAGN.
2176 2445 2180 2449 ⁴

1248 2500 1330 2547 366.
1361 2500 1514 2536 indueres
1535 2499 1655 2548 rotis.]
1688 2500 1998 2543 nslalimfinveetis.
2026 2503 2174 2546 Hunis.

1143 2561 1210 2597 pro
1234 2550 1315 2586 rotis
1330 2578 1339 2594 ‚
1359 2551 1447 2596 fiacis
1469 2551 1654 2586 Petavian.

1196 2603 1280 2649 367.
1308 2607 1350 2636 Ut
1373 2602 1539 2648 juvenes,
1567 2599 1721 2650 pererra]
1768 2600 1827 2637 De
1847 2601 1912 2639 illis
1934 2602 2041 2647 dicit,
2076 2616 2172 2654 quos

1142 2652 1327 2688 interfecit
1348 2652 1567 2688 Oenomaus
1588 2652 1786 2698 Tyrannus
1809 2653 1885 2689 Rex
1910 2653 2078 2692 Pis-arum}
2108 2658 2173 2694 IN-

1142 2715 1287 2739 TkRPR.
1318 2702 1485 2738 Narratio
1506 2713 1576 2738 una
1597 2702 1643 2738 est
1662 2702 1721 2739 sex
1742 2702 1908 2738 vei-libus.
1949 2706 2171 2747 Oenomaus

1139 2753 1235 2789 Pisae
1255 2755 1332 2788 Rex
1350 2754 1385 2788 in
1407 2752 1508 2789 Elide
1524 2780 1533 2795 ,
1562 2753 1725 2789 monitus
1748 2753 1789 2788 ab
1818 2754 1967 2790 oraculo
1990 2783 2000 2798 ‚
2029 2766 2107 2795 turn
2132 2760 2168 2797 se

1139 2803 1299 2839 occisum
1330 2803 1404 2844 iri,
1451 2814 1567 2850 quum
1604 2804 1850 2850 Hippolamia
1883 2802 1950 2840 filia
1989 2808 2166 2854 iiuberet3

1136 2855 1237 2901 equis
1259 2853 1490 2890 velocissimis
1509 2852 1608 2895 fisus,
1637 2854 1777 2901 procis,
1806 2854 1867 2901 qui
1901 2856 2002 2893 multi
2025 2869 2106 2896 earn
2127 2861 2167 2898 in

1137 2916 1290 2940 uxorem
1316 2903 1485 2951 petebant
1502 2904 1551 2940 ob
1570 2904 1810 2940 excellentem
1844 2906 1985 2943 formae
2010 2909 2169 2954 pulchri-

1135 2955 1329 2996 tudinem,
1356 2963 1542 2990 certamen
1574 2953 1697 2990 curule
1720 2954 1905 3001 proposuit
1925 2968 1965 2992 ea
1989 2957 2092 3006 lege,
2125 2969 2166 2998 ut

1135 3006 1196 3052 qui
1218 3005 1336 3041 vietor
1363 3003 1530 3041 extitiff:t
1551 3005 1823 3052 Hippodamiae
1851 3008 1993 3053 nuptias
2021 3010 2166 3047 obtine-

1136 3064 1214 3097 ret,
1243 3058 1304 3102 qui
1332 3056 1469 3097 victus,
1498 3058 1713 3092 temeritatis
1737 3067 1873 3102 poenas
1899 3060 2015 3105 capite
2032 3062 2159 3098 lueret.

1136 3106 1262 3142 Multis
1282 3115 1403 3142 autem
1427 3132 1436 3148 ‚
1474 3104 1537 3151 qui
1555 3106 1753 3152 periculum
1776 3105 1973 3151 subierant,
2002 3110 2159 3154 eneetis,

1136 3157 1174 3191 &
1203 3166 1333 3192 eorum
1364 3156 1537 3203 capitibus
1568 3157 1603 3192 in
1637 3164 1814 3193 terrorem
1842 3167 2067 3195 caeterorum
2091 3171 2159 3207 pro

1135 3205 1271 3242 foribus
1294 3205 1427 3249 affixis,
1457 3206 1585 3252 Pelops
1606 3205 1755 3243 Tantali
1773 3206 1864 3244 filius
1888 3208 2161 3254 Hippodamiae

1134 3255 1251 3305 specie
1280 3266 1427 3304 captus,
1456 3256 1492 3294 in
1515 3256 1828 3343 idembcertamen
1848 3257 2050 3304 descendit,
2079 3271 2162 3299 cor-

1648 3307 1667 3343 ¹1
2053 3319 2165 3361 rupto
