<?xml version="1.0" encoding="UTF-8"?>
<!DOCTYPE html PUBLIC "-//W3C//DTD XHTML 1.0 Transitional//EN"
    "http://www.w3.org/TR/xhtml1/DTD/xhtml1-transitional.dtd">
<html xmlns="http://www.w3.org/1999/xhtml" xml:lang="en" lang="en">
 <head>
  <title>
</title>
<meta http-equiv="Content-Type" content="text/html;charset=utf-8" />
  <meta name='ocr-system' content='tesseract 3.04.00' />
  <meta name='ocr-capabilities' content='ocr_page ocr_carea ocr_par ocr_line ocrx_word'/>
</head>
<body>
  <div class='ocr_page' id='page_1' title='image "./publiiovidiinaso04ovid_0341.png"; bbox 0 0 2547 3708; ppageno 0'>
   <div class='ocr_carea' id='block_1_1' title="bbox 0 0 2118 2931">
    <p class='ocr_par' dir='ltr' id='par_1_1' title="bbox 0 0 2118 2931">
     <span class='ocr_line' id='line_1_1' title="bbox 5 0 11 38; baseline 0 0"><span class='ocrx_word' id='word_1_1' title='bbox 5 0 11 38; x_wconf 86' lang='lat' dir='ltr'>l</span> 
     </span>
     <span class='ocr_line' id='line_1_2' title="bbox 8 44 10 60; baseline 0 0"><span class='ocrx_word' id='word_1_2' title='bbox 8 44 10 60; x_wconf 95' lang='grc' dir='ltr'>Ι</span> 
     </span>
     <span class='ocr_line' id='line_1_3' title="bbox 8 61 10 112; baseline 0 0"><span class='ocrx_word' id='word_1_3' title='bbox 8 61 10 112; x_wconf 63' lang='lat' dir='ltr'>l</span> 
     </span>
     <span class='ocr_line' id='line_1_4' title="bbox 611 115 2116 203; baseline 0.002 -36"><span class='ocrx_word' id='word_1_4' title='bbox 611 115 1518 172; x_wconf 83' lang='lat' dir='ltr'>PRAEFATIONES.</span> <span class='ocrx_word' id='word_1_5' title='bbox 2025 155 2116 203; x_wconf 80' lang='lat'>¹59</span> 
     </span>
     <span class='ocr_line' id='line_1_5' title="bbox 7 207 2114 294; baseline 0.002 -21"><span class='ocrx_word' id='word_1_6' title='bbox 7 222 122 290; x_wconf 66' lang='lat' dir='ltr'>:pud</span> <span class='ocrx_word' id='word_1_7' title='bbox 152 233 227 280; x_wconf 87' lang='lat' dir='ltr'>te,</span> <span class='ocrx_word' id='word_1_8' title='bbox 258 214 336 264; x_wconf 88' lang='lat' dir='ltr'>cui</span> <span class='ocrx_word' id='word_1_9' title='bbox 362 209 543 262; x_wconf 87' lang='lat' dir='ltr'>occafio</span> <span class='ocrx_word' id='word_1_10' title='bbox 582 211 702 258; x_wconf 90' lang='lat' dir='ltr'>illius</span> <span class='ocrx_word' id='word_1_11' title='bbox 727 225 820 256; x_wconf 91' lang='lat' dir='ltr'>non</span> <span class='ocrx_word' id='word_1_12' title='bbox 845 209 1009 273; x_wconf 88' lang='lat' dir='ltr'>ignota</span> <span class='ocrx_word' id='word_1_13' title='bbox 1033 207 1172 269; x_wconf 82' lang='lat' dir='ltr'>esset,</span> <span class='ocrx_word' id='word_1_14' title='bbox 1208 210 1258 258; x_wconf 85' lang='lat'>&amp;</span> <span class='ocrx_word' id='word_1_15' title='bbox 1279 214 1356 276; x_wconf 89' lang='lat' dir='ltr'>qui</span> <span class='ocrx_word' id='word_1_16' title='bbox 1385 214 1545 263; x_wconf 86' lang='lat' dir='ltr'>harum</span> <span class='ocrx_word' id='word_1_17' title='bbox 1570 216 1941 273; x_wconf 82' lang='lat' dir='ltr'>lucubrationum</span> <span class='ocrx_word' id='word_1_18' title='bbox 1968 230 2114 294; x_wconf 82' lang='lat' dir='ltr'>inspe-</span> 
     </span>
     <span class='ocr_line' id='line_1_6' title="bbox 6 273 2112 355; baseline 0.002 -21"><span class='ocrx_word' id='word_1_19' title='bbox 6 290 126 337; x_wconf 70' lang='grc' dir='ltr'>ἰξὲοι·</span> <span class='ocrx_word' id='word_1_20' title='bbox 153 297 291 348; x_wconf 87' lang='lat' dir='ltr'>atque</span> <span class='ocrx_word' id='word_1_21' title='bbox 309 278 581 346; x_wconf 56' lang='lat' dir='ltr'>&amp;mmmm</span> <span class='ocrx_word' id='word_1_22' title='bbox 601 276 754 338; x_wconf 85' lang='lat' dir='ltr'>aliquo</span> <span class='ocrx_word' id='word_1_23' title='bbox 777 278 919 320; x_wconf 89' lang='lat' dir='ltr'>modo</span> <span class='ocrx_word' id='word_1_24' title='bbox 955 273 1093 335; x_wconf 84' lang='lat' dir='ltr'>(dum</span> <span class='ocrx_word' id='word_1_25' title='bbox 1121 275 1249 322; x_wconf 89' lang='lat' dir='ltr'>domi</span> <span class='ocrx_word' id='word_1_26' title='bbox 1275 290 1378 324; x_wconf 85' lang='lat' dir='ltr'>tuae</span> <span class='ocrx_word' id='word_1_27' title='bbox 1404 293 1617 344; x_wconf 62' lang='lat' dir='ltr'>tau-‘iquam</span> <span class='ocrx_word' id='word_1_28' title='bbox 1646 285 1693 331; x_wconf 89' lang='lat' dir='ltr'>in</span> <span class='ocrx_word' id='word_1_29' title='bbox 1719 287 1884 335; x_wconf 89' lang='lat' dir='ltr'>Patmo</span> <span class='ocrx_word' id='word_1_30' title='bbox 1908 294 2112 355; x_wconf 84' lang='lat' dir='ltr'>agerem)</span> 
     </span>
     <span class='ocr_line' id='line_1_7' title="bbox 7 337 2115 417; baseline 0.001 -17"><span class='ocrx_word' id='word_1_31' title='bbox 7 350 198 410; x_wconf 69' lang='lat' dir='ltr'>=fuisses,</span> <span class='ocrx_word' id='word_1_32' title='bbox 230 348 451 394; x_wconf 87' lang='lat' dir='ltr'>rationem</span> <span class='ocrx_word' id='word_1_33' title='bbox 489 356 673 399; x_wconf 79' lang='lat' dir='ltr'><strong>extare,</strong></span> <span class='ocrx_word' id='word_1_34' title='bbox 706 340 906 386; x_wconf 85' lang='lat' dir='ltr'><strong>maxime</strong></span> <span class='ocrx_word' id='word_1_35' title='bbox 940 337 1164 396; x_wconf 87' lang='lat' dir='ltr'>ducebam</span> <span class='ocrx_word' id='word_1_36' title='bbox 1202 342 1570 393; x_wconf 86' lang='lat' dir='ltr'>consentaneum.</span> <span class='ocrx_word' id='word_1_37' title='bbox 1638 351 1767 398; x_wconf 86' lang='lat' dir='ltr'>Mihi</span> <span class='ocrx_word' id='word_1_38' title='bbox 1790 353 1888 400; x_wconf 88' lang='lat' dir='ltr'>sane</span> <span class='ocrx_word' id='word_1_39' title='bbox 1925 363 2004 417; x_wconf 87' lang='lat' dir='ltr'>(ut</span> <span class='ocrx_word' id='word_1_40' title='bbox 2030 359 2115 407; x_wconf 82' lang='lat' dir='ltr'>tibi</span> 
     </span>
     <span class='ocr_line' id='line_1_8' title="bbox 4 382 2117 478; baseline 0.004 -20"><span class='ocrx_word' id='word_1_41' title='bbox 4 382 99 470; x_wconf 66' lang='lat' dir='ltr'>lme</span> <span class='ocrx_word' id='word_1_42' title='bbox 132 411 357 478; x_wconf 88' lang='lat' dir='ltr'>aperiam)</span> <span class='ocrx_word' id='word_1_43' title='bbox 394 409 544 455; x_wconf 89' lang='lat' dir='ltr'>otium</span> <span class='ocrx_word' id='word_1_44' title='bbox 579 403 699 452; x_wconf 88' lang='lat' dir='ltr'>istud</span> <span class='ocrx_word' id='word_1_45' title='bbox 720 417 826 451; x_wconf 91' lang='lat' dir='ltr'>toto</span> <span class='ocrx_word' id='word_1_46' title='bbox 851 404 941 450; x_wconf 91' lang='lat' dir='ltr'>hoc</span> <span class='ocrx_word' id='word_1_47' title='bbox 964 415 1205 467; x_wconf 86' lang='lat' dir='ltr'>tempore,</span> <span class='ocrx_word' id='word_1_48' title='bbox 1238 423 1332 470; x_wconf 84' lang='lat' dir='ltr'>quo</span> <span class='ocrx_word' id='word_1_49' title='bbox 1358 409 1414 456; x_wconf 89' lang='lat' dir='ltr'>ab</span> <span class='ocrx_word' id='word_1_50' title='bbox 1436 413 1587 473; x_wconf 83' lang='lat' dir='ltr'>operis</span> <span class='ocrx_word' id='word_1_51' title='bbox 1609 411 1842 465; x_wconf 67' lang='lat' dir='ltr'>doeh-inae</span> <span class='ocrx_word' id='word_1_52' title='bbox 1869 421 2117 470; x_wconf 75' lang='lat' dir='ltr'><strong>ordinariae</strong></span> 
     </span>
     <span class='ocr_line' id='line_1_9' title="bbox 4 466 2116 551; baseline 0.001 -26"><span class='ocrx_word' id='word_1_53' title='bbox 4 474 184 551; x_wconf 57' lang='lat' dir='ltr'>{injuste</span> <span class='ocrx_word' id='word_1_54' title='bbox 208 487 390 523; x_wconf 89' lang='lat' dir='ltr'>remoto</span> <span class='ocrx_word' id='word_1_55' title='bbox 414 471 670 520; x_wconf 76' lang='lat' dir='ltr'>cessandum</span> <span class='ocrx_word' id='word_1_56' title='bbox 696 469 785 516; x_wconf 85' lang='lat' dir='ltr'>fuit</span> <span class='ocrx_word' id='word_1_57' title='bbox 809 470 856 514; x_wconf 88' lang='lat' dir='ltr'>in</span> <span class='ocrx_word' id='word_1_58' title='bbox 874 466 1149 540; x_wconf 71' lang='lat' dir='ltr'>t1⁴a6tatione</span> <span class='ocrx_word' id='word_1_59' title='bbox 1171 485 1332 519; x_wconf 89' lang='lat' dir='ltr'>eorum</span> <span class='ocrx_word' id='word_1_60' title='bbox 1357 475 1640 536; x_wconf 86' lang='lat' dir='ltr'>studiorum,</span> <span class='ocrx_word' id='word_1_61' title='bbox 1675 481 1722 526; x_wconf 92' lang='lat' dir='ltr'>in</span> <span class='ocrx_word' id='word_1_62' title='bbox 1742 482 1907 545; x_wconf 83' lang='lat' dir='ltr'>quibus</span> <span class='ocrx_word' id='word_1_63' title='bbox 1931 503 2116 535; x_wconf 80' lang='lat' dir='ltr'>omnem</span> 
     </span>
     <span class='ocr_line' id='line_1_10' title="bbox 4 535 2087 606; baseline 0.004 -16"><span class='ocrx_word' id='word_1_64' title='bbox 4 544 112 602; x_wconf 64' lang='lat' dir='ltr'>flfere</span> <span class='ocrx_word' id='word_1_65' title='bbox 142 542 416 606; x_wconf 88' lang='lat' dir='ltr'>superiorem</span> <span class='ocrx_word' id='word_1_66' title='bbox 451 550 647 583; x_wconf 82' lang='lat' dir='ltr'>aetatem</span> <span class='ocrx_word' id='word_1_67' title='bbox 682 535 883 581; x_wconf 78' lang='lat' dir='ltr'>contrivi</span> <span class='ocrx_word' id='word_1_68' title='bbox 917 548 1092 592; x_wconf 83' lang='lat' dir='ltr'>meam,</span> <span class='ocrx_word' id='word_1_69' title='bbox 1117 547 1263 598; x_wconf 18' lang='lat' dir='ltr'>*atque</span> <span class='ocrx_word' id='word_1_70' title='bbox 1288 539 1334 584; x_wconf 90' lang='lat' dir='ltr'>in</span> <span class='ocrx_word' id='word_1_71' title='bbox 1359 540 1638 589; x_wconf 86' lang='lat' dir='ltr'>conscientia</span> <span class='ocrx_word' id='word_1_72' title='bbox 1663 545 1809 593; x_wconf 56' lang='lat' dir='ltr'>reflat*</span> <span class='ocrx_word' id='word_1_73' title='bbox 1838 550 2087 599; x_wconf 84' lang='lat' dir='ltr'>voluntatis</span> 
     </span>
     <span class='ocr_line' id='line_1_11' title="bbox 5 590 2118 672; baseline 0.004 -18"><span class='ocrx_word' id='word_1_74' title='bbox 5 605 155 672; x_wconf 50' lang='lat' dir='ltr'>*quam</span> <span class='ocrx_word' id='word_1_75' title='bbox 191 605 284 652; x_wconf 88' lang='lat' dir='ltr'>veri</span> <span class='ocrx_word' id='word_1_76' title='bbox 307 606 399 651; x_wconf 92' lang='lat' dir='ltr'>Dei</span> <span class='ocrx_word' id='word_1_77' title='bbox 428 604 609 665; x_wconf 87' lang='lat' dir='ltr'>ignarus</span> <span class='ocrx_word' id='word_1_78' title='bbox 635 611 792 645; x_wconf 85' lang='lat' dir='ltr'>orator</span> <span class='ocrx_word' id='word_1_79' title='bbox 817 613 966 643; x_wconf 89' lang='lat' dir='ltr'>rerum</span> <span class='ocrx_word' id='word_1_80' title='bbox 990 599 1386 656; x_wconf 84' lang='lat' dir='ltr'>incommodarum</span> <span class='ocrx_word' id='word_1_81' title='bbox 1413 607 1657 653; x_wconf 80' lang='lat' dir='ltr'><strong>maximam</strong></span> <span class='ocrx_word' id='word_1_82' title='bbox 1684 609 1815 658; x_wconf 79' lang='lat' dir='ltr'>duxit</span> <span class='ocrx_word' id='word_1_83' title='bbox 1841 590 2118 663; x_wconf 66' lang='lat' dir='ltr'>consolaiio3</span> 
     </span>
     <span class='ocr_line' id='line_1_12' title="bbox 25 662 2116 740; baseline 0 -23"><span class='ocrx_word' id='word_1_84' title='bbox 25 687 156 729; x_wconf 88' lang='lat' dir='ltr'>nem,</span> <span class='ocrx_word' id='word_1_85' title='bbox 191 670 344 715; x_wconf 89' lang='lat' dir='ltr'>multo</span> <span class='ocrx_word' id='word_1_86' title='bbox 374 668 522 713; x_wconf 89' lang='lat' dir='ltr'>minus</span> <span class='ocrx_word' id='word_1_87' title='bbox 554 664 796 712; x_wconf 77' lang='lat' dir='ltr'>adversum·</span> <span class='ocrx_word' id='word_1_88' title='bbox 818 662 990 708; x_wconf 86' lang='lat' dir='ltr'>accidit</span> <span class='ocrx_word' id='word_1_89' title='bbox 1021 678 1104 722; x_wconf 92' lang='lat' dir='ltr'>eo,</span> <span class='ocrx_word' id='word_1_90' title='bbox 1139 664 1195 710; x_wconf 90' lang='lat' dir='ltr'>de</span> <span class='ocrx_word' id='word_1_91' title='bbox 1231 681 1326 727; x_wconf 86' lang='lat' dir='ltr'>quo</span> <span class='ocrx_word' id='word_1_92' title='bbox 1362 673 1442 728; x_wconf 87' lang='lat' dir='ltr'>(ut</span> <span class='ocrx_word' id='word_1_93' title='bbox 1467 673 1738 721; x_wconf 73' lang='lat' dir='ltr'>Macrobius</span> <span class='ocrx_word' id='word_1_94' title='bbox 1763 676 1984 740; x_wconf 83' lang='lat' dir='ltr'>scriptum</span> <span class='ocrx_word' id='word_1_95' title='bbox 2013 683 2116 729; x_wconf 68' lang='lat' dir='ltr'>reli-</span> 
     </span>
     <span class='ocr_line' id='line_1_13' title="bbox 23 729 2115 805; baseline 0.006 -24"><span class='ocrx_word' id='word_1_96' title='bbox 23 734 335 798; x_wconf 82' lang='lat' dir='ltr'>quit)j0culari</span> <span class='ocrx_word' id='word_1_97' title='bbox 372 733 501 795; x_wconf 88' lang='lat' dir='ltr'>super</span> <span class='ocrx_word' id='word_1_98' title='bbox 539 745 728 775; x_wconf 86' lang='lat' dir='ltr'>coenam</span> <span class='ocrx_word' id='word_1_99' title='bbox 762 736 922 773; x_wconf 76' lang='lat' dir='ltr'>exorta</span> <span class='ocrx_word' id='word_1_100' title='bbox 958 729 1243 789; x_wconf 88' lang='lat' dir='ltr'>quaestione,</span> <span class='ocrx_word' id='word_1_101' title='bbox 1279 734 1507 794; x_wconf 76' lang='lat' dir='ltr'>quodnam</span> <span class='ocrx_word' id='word_1_102' title='bbox 1533 737 1639 783; x_wconf 71' lang='lat' dir='ltr'>esset</span> <span class='ocrx_word' id='word_1_103' title='bbox 1670 741 1910 788; x_wconf 77' lang='lat' dir='ltr'>molestum</span> <span class='ocrx_word' id='word_1_104' title='bbox 1939 747 2115 805; x_wconf 82' lang='lat' dir='ltr'>otium,</span> 
     </span>
     <span class='ocr_line' id='line_1_14' title="bbox 22 791 2114 861; baseline 0.006 -16"><span class='ocrx_word' id='word_1_105' title='bbox 22 799 140 846; x_wconf 86' lang='lat' dir='ltr'>aliud</span> <span class='ocrx_word' id='word_1_106' title='bbox 162 800 250 845; x_wconf 89' lang='lat' dir='ltr'>alio</span> <span class='ocrx_word' id='word_1_107' title='bbox 277 798 522 861; x_wconf 81' lang='lat' dir='ltr'>opinante,</span> <span class='ocrx_word' id='word_1_108' title='bbox 556 796 695 856; x_wconf 86' lang='lat' dir='ltr'>Syrus</span> <span class='ocrx_word' id='word_1_109' title='bbox 716 791 978 853; x_wconf 77' lang='lat' dir='ltr'>respondit,</span> <span class='ocrx_word' id='word_1_110' title='bbox 1011 793 1247 855; x_wconf 82' lang='lat' dir='ltr'>podagrici</span> <span class='ocrx_word' id='word_1_111' title='bbox 1276 797 1425 858; x_wconf 85' lang='lat' dir='ltr'>pedes.</span> <span class='ocrx_word' id='word_1_112' title='bbox 1494 799 1624 856; x_wconf 82' lang='lat' dir='ltr'>Quid</span> <span class='ocrx_word' id='word_1_113' title='bbox 1648 820 1756 850; x_wconf 83' lang='lat' dir='ltr'>vero</span> <span class='ocrx_word' id='word_1_114' title='bbox 1782 804 1807 852; x_wconf 73' lang='lat' dir='ltr'>a</span> <span class='ocrx_word' id='word_1_115' title='bbox 1831 823 1901 852; x_wconf 90' lang='lat' dir='ltr'>me</span> <span class='ocrx_word' id='word_1_116' title='bbox 1924 810 1971 854; x_wconf 88' lang='lat' dir='ltr'>in</span> <span class='ocrx_word' id='word_1_117' title='bbox 1996 812 2114 858; x_wconf 85' lang='lat' dir='ltr'>hanc</span> 
     </span>
     <span class='ocr_line' id='line_1_15' title="bbox 24 856 2113 935; baseline 0.006 -27"><span class='ocrx_word' id='word_1_118' title='bbox 24 877 195 927; x_wconf 88' lang='lat' dir='ltr'>partem</span> <span class='ocrx_word' id='word_1_119' title='bbox 234 861 494 927; x_wconf 78' lang='lat' dir='ltr'>praestitum</span> <span class='ocrx_word' id='word_1_120' title='bbox 532 858 613 917; x_wconf 86' lang='lat' dir='ltr'>fit,</span> <span class='ocrx_word' id='word_1_121' title='bbox 651 858 814 920; x_wconf 83' lang='lat' dir='ltr'>partim</span> <span class='ocrx_word' id='word_1_122' title='bbox 847 856 1158 918; x_wconf 79' lang='lat' dir='ltr'>explicatione</span> <span class='ocrx_word' id='word_1_123' title='bbox 1193 863 1479 920; x_wconf 81' lang='lat' dir='ltr'>quorundam</span> <span class='ocrx_word' id='word_1_124' title='bbox 1514 864 1755 927; x_wconf 88' lang='lat' dir='ltr'>locorum,</span> <span class='ocrx_word' id='word_1_125' title='bbox 1789 872 1866 932; x_wconf 86' lang='lat' dir='ltr'>qui</span> <span class='ocrx_word' id='word_1_126' title='bbox 1901 872 1955 919; x_wconf 86' lang='lat' dir='ltr'>ab</span> <span class='ocrx_word' id='word_1_127' title='bbox 1978 874 2113 935; x_wconf 71' lang='lat' dir='ltr'>hujus</span> 
     </span>
     <span class='ocr_line' id='line_1_16' title="bbox 19 920 2114 996; baseline 0.003 -21"><span class='ocrx_word' id='word_1_128' title='bbox 19 930 184 990; x_wconf 75' lang='lat' dir='ltr'>poetae</span> <span class='ocrx_word' id='word_1_129' title='bbox 216 927 414 978; x_wconf 62' lang='lat' dir='ltr'>lectione</span> <span class='ocrx_word' id='word_1_130' title='bbox 445 940 540 970; x_wconf 90' lang='lat' dir='ltr'>non</span> <span class='ocrx_word' id='word_1_131' title='bbox 573 921 929 969; x_wconf 81' lang='lat' dir='ltr'>abhorrentium</span> <span class='ocrx_word' id='word_1_132' title='bbox 955 920 1319 982; x_wconf 82' lang='lat' dir='ltr'>adolescentum,</span> <span class='ocrx_word' id='word_1_133' title='bbox 1356 927 1520 988; x_wconf 84' lang='lat' dir='ltr'>quibus</span> <span class='ocrx_word' id='word_1_134' title='bbox 1545 930 1656 977; x_wconf 84' lang='lat' dir='ltr'>baec</span> <span class='ocrx_word' id='word_1_135' title='bbox 1684 935 1962 996; x_wconf 82' lang='lat' dir='ltr'>potiffimum</span> <span class='ocrx_word' id='word_1_136' title='bbox 1990 938 2016 985; x_wconf 72' lang='lat' dir='ltr'>a</span> <span class='ocrx_word' id='word_1_137' title='bbox 2039 933 2114 986; x_wconf 71' lang='lat' dir='ltr'>ine</span> 
     </span>
     <span class='ocr_line' id='line_1_17' title="bbox 20 986 2113 1066; baseline 0.004 -25"><span class='ocrx_word' id='word_1_138' title='bbox 20 1009 156 1056; x_wconf 86' lang='lat' dir='ltr'>opera</span> <span class='ocrx_word' id='word_1_139' title='bbox 194 991 296 1038; x_wconf 84' lang='lat' dir='ltr'>data</span> <span class='ocrx_word' id='word_1_140' title='bbox 326 990 416 1049; x_wconf 89' lang='lat' dir='ltr'>est,</span> <span class='ocrx_word' id='word_1_141' title='bbox 451 986 574 1052; x_wconf 84' lang='lat' dir='ltr'>quafi</span> <span class='ocrx_word' id='word_1_142' title='bbox 610 986 789 1033; x_wconf 86' lang='lat' dir='ltr'>cursum</span> <span class='ocrx_word' id='word_1_143' title='bbox 823 988 1097 1031; x_wconf 69' lang='lat' dir='ltr'>remoratur-i</span> <span class='ocrx_word' id='word_1_144' title='bbox 1122 987 1420 1038; x_wconf 75' lang='lat' dir='ltr'>videbantur:</span> <span class='ocrx_word' id='word_1_145' title='bbox 1459 996 1625 1055; x_wconf 75' lang='lat' dir='ltr'>partim</span> <span class='ocrx_word' id='word_1_146' title='bbox 1650 998 1845 1045; x_wconf 84' lang='lat' dir='ltr'>diversae</span> <span class='ocrx_word' id='word_1_147' title='bbox 1867 1000 2113 1066; x_wconf 82' lang='lat' dir='ltr'>scripturae</span> 
     </span>
     <span class='ocr_line' id='line_1_18' title="bbox 18 1051 2114 1127; baseline 0.005 -23"><span class='ocrx_word' id='word_1_148' title='bbox 18 1057 324 1113; x_wconf 86' lang='lat' dir='ltr'>indicatione,</span> <span class='ocrx_word' id='word_1_149' title='bbox 359 1069 472 1118; x_wconf 87' lang='lat' dir='ltr'>quae</span> <span class='ocrx_word' id='word_1_150' title='bbox 507 1069 564 1098; x_wconf 87' lang='lat' dir='ltr'>ex</span> <span class='ocrx_word' id='word_1_151' title='bbox 599 1052 847 1098; x_wconf 85' lang='lat' dir='ltr'>collatione</span> <span class='ocrx_word' id='word_1_152' title='bbox 884 1051 1170 1113; x_wconf 86' lang='lat' dir='ltr'>optimorum</span> <span class='ocrx_word' id='word_1_153' title='bbox 1193 1055 1552 1117; x_wconf 78' lang='lat' dir='ltr'>exemplarium,</span> <span class='ocrx_word' id='word_1_154' title='bbox 1586 1075 1783 1121; x_wconf 83' lang='lat' dir='ltr'>quorum</span> <span class='ocrx_word' id='word_1_155' title='bbox 1809 1063 1956 1127; x_wconf 87' lang='lat' dir='ltr'>aliqua</span> <span class='ocrx_word' id='word_1_156' title='bbox 1978 1068 2114 1114; x_wconf 87' lang='lat' dir='ltr'>Nau-</span> 
     </span>
     <span class='ocr_line' id='line_1_19' title="bbox 19 1115 2113 1188; baseline 0.005 -20"><span class='ocrx_word' id='word_1_157' title='bbox 19 1122 162 1187; x_wconf 87' lang='lat' dir='ltr'>gerii,</span> <span class='ocrx_word' id='word_1_158' title='bbox 208 1121 353 1183; x_wconf 84' lang='lat' dir='ltr'>aliqua</span> <span class='ocrx_word' id='word_1_159' title='bbox 379 1118 546 1182; x_wconf 86' lang='lat' dir='ltr'>Langii</span> <span class='ocrx_word' id='word_1_160' title='bbox 587 1117 635 1162; x_wconf 83' lang='lat'>&amp;</span> <span class='ocrx_word' id='word_1_161' title='bbox 669 1115 860 1163; x_wconf 89' lang='lat' dir='ltr'>Giselini</span> <span class='ocrx_word' id='word_1_162' title='bbox 890 1116 1236 1177; x_wconf 81' lang='lat' dir='ltr'>castigationem</span> <span class='ocrx_word' id='word_1_163' title='bbox 1270 1118 1481 1179; x_wconf 88' lang='lat' dir='ltr'>laudant,</span> <span class='ocrx_word' id='word_1_164' title='bbox 1515 1137 1653 1185; x_wconf 84' lang='lat' dir='ltr'>atque</span> <span class='ocrx_word' id='word_1_165' title='bbox 1690 1127 1899 1188; x_wconf 85' lang='lat' dir='ltr'>inprimis</span> <span class='ocrx_word' id='word_1_166' title='bbox 1937 1132 2113 1179; x_wconf 84' lang='lat' dir='ltr'>codicis</span> 
     </span>
     <span class='ocr_line' id='line_1_20' title="bbox 19 1180 2117 1251; baseline 0.001 -18"><span class='ocrx_word' id='word_1_167' title='bbox 19 1184 159 1240; x_wconf 71' lang='lat' dir='ltr'>nestri</span> <span class='ocrx_word' id='word_1_168' title='bbox 195 1183 523 1246; x_wconf 81' lang='lat' dir='ltr'>manuscriptl,</span> <span class='ocrx_word' id='word_1_169' title='bbox 558 1183 603 1227; x_wconf 88' lang='lat' dir='ltr'>in</span> <span class='ocrx_word' id='word_1_170' title='bbox 639 1198 732 1244; x_wconf 90' lang='lat' dir='ltr'>quo</span> <span class='ocrx_word' id='word_1_171' title='bbox 769 1181 909 1226; x_wconf 89' lang='lat' dir='ltr'>libros</span> <span class='ocrx_word' id='word_1_172' title='bbox 929 1180 1156 1226; x_wconf 62' lang='lat' dir='ltr'>Turnum</span> <span class='ocrx_word' id='word_1_173' title='bbox 1185 1181 1231 1227; x_wconf 59' lang='grc' dir='ltr'>ὃς</span> <span class='ocrx_word' id='word_1_174' title='bbox 1256 1183 1470 1231; x_wconf 79' lang='lat' dir='ltr'>Ponticas</span> <span class='ocrx_word' id='word_1_175' title='bbox 1498 1187 1691 1251; x_wconf 82' lang='lat' dir='ltr'>elegias,</span> <span class='ocrx_word' id='word_1_176' title='bbox 1726 1191 1774 1236; x_wconf 84' lang='lat'>&amp;</span> <span class='ocrx_word' id='word_1_177' title='bbox 1796 1193 1914 1240; x_wconf 89' lang='lat' dir='ltr'>diras</span> <span class='ocrx_word' id='word_1_178' title='bbox 1938 1196 1985 1241; x_wconf 87' lang='lat' dir='ltr'>in</span> <span class='ocrx_word' id='word_1_179' title='bbox 2010 1196 2117 1244; x_wconf 77' lang='lat' dir='ltr'>Ibin</span> 
     </span>
     <span class='ocr_line' id='line_1_21' title="bbox 19 1244 2117 1314; baseline 0.005 -18"><span class='ocrx_word' id='word_1_180' title='bbox 19 1258 215 1310; x_wconf 56' lang='lat' dir='ltr'>exaratas</span> <span class='ocrx_word' id='word_1_181' title='bbox 256 1248 558 1306; x_wconf 84' lang='lat' dir='ltr'>offendimus,</span> <span class='ocrx_word' id='word_1_182' title='bbox 592 1262 687 1309; x_wconf 89' lang='lat' dir='ltr'>non</span> <span class='ocrx_word' id='word_1_183' title='bbox 725 1246 853 1298; x_wconf 82' lang='lat' dir='ltr'>nullo</span> <span class='ocrx_word' id='word_1_184' title='bbox 882 1248 908 1291; x_wconf 75' lang='lat' dir='ltr'>a</span> <span class='ocrx_word' id='word_1_185' title='bbox 941 1244 1073 1290; x_wconf 82' lang='lat' dir='ltr'>nobis</span> <span class='ocrx_word' id='word_1_186' title='bbox 1095 1245 1249 1292; x_wconf 85' lang='lat' dir='ltr'>labore</span> <span class='ocrx_word' id='word_1_187' title='bbox 1274 1250 1492 1312; x_wconf 84' lang='lat' dir='ltr'>congesta</span> <span class='ocrx_word' id='word_1_188' title='bbox 1512 1252 1603 1310; x_wconf 89' lang='lat' dir='ltr'>est,</span> <span class='ocrx_word' id='word_1_189' title='bbox 1639 1270 1774 1314; x_wconf 91' lang='lat' dir='ltr'>penes</span> <span class='ocrx_word' id='word_1_190' title='bbox 1797 1258 2038 1305; x_wconf 89' lang='lat' dir='ltr'>candidum</span> <span class='ocrx_word' id='word_1_191' title='bbox 2067 1261 2117 1307; x_wconf 68' lang='grc' dir='ltr'>δε</span> 
     </span>
     <span class='ocr_line' id='line_1_22' title="bbox 17 1308 2114 1384; baseline 0.004 -22"><span class='ocrx_word' id='word_1_192' title='bbox 17 1308 351 1377; x_wconf 78' lang='lat' dir='ltr'>intelligentem</span> <span class='ocrx_word' id='word_1_193' title='bbox 385 1313 602 1359; x_wconf 68' lang='lat' dir='ltr'>lectorem</span> <span class='ocrx_word' id='word_1_194' title='bbox 638 1311 735 1356; x_wconf 89' lang='lat' dir='ltr'>esto</span> <span class='ocrx_word' id='word_1_195' title='bbox 754 1309 1000 1372; x_wconf 85' lang='lat' dir='ltr'>judicium.</span> <span class='ocrx_word' id='word_1_196' title='bbox 1049 1310 1124 1355; x_wconf 94' lang='lat' dir='ltr'>De</span> <span class='ocrx_word' id='word_1_197' title='bbox 1150 1312 1432 1374; x_wconf 72' lang='lat' dir='ltr'>tequidem,</span> <span class='ocrx_word' id='word_1_198' title='bbox 1469 1329 1687 1378; x_wconf 88' lang='lat' dir='ltr'>patrone,</span> <span class='ocrx_word' id='word_1_199' title='bbox 1723 1321 1836 1366; x_wconf 89' lang='lat' dir='ltr'>mihi</span> <span class='ocrx_word' id='word_1_200' title='bbox 1863 1324 2114 1384; x_wconf 86' lang='lat' dir='ltr'>polliceor,</span> 
     </span>
     <span class='ocr_line' id='line_1_23' title="bbox 18 1375 2114 1454; baseline 0.005 -28"><span class='ocrx_word' id='word_1_201' title='bbox 18 1379 102 1437; x_wconf 74' lang='lat' dir='ltr'>tibi</span> <span class='ocrx_word' id='word_1_202' title='bbox 139 1379 250 1446; x_wconf 51' lang='lat' dir='ltr'>hoq,</span> <span class='ocrx_word' id='word_1_203' title='bbox 266 1378 586 1442; x_wconf 85' lang='lat' dir='ltr'>qualecunque</span> <span class='ocrx_word' id='word_1_204' title='bbox 611 1376 777 1438; x_wconf 86' lang='lat' dir='ltr'>pignus</span> <span class='ocrx_word' id='word_1_205' title='bbox 799 1376 889 1420; x_wconf 89' lang='lat' dir='ltr'>mei</span> <span class='ocrx_word' id='word_1_206' title='bbox 921 1375 968 1419; x_wconf 88' lang='lat' dir='ltr'>in</span> <span class='ocrx_word' id='word_1_207' title='bbox 994 1390 1041 1420; x_wconf 88' lang='lat' dir='ltr'>te</span> <span class='ocrx_word' id='word_1_208' title='bbox 1067 1377 1231 1422; x_wconf 87' lang='lat' dir='ltr'>amoris</span> <span class='ocrx_word' id='word_1_209' title='bbox 1262 1377 1308 1422; x_wconf 71' lang='grc' dir='ltr'><strong>δί</strong></span> <span class='ocrx_word' id='word_1_210' title='bbox 1336 1378 1672 1440; x_wconf 78' lang='lat' dir='ltr'>observantiae,</span> <span class='ocrx_word' id='word_1_211' title='bbox 1707 1396 1842 1445; x_wconf 87' lang='lat' dir='ltr'>atque</span> <span class='ocrx_word' id='word_1_212' title='bbox 1865 1387 2114 1454; x_wconf 66' lang='grc' dir='ltr'>α’ντίδωρον,</span> 
     </span>
     <span class='ocr_line' id='line_1_24' title="bbox 60 1438 2111 1509; baseline -0.001 -18"><span class='ocrx_word' id='word_1_213' title='bbox 60 1443 106 1500; x_wconf 59' lang='lat' dir='ltr'>fb</span> <span class='ocrx_word' id='word_1_214' title='bbox 137 1442 493 1490; x_wconf 85' lang='lat' dir='ltr'>beneficentiam</span> <span class='ocrx_word' id='word_1_215' title='bbox 529 1444 576 1487; x_wconf 93' lang='lat' dir='ltr'>in</span> <span class='ocrx_word' id='word_1_216' title='bbox 608 1457 683 1486; x_wconf 89' lang='lat' dir='ltr'>me</span> <span class='ocrx_word' id='word_1_217' title='bbox 709 1453 834 1491; x_wconf 86' lang='lat' dir='ltr'>tuam</span> <span class='ocrx_word' id='word_1_218' title='bbox 855 1438 999 1484; x_wconf 88' lang='lat' dir='ltr'>veluti</span> <span class='ocrx_word' id='word_1_219' title='bbox 1023 1442 1298 1486; x_wconf 85' lang='lat' dir='ltr'>remunerari</span> <span class='ocrx_word' id='word_1_220' title='bbox 1322 1444 1477 1502; x_wconf 86' lang='lat' dir='ltr'>volui,</span> <span class='ocrx_word' id='word_1_221' title='bbox 1514 1460 1606 1504; x_wconf 81' lang='lat' dir='ltr'>non</span> <span class='ocrx_word' id='word_1_222' title='bbox 1634 1449 1864 1509; x_wconf 80' lang='lat' dir='ltr'>ingratum</span> <span class='ocrx_word' id='word_1_223' title='bbox 1889 1450 2111 1499; x_wconf 66' lang='lat' dir='ltr'>futurum,</span> 
     </span>
     <span class='ocr_line' id='line_1_25' title="bbox 17 1455 2112 1578; baseline 0.004 -23"><span class='ocrx_word' id='word_1_224' title='bbox 17 1455 159 1572; x_wconf 53' lang='lat' dir='ltr'>fflque</span> <span class='ocrx_word' id='word_1_225' title='bbox 188 1521 242 1555; x_wconf 88' lang='lat' dir='ltr'>ut</span> <span class='ocrx_word' id='word_1_226' title='bbox 277 1507 587 1554; x_wconf 87' lang='lat' dir='ltr'>confidentius</span> <span class='ocrx_word' id='word_1_227' title='bbox 622 1505 792 1568; x_wconf 87' lang='lat' dir='ltr'>sperem</span> <span class='ocrx_word' id='word_1_228' title='bbox 809 1537 824 1562; x_wconf 93' lang='lat'>,</span> <span class='ocrx_word' id='word_1_229' title='bbox 858 1502 968 1557; x_wconf 74' lang='lat' dir='ltr'>facit</span> <span class='ocrx_word' id='word_1_230' title='bbox 993 1503 1040 1548; x_wconf 67' lang='grc' dir='ltr'>δί</span> <span class='ocrx_word' id='word_1_231' title='bbox 1065 1504 1296 1568; x_wconf 65' lang='lat' dir='ltr'>perspe&amp;a</span> <span class='ocrx_word' id='word_1_232' title='bbox 1320 1507 1434 1553; x_wconf 89' lang='lat' dir='ltr'>mihi</span> <span class='ocrx_word' id='word_1_233' title='bbox 1457 1509 1713 1557; x_wconf 83' lang='lat' dir='ltr'>humanitas</span> <span class='ocrx_word' id='word_1_234' title='bbox 1736 1525 1840 1573; x_wconf 86' lang='lat' dir='ltr'>tua,</span> <span class='ocrx_word' id='word_1_235' title='bbox 1875 1531 2008 1578; x_wconf 89' lang='lat' dir='ltr'>quam</span> <span class='ocrx_word' id='word_1_236' title='bbox 2033 1517 2112 1564; x_wconf 87' lang='lat' dir='ltr'>diu</span> 
     </span>
     <span class='ocr_line' id='line_1_26' title="bbox 17 1568 2110 1636; baseline 0.005 -18"><span class='ocrx_word' id='word_1_237' title='bbox 17 1570 214 1636; x_wconf 77' lang='lat' dir='ltr'>hospitio</span> <span class='ocrx_word' id='word_1_238' title='bbox 240 1585 324 1620; x_wconf 89' lang='lat' dir='ltr'>tuo</span> <span class='ocrx_word' id='word_1_239' title='bbox 347 1572 448 1618; x_wconf 89' lang='lat' dir='ltr'>satis</span> <span class='ocrx_word' id='word_1_240' title='bbox 472 1572 552 1617; x_wconf 90' lang='lat' dir='ltr'>illo</span> <span class='ocrx_word' id='word_1_241' title='bbox 577 1569 761 1634; x_wconf 87' lang='lat' dir='ltr'>quidem</span> <span class='ocrx_word' id='word_1_242' title='bbox 789 1568 993 1631; x_wconf 88' lang='lat' dir='ltr'>benigno</span> <span class='ocrx_word' id='word_1_243' title='bbox 1019 1568 1065 1613; x_wconf 65' lang='grc' dir='ltr'>ὃς</span> <span class='ocrx_word' id='word_1_244' title='bbox 1091 1569 1264 1616; x_wconf 82' lang='lat' dir='ltr'>liberali</span> <span class='ocrx_word' id='word_1_245' title='bbox 1287 1571 1388 1618; x_wconf 86' lang='lat' dir='ltr'>usus</span> <span class='ocrx_word' id='word_1_246' title='bbox 1412 1572 1505 1630; x_wconf 86' lang='lat' dir='ltr'>fui,</span> <span class='ocrx_word' id='word_1_247' title='bbox 1542 1574 1590 1620; x_wconf 68' lang='grc' dir='ltr'>ἃ</span> <span class='ocrx_word' id='word_1_248' title='bbox 1616 1576 1812 1623; x_wconf 82' lang='lat' dir='ltr'>mirifica</span> <span class='ocrx_word' id='word_1_249' title='bbox 1834 1580 2110 1628; x_wconf 85' lang='lat' dir='ltr'>benevolen-</span> 
     </span>
     <span class='ocr_line' id='line_1_27' title="bbox 14 1633 2113 1702; baseline 0.004 -18"><span class='ocrx_word' id='word_1_250' title='bbox 14 1637 102 1693; x_wconf 71' lang='lat' dir='ltr'>ti&#39;ja&#39;e</span> <span class='ocrx_word' id='word_1_251' title='bbox 128 1652 236 1700; x_wconf 88' lang='lat' dir='ltr'>erga</span> <span class='ocrx_word' id='word_1_252' title='bbox 267 1653 373 1684; x_wconf 89' lang='lat' dir='ltr'>vere</span> <span class='ocrx_word' id='word_1_253' title='bbox 405 1637 609 1683; x_wconf 79' lang='lat' dir='ltr'>literatos</span> <span class='ocrx_word' id='word_1_254' title='bbox 632 1633 817 1681; x_wconf 72' lang='lat' dir='ltr'>affe&amp;io</span> <span class='ocrx_word' id='word_1_255' title='bbox 844 1633 893 1680; x_wconf 82' lang='lat'>&amp;</span> <span class='ocrx_word' id='word_1_256' title='bbox 916 1634 1102 1679; x_wconf 87' lang='lat' dir='ltr'>honesta</span> <span class='ocrx_word' id='word_1_257' title='bbox 1124 1633 1179 1679; x_wconf 86' lang='lat' dir='ltr'>de</span> <span class='ocrx_word' id='word_1_258' title='bbox 1202 1634 1364 1681; x_wconf 84' lang='lat' dir='ltr'>nostris</span> <span class='ocrx_word' id='word_1_259' title='bbox 1390 1637 1569 1697; x_wconf 84' lang='lat' dir='ltr'>studiis,</span> <span class='ocrx_word' id='word_1_260' title='bbox 1589 1641 1812 1702; x_wconf 83' lang='lat' dir='ltr'>inprimis</span> <span class='ocrx_word' id='word_1_261' title='bbox 1834 1659 1943 1690; x_wconf 84' lang='lat' dir='ltr'>vero</span> <span class='ocrx_word' id='word_1_262' title='bbox 1967 1646 2022 1691; x_wconf 91' lang='lat' dir='ltr'>de</span> <span class='ocrx_word' id='word_1_263' title='bbox 2049 1648 2113 1693; x_wconf 74' lang='lat' dir='ltr'>A·</span> 
     </span>
     <span class='ocr_line' id='line_1_28' title="bbox 17 1698 2113 1768; baseline 0.004 -20"><span class='ocrx_word' id='word_1_264' title='bbox 17 1699 297 1748; x_wconf 81' lang='lat' dir='ltr'>stronomico</span> <span class='ocrx_word' id='word_1_265' title='bbox 315 1737 330 1761; x_wconf 87' lang='lat'>,</span> <span class='ocrx_word' id='word_1_266' title='bbox 364 1703 708 1764; x_wconf 78' lang='lat' dir='ltr'>cujuspartem</span> <span class='ocrx_word' id='word_1_267' title='bbox 741 1715 835 1744; x_wconf 91' lang='lat' dir='ltr'>non</span> <span class='ocrx_word' id='word_1_268' title='bbox 861 1698 1245 1745; x_wconf 85' lang='lat' dir='ltr'>contemnendam</span> <span class='ocrx_word' id='word_1_269' title='bbox 1266 1702 1673 1764; x_wconf 56' lang='lat' dir='ltr'>complectuntur,</span> <span class='ocrx_word' id='word_1_270' title='bbox 1707 1721 1820 1768; x_wconf 88' lang='lat' dir='ltr'>quos</span> <span class='ocrx_word' id='word_1_271' title='bbox 1847 1708 1933 1754; x_wconf 89' lang='lat' dir='ltr'>tibi</span> <span class='ocrx_word' id='word_1_272' title='bbox 1957 1709 2113 1756; x_wconf 82' lang='lat' dir='ltr'>offeri-</span> 
     </span>
     <span class='ocr_line' id='line_1_29' title="bbox 15 1763 2114 1834; baseline 0.003 -21"><span class='ocrx_word' id='word_1_273' title='bbox 15 1776 140 1825; x_wconf 81' lang='lat' dir='ltr'>mUS,</span> <span class='ocrx_word' id='word_1_274' title='bbox 164 1766 401 1813; x_wconf 87' lang='lat' dir='ltr'>Fastorum</span> <span class='ocrx_word' id='word_1_275' title='bbox 431 1765 535 1812; x_wconf 88' lang='lat' dir='ltr'>libri</span> <span class='ocrx_word' id='word_1_276' title='bbox 571 1765 867 1812; x_wconf 82' lang='lat' dir='ltr'>existimatio.</span> <span class='ocrx_word' id='word_1_277' title='bbox 935 1763 1091 1818; x_wconf 77' lang='lat' dir='ltr'>Quam</span> <span class='ocrx_word' id='word_1_278' title='bbox 1114 1779 1205 1827; x_wconf 87' lang='lat' dir='ltr'>ego</span> <span class='ocrx_word' id='word_1_279' title='bbox 1231 1779 1408 1827; x_wconf 87' lang='lat' dir='ltr'>praeter</span> <span class='ocrx_word' id='word_1_280' title='bbox 1430 1768 1532 1813; x_wconf 83' lang='lat' dir='ltr'>alias</span> <span class='ocrx_word' id='word_1_281' title='bbox 1557 1770 1849 1830; x_wconf 84' lang='lat' dir='ltr'>prudentiae,</span> <span class='ocrx_word' id='word_1_282' title='bbox 1885 1773 2114 1834; x_wconf 76' lang='lat' dir='ltr'>justitiae,</span> 
     </span>
     <span class='ocr_line' id='line_1_30' title="bbox 15 1828 2114 1901; baseline 0.004 -25"><span class='ocrx_word' id='word_1_283' title='bbox 15 1832 427 1895; x_wconf 80' lang='lat' dir='ltr'>magnanimitatiS,</span> <span class='ocrx_word' id='word_1_284' title='bbox 461 1829 817 1887; x_wconf 84' lang='lat' dir='ltr'>moderationis,</span> <span class='ocrx_word' id='word_1_285' title='bbox 852 1828 1072 1874; x_wconf 84' lang='lat' dir='ltr'>orationis</span> <span class='ocrx_word' id='word_1_286' title='bbox 1105 1828 1310 1875; x_wconf 88' lang='lat' dir='ltr'>sermone</span> <span class='ocrx_word' id='word_1_287' title='bbox 1342 1832 1555 1894; x_wconf 86' lang='lat' dir='ltr'>populari</span> <span class='ocrx_word' id='word_1_288' title='bbox 1577 1833 1761 1880; x_wconf 87' lang='lat' dir='ltr'>disertae</span> <span class='ocrx_word' id='word_1_289' title='bbox 1784 1828 1978 1896; x_wconf 67' lang='lat' dir='ltr'>laudeS‚,</span> <span class='ocrx_word' id='word_1_290' title='bbox 1998 1855 2114 1901; x_wconf 89' lang='lat' dir='ltr'>quae</span> 
     </span>
     <span class='ocr_line' id='line_1_31' title="bbox 14 1893 2113 1959; baseline 0.003 -17"><span class='ocrx_word' id='word_1_291' title='bbox 14 1894 95 1942; x_wconf 86' lang='lat' dir='ltr'>tibi</span> <span class='ocrx_word' id='word_1_292' title='bbox 130 1911 237 1941; x_wconf 90' lang='lat' dir='ltr'>cum</span> <span class='ocrx_word' id='word_1_293' title='bbox 272 1895 486 1942; x_wconf 88' lang='lat' dir='ltr'>fratribus</span> <span class='ocrx_word' id='word_1_294' title='bbox 507 1895 597 1941; x_wconf 87' lang='lat' dir='ltr'>tuis</span> <span class='ocrx_word' id='word_1_295' title='bbox 622 1895 740 1940; x_wconf 90' lang='lat' dir='ltr'>inter</span> <span class='ocrx_word' id='word_1_296' title='bbox 766 1893 997 1955; x_wconf 82' lang='lat' dir='ltr'>Equestris</span> <span class='ocrx_word' id='word_1_297' title='bbox 1019 1893 1200 1939; x_wconf 81' lang='lat' dir='ltr'>ordinis</span> <span class='ocrx_word' id='word_1_298' title='bbox 1235 1894 1470 1954; x_wconf 87' lang='lat' dir='ltr'>homines,</span> <span class='ocrx_word' id='word_1_299' title='bbox 1504 1895 1730 1959; x_wconf 84' lang='lat' dir='ltr'>dignitate</span> <span class='ocrx_word' id='word_1_300' title='bbox 1764 1898 1812 1944; x_wconf 66' lang='grc' dir='ltr'>ὃς</span> <span class='ocrx_word' id='word_1_301' title='bbox 1844 1900 2113 1949; x_wconf 72' lang='lat' dir='ltr'>au&amp;oritate</span> 
     </span>
     <span class='ocr_line' id='line_1_32' title="bbox 13 1958 2113 2028; baseline 0.003 -23"><span class='ocrx_word' id='word_1_302' title='bbox 13 1959 389 2024; x_wconf 84' lang='lat' dir='ltr'>praecellentibus</span> <span class='ocrx_word' id='word_1_303' title='bbox 415 1974 686 2018; x_wconf 89' lang='lat' dir='ltr'>communes</span> <span class='ocrx_word' id='word_1_304' title='bbox 711 1959 841 2014; x_wconf 86' lang='lat' dir='ltr'>sunt,</span> <span class='ocrx_word' id='word_1_305' title='bbox 877 1973 970 2002; x_wconf 90' lang='lat' dir='ltr'>non</span> <span class='ocrx_word' id='word_1_306' title='bbox 994 1958 1230 2019; x_wconf 81' lang='lat' dir='ltr'>indignam</span> <span class='ocrx_word' id='word_1_307' title='bbox 1259 1959 1456 2016; x_wconf 77' lang='lat' dir='ltr'>arbitror</span> <span class='ocrx_word' id='word_1_308' title='bbox 1476 1960 1710 2022; x_wconf 88' lang='lat' dir='ltr'>splendore</span> <span class='ocrx_word' id='word_1_309' title='bbox 1734 1961 1781 2007; x_wconf 87' lang='lat'>&amp;</span> <span class='ocrx_word' id='word_1_310' title='bbox 1806 1964 2012 2012; x_wconf 88' lang='lat' dir='ltr'>claritate</span> <span class='ocrx_word' id='word_1_311' title='bbox 2032 1982 2113 2028; x_wconf 85' lang='lat' dir='ltr'>ge-</span> 
     </span>
     <span class='ocr_line' id='line_1_33' title="bbox 12 2020 2111 2091; baseline 0.004 -22"><span class='ocrx_word' id='word_1_312' title='bbox 12 2025 128 2070; x_wconf 83' lang='lat' dir='ltr'>neris</span> <span class='ocrx_word' id='word_1_313' title='bbox 163 2025 260 2081; x_wconf 87' lang='lat' dir='ltr'>tui,</span> <span class='ocrx_word' id='word_1_314' title='bbox 296 2023 422 2086; x_wconf 89' lang='lat' dir='ltr'>quod</span> <span class='ocrx_word' id='word_1_315' title='bbox 453 2025 499 2069; x_wconf 91' lang='lat' dir='ltr'>in</span> <span class='ocrx_word' id='word_1_316' title='bbox 521 2021 720 2069; x_wconf 88' lang='lat' dir='ltr'>Misnica</span> <span class='ocrx_word' id='word_1_317' title='bbox 755 2020 1166 2084; x_wconf 17' lang='lat' dir='ltr'>nobilitate-prope</span> <span class='ocrx_word' id='word_1_318' title='bbox 1191 2021 1405 2068; x_wconf 85' lang='lat' dir='ltr'>fam-iliam</span> <span class='ocrx_word' id='word_1_319' title='bbox 1434 2023 1578 2070; x_wconf 89' lang='lat' dir='ltr'>ducit.</span> <span class='ocrx_word' id='word_1_320' title='bbox 1649 2027 1826 2088; x_wconf 85' lang='lat' dir='ltr'>Accipe</span> <span class='ocrx_word' id='word_1_321' title='bbox 1849 2029 1995 2091; x_wconf 88' lang='lat' dir='ltr'>igitur</span> <span class='ocrx_word' id='word_1_322' title='bbox 2019 2031 2111 2077; x_wconf 90' lang='lat' dir='ltr'>hoc</span> 
     </span>
     <span class='ocr_line' id='line_1_34' title="bbox 13 2085 2110 2144; baseline 0.004 -11"><span class='ocrx_word' id='word_1_323' title='bbox 13 2087 96 2133; x_wconf 91' lang='lat' dir='ltr'>tibi</span> <span class='ocrx_word' id='word_1_324' title='bbox 131 2086 338 2133; x_wconf 90' lang='lat' dir='ltr'>debitum</span> <span class='ocrx_word' id='word_1_325' title='bbox 380 2086 700 2133; x_wconf 87' lang='lat' dir='ltr'>munusculum</span> <span class='ocrx_word' id='word_1_326' title='bbox 743 2085 834 2131; x_wconf 86' lang='lat' dir='ltr'>five</span> <span class='ocrx_word' id='word_1_327' title='bbox 869 2085 1033 2132; x_wconf 67' lang='grc' dir='ltr'>ἐνοίκιον</span> <span class='ocrx_word' id='word_1_328' title='bbox 1065 2085 1214 2144; x_wconf 80' lang='lat' dir='ltr'>illud,</span> <span class='ocrx_word' id='word_1_329' title='bbox 1261 2086 1350 2132; x_wconf 83' lang='lat' dir='ltr'>five</span> <span class='ocrx_word' id='word_1_330' title='bbox 1381 2101 1567 2134; x_wconf 83' lang='lat' dir='ltr'>tuorum</span> <span class='ocrx_word' id='word_1_331' title='bbox 1601 2089 1648 2135; x_wconf 90' lang='lat' dir='ltr'>in</span> <span class='ocrx_word' id='word_1_332' title='bbox 1675 2105 1747 2135; x_wconf 90' lang='lat' dir='ltr'>me</span> <span class='ocrx_word' id='word_1_333' title='bbox 1771 2091 2110 2141; x_wconf 85' lang='lat' dir='ltr'>beneficiorum</span> 
     </span>
     <span class='ocr_line' id='line_1_35' title="bbox 14 2149 2114 2221; baseline 0.003 -23"><span class='ocrx_word' id='word_1_334' title='bbox 14 2153 422 2211; x_wconf 81' lang='lat' dir='ltr'>remunerationem</span> <span class='ocrx_word' id='word_1_335' title='bbox 438 2185 453 2210; x_wconf 93' lang='lat'>,</span> <span class='ocrx_word' id='word_1_336' title='bbox 488 2153 705 2214; x_wconf 76' lang='lat' dir='ltr'>exiguam</span> <span class='ocrx_word' id='word_1_337' title='bbox 734 2150 854 2195; x_wconf 84' lang='lat' dir='ltr'>illam</span> <span class='ocrx_word' id='word_1_338' title='bbox 880 2150 1066 2212; x_wconf 90' lang='lat' dir='ltr'>quidem</span> <span class='ocrx_word' id='word_1_339' title='bbox 1083 2183 1098 2208; x_wconf 87' lang='lat'>,</span> <span class='ocrx_word' id='word_1_340' title='bbox 1133 2149 1163 2197; x_wconf 89' lang='lat' dir='ltr'>fi</span> <span class='ocrx_word' id='word_1_341' title='bbox 1192 2149 1218 2196; x_wconf 71' lang='lat' dir='ltr'>a</span> <span class='ocrx_word' id='word_1_342' title='bbox 1239 2153 1511 2198; x_wconf 89' lang='lat' dir='ltr'>meritorum</span> <span class='ocrx_word' id='word_1_343' title='bbox 1537 2165 1724 2199; x_wconf 88' lang='lat' dir='ltr'>tuorum</span> <span class='ocrx_word' id='word_1_344' title='bbox 1745 2155 1914 2216; x_wconf 64' lang='lat' dir='ltr'>spectes</span> <span class='ocrx_word' id='word_1_345' title='bbox 1935 2159 2114 2221; x_wconf 88' lang='lat' dir='ltr'>magni-</span> 
     </span>
     <span class='ocr_line' id='line_1_36' title="bbox 13 2213 2115 2284; baseline 0.003 -22"><span class='ocrx_word' id='word_1_346' title='bbox 13 2217 193 2279; x_wconf 71' lang='lat' dir='ltr'>tudine3</span> <span class='ocrx_word' id='word_1_347' title='bbox 230 2232 324 2262; x_wconf 91' lang='lat' dir='ltr'>non</span> <span class='ocrx_word' id='word_1_348' title='bbox 360 2217 604 2280; x_wconf 84' lang='lat' dir='ltr'>exiguam,</span> <span class='ocrx_word' id='word_1_349' title='bbox 641 2213 672 2260; x_wconf 92' lang='lat' dir='ltr'>fi</span> <span class='ocrx_word' id='word_1_350' title='bbox 706 2213 761 2260; x_wconf 89' lang='lat' dir='ltr'>ab</span> <span class='ocrx_word' id='word_1_351' title='bbox 796 2215 935 2259; x_wconf 88' lang='lat' dir='ltr'>animi</span> <span class='ocrx_word' id='word_1_352' title='bbox 973 2214 1096 2260; x_wconf 90' lang='lat' dir='ltr'>illam</span> <span class='ocrx_word' id='word_1_353' title='bbox 1131 2214 1179 2261; x_wconf 87' lang='lat'>&amp;</span> <span class='ocrx_word' id='word_1_354' title='bbox 1201 2217 1449 2262; x_wconf 88' lang='lat' dir='ltr'>voluntatis</span> <span class='ocrx_word' id='word_1_355' title='bbox 1477 2232 1600 2263; x_wconf 90' lang='lat' dir='ltr'>meae</span> <span class='ocrx_word' id='word_1_356' title='bbox 1622 2218 1822 2264; x_wconf 86' lang='lat' dir='ltr'>aestimes</span> <span class='ocrx_word' id='word_1_357' title='bbox 1844 2222 2115 2284; x_wconf 87' lang='lat' dir='ltr'>propenfio-</span> 
     </span>
     <span class='ocr_line' id='line_1_37' title="bbox 13 2277 2114 2348; baseline 0.003 -20"><span class='ocrx_word' id='word_1_358' title='bbox 13 2294 106 2328; x_wconf 86' lang='lat' dir='ltr'>ne·:</span> <span class='ocrx_word' id='word_1_359' title='bbox 156 2280 244 2328; x_wconf 90' lang='lat' dir='ltr'>five</span> <span class='ocrx_word' id='word_1_360' title='bbox 275 2280 475 2343; x_wconf 89' lang='lat' dir='ltr'>denique</span> <span class='ocrx_word' id='word_1_361' title='bbox 506 2280 642 2326; x_wconf 88' lang='lat' dir='ltr'>amici</span> <span class='ocrx_word' id='word_1_362' title='bbox 675 2277 702 2325; x_wconf 73' lang='lat' dir='ltr'>a</span> <span class='ocrx_word' id='word_1_363' title='bbox 735 2291 780 2323; x_wconf 90' lang='lat' dir='ltr'>te</span> <span class='ocrx_word' id='word_1_364' title='bbox 814 2278 1084 2340; x_wconf 88' lang='lat' dir='ltr'>propediem</span> <span class='ocrx_word' id='word_1_365' title='bbox 1118 2278 1172 2324; x_wconf 87' lang='lat' dir='ltr'>ad</span> <span class='ocrx_word' id='word_1_366' title='bbox 1207 2280 1589 2343; x_wconf 77' lang='lat' dir='ltr'>gubernationem</span> <span class='ocrx_word' id='word_1_367' title='bbox 1627 2282 1809 2330; x_wconf 89' lang='lat' dir='ltr'>illustris</span> <span class='ocrx_word' id='word_1_368' title='bbox 1846 2285 2114 2348; x_wconf 87' lang='lat' dir='ltr'>Gymnasii,</span> 
     </span>
     <span class='ocr_line' id='line_1_38' title="bbox 0 2311 2114 2408; baseline 0 -16"><span class='ocrx_word' id='word_1_369' title='bbox 0 2311 133 2408; x_wconf 74' lang='lat' dir='ltr'>lquod</span> <span class='ocrx_word' id='word_1_370' title='bbox 167 2346 214 2392; x_wconf 92' lang='lat' dir='ltr'>in</span> <span class='ocrx_word' id='word_1_371' title='bbox 247 2358 458 2392; x_wconf 88' lang='lat' dir='ltr'>veterum</span> <span class='ocrx_word' id='word_1_372' title='bbox 492 2343 773 2393; x_wconf 86' lang='lat' dir='ltr'>Soraborum</span> <span class='ocrx_word' id='word_1_373' title='bbox 809 2343 1061 2406; x_wconf 88' lang='lat' dir='ltr'>metropoli</span> <span class='ocrx_word' id='word_1_374' title='bbox 1096 2346 1357 2406; x_wconf 88' lang='lat' dir='ltr'>aperietur,</span> <span class='ocrx_word' id='word_1_375' title='bbox 1403 2346 1627 2392; x_wconf 67' lang='lat' dir='ltr'>discessuri</span> <span class='ocrx_word' id='word_1_376' title='bbox 1663 2353 1915 2408; x_wconf 71' lang='grc' dir='ltr'>μνημόσυνον</span> <span class='ocrx_word' id='word_1_377' title='bbox 1949 2350 2114 2398; x_wconf 82' lang='lat' dir='ltr'>habere</span> 
     </span>
     <span class='ocr_line' id='line_1_39' title="bbox 0 2389 2112 2481; baseline 0.003 -25"><span class='ocrx_word' id='word_1_378' title='bbox 0 2389 120 2481; x_wconf 62' lang='lat' dir='ltr'>&#39;velis</span> <span class='ocrx_word' id='word_1_379' title='bbox 148 2427 166 2456; x_wconf 80' lang='grc'>.-</span> <span class='ocrx_word' id='word_1_380' title='bbox 204 2423 424 2474; x_wconf 90' lang='lat' dir='ltr'>tuamque</span> <span class='ocrx_word' id='word_1_381' title='bbox 458 2425 566 2473; x_wconf 89' lang='lat' dir='ltr'>erga</span> <span class='ocrx_word' id='word_1_382' title='bbox 600 2425 674 2456; x_wconf 89' lang='lat' dir='ltr'>me</span> <span class='ocrx_word' id='word_1_383' title='bbox 712 2425 738 2470; x_wconf 82' lang='lat' dir='ltr'>a</span> <span class='ocrx_word' id='word_1_384' title='bbox 769 2406 940 2455; x_wconf 88' lang='lat' dir='ltr'>sentem</span> <span class='ocrx_word' id='word_1_385' title='bbox 977 2424 1163 2471; x_wconf 85' lang='lat' dir='ltr'>quoque</span> <span class='ocrx_word' id='word_1_386' title='bbox 1196 2408 1409 2456; x_wconf 83' lang='lat' dir='ltr'>conserva</span> <span class='ocrx_word' id='word_1_387' title='bbox 1440 2411 1825 2460; x_wconf 85' lang='lat' dir='ltr'>benevolentiam.</span> <span class='ocrx_word' id='word_1_388' title='bbox 1893 2415 2112 2463; x_wconf 87' lang='lat' dir='ltr'>Tuorum</span> 
     </span>
     <span class='ocr_line' id='line_1_40' title="bbox 0 2469 2112 2544; baseline 0.003 -24"><span class='ocrx_word' id='word_1_389' title='bbox 0 2469 193 2544; x_wconf 64' lang='lat' dir='ltr'>[quidem</span> <span class='ocrx_word' id='word_1_390' title='bbox 215 2473 479 2521; x_wconf 86' lang='lat' dir='ltr'>officiorum</span> <span class='ocrx_word' id='word_1_391' title='bbox 505 2475 736 2520; x_wconf 87' lang='lat' dir='ltr'>memoria.</span> <span class='ocrx_word' id='word_1_392' title='bbox 804 2472 870 2518; x_wconf 56' lang='lat' dir='ltr'>,ud</span> <span class='ocrx_word' id='word_1_393' title='bbox 896 2474 1099 2519; x_wconf 89' lang='lat' dir='ltr'>animum</span> <span class='ocrx_word' id='word_1_394' title='bbox 1122 2489 1276 2520; x_wconf 89' lang='lat' dir='ltr'>meum</span> <span class='ocrx_word' id='word_1_395' title='bbox 1302 2474 1513 2521; x_wconf 83' lang='lat' dir='ltr'>residebit</span> <span class='ocrx_word' id='word_1_396' title='bbox 1538 2491 1791 2542; x_wconf 83' lang='lat' dir='ltr'>perpetuo,</span> <span class='ocrx_word' id='word_1_397' title='bbox 1828 2478 1876 2525; x_wconf 84' lang='lat'>&amp;</span> <span class='ocrx_word' id='word_1_398' title='bbox 1903 2484 1973 2541; x_wconf 84' lang='lat' dir='ltr'>(ut</span> <span class='ocrx_word' id='word_1_399' title='bbox 1998 2483 2112 2544; x_wconf 80' lang='lat' dir='ltr'>poe&#39;-</span> 
     </span>
     <span class='ocr_line' id='line_1_41' title="bbox 14 2537 1218 2601; baseline 0.001 -18"><span class='ocrx_word' id='word_1_400' title='bbox 14 2548 86 2591; x_wconf 82' lang='lat' dir='ltr'>tae</span> <span class='ocrx_word' id='word_1_401' title='bbox 102 2539 242 2586; x_wconf 90' lang='lat' dir='ltr'>nostri</span> <span class='ocrx_word' id='word_1_402' title='bbox 266 2539 466 2586; x_wconf 85' lang='lat' dir='ltr'>versibus</span> <span class='ocrx_word' id='word_1_403' title='bbox 492 2540 609 2585; x_wconf 88' lang='lat' dir='ltr'>hanc</span> <span class='ocrx_word' id='word_1_404' title='bbox 635 2537 912 2584; x_wconf 89' lang='lat' dir='ltr'>concludam</span> <span class='ocrx_word' id='word_1_405' title='bbox 934 2538 1218 2601; x_wconf 75' lang='lat' dir='ltr'>epistolam.)</span> 
     </span>
     <span class='ocr_line' id='line_1_42' title="bbox 74 2603 1064 2671; baseline -0.003 -20"><span class='ocrx_word' id='word_1_406' title='bbox 74 2660 86 2671; x_wconf 45' lang='grc'><em>·</em></span> <span class='ocrx_word' id='word_1_407' title='bbox 137 2616 341 2651; x_wconf 83' lang='lat' dir='ltr'>—tunc</span> <span class='ocrx_word' id='word_1_408' title='bbox 364 2607 504 2651; x_wconf 81' lang='lat' dir='ltr'>meriti</span> <span class='ocrx_word' id='word_1_409' title='bbox 526 2607 725 2650; x_wconf 80' lang='lat' dir='ltr'>morietur</span> <span class='ocrx_word' id='word_1_410' title='bbox 740 2604 887 2665; x_wconf 75' lang='lat' dir='ltr'>gratia</span> <span class='ocrx_word' id='word_1_411' title='bbox 909 2603 1038 2663; x_wconf 82' lang='lat' dir='ltr'>vestri</span> <span class='ocrx_word' id='word_1_412' title='bbox 1050 2636 1064 2661; x_wconf 89' lang='lat'>‚</span> 
     </span>
     <span class='ocr_line' id='line_1_43' title="bbox 205 2667 1116 2732; baseline 0.001 -20"><span class='ocrx_word' id='word_1_413' title='bbox 205 2671 311 2725; x_wconf 82' lang='lat' dir='ltr'>Cum</span> <span class='ocrx_word' id='word_1_414' title='bbox 335 2672 436 2716; x_wconf 76' lang='lat' dir='ltr'>cinis</span> <span class='ocrx_word' id='word_1_415' title='bbox 458 2668 668 2732; x_wconf 73' lang='lat' dir='ltr'>absumpto</span> <span class='ocrx_word' id='word_1_416' title='bbox 693 2667 1011 2729; x_wconf 58' lang='lat' dir='ltr'>corporesablus</span> <span class='ocrx_word' id='word_1_417' title='bbox 1036 2684 1116 2714; x_wconf 75' lang='lat' dir='ltr'>ero.</span> 
     </span>
     <span class='ocr_line' id='line_1_44' title="bbox 0 2732 1218 2806; baseline 0.001 -28"><span class='ocrx_word' id='word_1_418' title='bbox 0 2743 3 2806; x_wconf 58' lang='grc' dir='ltr'><strong>ξ</strong></span> <span class='ocrx_word' id='word_1_419' title='bbox 137 2733 307 2791; x_wconf 73' lang='grc' dir='ltr'><em>Ραῖἶρν,</em></span> <span class='ocrx_word' id='word_1_420' title='bbox 341 2734 394 2786; x_wconf 66' lang='lat'>&amp;⁹</span> <span class='ocrx_word' id='word_1_421' title='bbox 417 2736 493 2780; x_wconf 74' lang='lat' dir='ltr'>illa</span> <span class='ocrx_word' id='word_1_422' title='bbox 512 2751 622 2780; x_wconf 79' lang='lat' dir='ltr'>meae</span> <span class='ocrx_word' id='word_1_423' title='bbox 628 2732 849 2797; x_wconf 78' lang='lat' dir='ltr'>superabit</span> <span class='ocrx_word' id='word_1_424' title='bbox 873 2743 1052 2792; x_wconf 73' lang='lat' dir='ltr'>tempora</span> <span class='ocrx_word' id='word_1_425' title='bbox 1074 2735 1218 2792; x_wconf 75' lang='lat' dir='ltr'>vitae,</span> 
     </span>
     <span class='ocr_line' id='line_1_45' title="bbox 0 2856 3 2899; baseline 0 0"><span class='ocrx_word' id='word_1_426' title='bbox 0 2856 3 2899; x_wconf 78' lang='lat' dir='ltr'>i</span> 
     </span>
     <span class='ocr_line' id='line_1_46' title="bbox 1 2903 3 2931; baseline 0 0"><span class='ocrx_word' id='word_1_427' title='bbox 1 2903 3 2931; x_wconf 72' lang='lat' dir='ltr'>i</span> 
     </span>
    </p>
   </div>
   <div class='ocr_carea' id='block_1_2' title="bbox 0 2547 3 2705">
    <p class='ocr_par' dir='ltr' id='par_1_2' title="bbox 0 2547 3 2705">
     <span class='ocr_line' id='line_1_47' title="bbox 0 2547 3 2705; baseline 0 0"><span class='ocrx_word' id='word_1_428' title='bbox 0 2547 3 2705; x_wconf 95' lang='lat' dir='ltr'> </span> 
     </span>
    </p>
   </div>
   <div class='ocr_carea' id='block_1_3' title="bbox 1 2797 2109 3058">
    <p class='ocr_par' dir='ltr' id='par_1_3' title="bbox 1 2797 1046 2859">
     <span class='ocr_line' id='line_1_48' title="bbox 1 2797 1046 2859; baseline 0 -17"><span class='ocrx_word' id='word_1_429' title='bbox 1 2810 3 2836; x_wconf 83' lang='lat'>!</span> <span class='ocrx_word' id='word_1_430' title='bbox 202 2798 253 2843; x_wconf 82' lang='lat' dir='ltr'>Si</span> <span class='ocrx_word' id='word_1_431' title='bbox 269 2807 409 2844; x_wconf 77' lang='lat' dir='ltr'>tamen</span> <span class='ocrx_word' id='word_1_432' title='bbox 428 2801 457 2843; x_wconf 81' lang='grc' dir='ltr'><em>ὰ</em></span> <span class='ocrx_word' id='word_1_433' title='bbox 482 2801 649 2845; x_wconf 81' lang='lat' dir='ltr'>memori</span> <span class='ocrx_word' id='word_1_434' title='bbox 663 2797 902 2859; x_wconf 75' lang='lat' dir='ltr'>posteritate</span> <span class='ocrx_word' id='word_1_435' title='bbox 921 2800 1046 2859; x_wconf 72' lang='lat' dir='ltr'>legar.</span> 
     </span>
    </p>

    <p class='ocr_par' dir='ltr' id='par_1_4' title="bbox 1 2848 2109 3058">
     <span class='ocr_line' id='line_1_49' title="bbox 15 2848 2107 2928; baseline 0.003 -22"><span class='ocrx_word' id='word_1_436' title='bbox 15 2848 128 2918; x_wconf 77' lang='lat' dir='ltr'>Vale</span> <span class='ocrx_word' id='word_1_437' title='bbox 148 2859 360 2907; x_wconf 81' lang='lat' dir='ltr'>feliciter.</span> <span class='ocrx_word' id='word_1_438' title='bbox 427 2857 608 2925; x_wconf 81' lang='lat' dir='ltr'>Lipsiae</span> <span class='ocrx_word' id='word_1_439' title='bbox 631 2861 829 2909; x_wconf 87' lang='lat' dir='ltr'>Kalend.</span> <span class='ocrx_word' id='word_1_440' title='bbox 849 2861 1033 2920; x_wconf 87' lang='lat' dir='ltr'>Januar.</span> <span class='ocrx_word' id='word_1_441' title='bbox 1057 2862 1196 2925; x_wconf 83' lang='lat' dir='ltr'>Anno</span> <span class='ocrx_word' id='word_1_442' title='bbox 1219 2860 1446 2910; x_wconf 77' lang='lat' dir='ltr'>CmusTi</span> <span class='ocrx_word' id='word_1_443' title='bbox 1461 2863 1587 2924; x_wconf 71' lang='lat' dir='ltr'>JEsU</span> <span class='ocrx_word' id='word_1_444' title='bbox 1612 2879 1668 2910; x_wconf 86' lang='lat' dir='ltr'>M.</span> <span class='ocrx_word' id='word_1_445' title='bbox 1684 2880 1734 2910; x_wconf 89' lang='lat' dir='ltr'>D.</span> <span class='ocrx_word' id='word_1_446' title='bbox 1749 2880 1937 2912; x_wconf 80' lang='lat' dir='ltr'>Lxxxu.</span> <span class='ocrx_word' id='word_1_447' title='bbox 1973 2881 2107 2928; x_wconf 86' lang='lat' dir='ltr'>quem</span> 
     </span>
     <span class='ocr_line' id='line_1_50' title="bbox 1 2917 2109 2992; baseline 0.004 -23"><span class='ocrx_word' id='word_1_448' title='bbox 1 2934 280 2987; x_wconf 58' lang='lat' dir='ltr'>ipraepotens</span> <span class='ocrx_word' id='word_1_449' title='bbox 312 2925 362 2972; x_wconf 84' lang='lat'>&amp;</span> <span class='ocrx_word' id='word_1_450' title='bbox 398 2924 654 2974; x_wconf 87' lang='lat' dir='ltr'>misericors</span> <span class='ocrx_word' id='word_1_451' title='bbox 686 2927 830 2974; x_wconf 68' lang='lat' dir='ltr'>Deus</span> <span class='ocrx_word' id='word_1_452' title='bbox 864 2926 1098 2974; x_wconf 79' lang='lat' dir='ltr'>Ecclesiae</span> <span class='ocrx_word' id='word_1_453' title='bbox 1121 2927 1168 2974; x_wconf 82' lang='lat'>&amp;</span> <span class='ocrx_word' id='word_1_454' title='bbox 1191 2928 1400 2990; x_wconf 87' lang='lat' dir='ltr'>Reipub.</span> <span class='ocrx_word' id='word_1_455' title='bbox 1435 2928 1652 2992; x_wconf 70' lang='lat' dir='ltr'>nobisque</span> <span class='ocrx_word' id='word_1_456' title='bbox 1676 2917 2109 2978; x_wconf 79' lang='lat' dir='ltr'>omnibusfaustum</span> 
     </span>
     <span class='ocr_line' id='line_1_51' title="bbox 2 2983 1189 3058; baseline 0.004 -23"><span class='ocrx_word' id='word_1_457' title='bbox 2 2983 260 3055; x_wconf 70' lang='lat' dir='ltr'>&amp;felicem</span> <span class='ocrx_word' id='word_1_458' title='bbox 282 2990 368 3038; x_wconf 78' lang='lat' dir='ltr'>ess‘e</span> <span class='ocrx_word' id='word_1_459' title='bbox 382 2989 559 3058; x_wconf 85' lang='lat' dir='ltr'>jubeat.</span> <span class='ocrx_word' id='word_1_460' title='bbox 1173 2991 1189 3018; x_wconf 64' lang='lat'><em>³</em></span> 
     </span>
    </p>
   </div>
   <div class='ocr_carea' id='block_1_4' title="bbox 1964 3228 2110 3277">
    <p class='ocr_par' dir='ltr' id='par_1_5' title="bbox 1964 3228 2110 3277">
     <span class='ocr_line' id='line_1_52' title="bbox 1964 3228 2110 3277; baseline -0.007 0"><span class='ocrx_word' id='word_1_461' title='bbox 1964 3228 2110 3277; x_wconf 91' lang='lat' dir='ltr'>DA-</span> 
     </span>
    </p>
   </div>
  </div>
 </body>
</html>
