2547 3708
945 151 997 201 V
1030 154 1055 204 Ῑ
1086 155 1234 210 T*A,1
1312 197 1315 201 -
2071 174 2141 219 ‚111

245 251 380 295 Frater
397 247 450 290 ad
468 243 657 302 eloquium
677 242 798 286 viridi
817 244 991 286 tendebat
1007 247 1054 288 ab
1075 260 1191 301 aevo,

296 303 423 344 Fortia
439 298 580 349 verbosi
594 308 707 339 natus
725 299 779 338 ad
796 313 906 340 arma
914 299 1014 352 fori.

243 358 299 399 At
317 355 412 396 mihi
424 355 512 407 jam
525 363 642 407 puero
662 351 830 405 coelestia
837 353 953 405 sacra
964 353 1189 407 placebant,

293 409 413 462 Inque
420 409 540 460 suum
549 406 696 456 furtim
715 405 834 458 Musa
851 407 1027 448 trahebat
1045 418 1146 462 opus.

235 463 354 517 Saepe
367 471 480 516 pater
495 460 624 501 dixit:
652 459 833 500 Studium
849 461 946 516 quid
957 460 1096 502 inutile
1114 460 1264 503 tentas?

294 514 516 556 Maeonides
531 513 656 554 nullas
675 513 748 567 ipse
766 512 922 568 reliquit
937 523 1031 568 opes.

237 568 374 610 Motus
390 581 496 608 eram
513 568 647 618 clidis,
674 575 821 619 totoque
838 564 1019 607 Helicone
1035 568 1187 621 reditio,

294 622 463 662 Scribere
481 622 638 661 conabar
658 618 773 658 verba
781 619 911 670 soluta
928 621 1059 663 modis.

240 675 376 730 Sponte
383 675 459 725 sua
477 687 628 714 carmen
646 685 820 712 numeros
840 674 1014 715 veniebat
1031 675 1086 715 ad
1103 685 1228 729 aptos:

293 728 493 785 Quidquid
506 727 663 767 conabar
671 725 859 776 firibere,
886 727 1018 778 versus
1035 739 1132 769 erat.

238 782 392 822 Interea
405 811 418 832 ,
447 781 560 820 tacito
570 778 680 833 paffu
698 776 908 820 labentibus
930 781 1039 820 annis
1052 812 1065 833 ,

293 832 470 874 Liberior
476 832 604 883 fratri
614 833 772 886 sumpta
783 862 796 884 ,
824 832 994 888 mihique
1009 844 1096 890 toga
1113 834 1188 887 est;

237 885 490 942 Induiturque
508 885 677 925 humeris
701 899 789 924 cum
807 884 882 926 lato
893 896 1070 941 purpura
1089 887 1219 939 clavo,

291 939 350 980 Et
359 938 532 992 studium
549 939 672 990 nobis,
698 937 799 992 quod
801 938 890 989 fuit
904 949 992 980 ante
1003 972 1014 992 ‚
1040 950 1183 981 manet.

237 993 411 1049 Jamque
434 993 560 1032 decem
580 992 685 1032 vitae
694 993 825 1043 frater
836 993 1107 1048 geminaverat
1126 1006 1241 1034 anno:
1253 1023 1264 1045 ,

291 1046 397 1087 Cum
422 1047 546 1099 perit,
573 1044 627 1091 {9⁵
646 1045 745 1099 coepi
755 1055 868 1098 parte
886 1061 1013 1087 carere
1030 1049 1120 1088 mei.

238 1099 420 1154 Cepimus
433 1097 486 1145 ἐς,
505 1109 656 1139 tenerae
670 1098 814 1152 primos
833 1101 970 1142 aetatis
987 1101 1155 1153 honores,

292 1153 429 1209 Deque
448 1152 547 1192 viris
563 1151 751 1207 quondam
765 1162 857 1207 pars
875 1153 997 1194 tribus
1018 1169 1097 1195 una
1108 1155 1189 1205 fui.

238 1206 363 1248 Curia
381 1205 565 1258 restabat:
595 1205 697 1244 clavi
712 1206 886 1257 mensura
904 1208 1031 1248 coatia
1048 1209 1112 1261 est.

292 1258 429 1312 Majus
447 1268 531 1299 erat
546 1258 678 1310 nostris
697 1259 845 1298 viribus
864 1258 964 1300 illud
978 1275 1082 1301 onus.

241 1310 330 1351 Nec
343 1312 497 1365 patiens
511 1321 663 1366 corpus,
691 1326 759 1351 nec
778 1325 884 1352 mens
901 1323 986 1354 erat
1002 1323 1093 1368 apta
1110 1313 1247 1357 labori:

291 1364 552 1419 Sollicitaeque
560 1365 692 1417 fugax
711 1366 923 1406 ambitionis
941 1381 1068 1408 eram:

239 1417 298 1458 Et
306 1427 436 1472 petere
453 1417 596 1458 Aoniae
602 1417 816 1468 suadebant
834 1429 922 1466 tuta
928 1421 1074 1472 sorores

293 1473 405 1522 otia,
421 1471 568 1524 judicio
577 1471 730 1525 semper
748 1482 878 1513 amata
898 1487 993 1519 meo,

239 1521 432 1578 Temporis
449 1523 553 1565 illius
570 1522 668 1564 colui
675 1524 834 1580 fovique
845 1530 999 1578 poetas:

295 1577 467 1634 Qotque
487 1578 648 1618 aderant
664 1587 795 1631 vates,
819 1580 929 1620 rebar
945 1579 1063 1634 adcffe
1083 1580 1179 1622 deos.

235 1631 308 1672 Sae
332 1645 352 1670 e
357 1632 452 1684 suas
472 1630 642 1671 volucres
659 1630 748 1686 legit
767 1632 865 1672 mihi
872 1633 1058 1688 grandior
1074 1648 1167 1674 aevo
1179 1665 1191 1687 ‚

290 1641 471 1740 &aeque
481 1695 586 1725 nocet
593 1684 769 1738 serpens,
781 1699 876 1740 quae
883 1687 1004 1739 juvat
1024 1687 1159 1740 herba,
1170 1686 1324 1729 lWacer.

237 1736 353 1790 Saepe
359 1741 448 1789 suos
455 1737 770 1789 solituslrecitare
797 1739 1024 1794 Propertius
1042 1741 1165 1796 ignes,

292 1791 397 1843 Jure
408 1791 579 1843 fhdalitii
590 1792 662 1846 'qui
682 1791 779 1831 mihi
786 1793 948 1845 junc‘Ius
973 1804 1070 1839 erat.

237 1842 424 1886 Ponticus
443 1845 565 1887 Heroo
577 1874 588 1894 ‚
618 1844 763 1889 Battus
781 1859 926 1902 quoque
945 1847 1070 1889 clarus
1089 1848 1252 1903 lambis,

296 1896 440 1938 Dulcia
461 1898 654 1938 convietus
673 1900 842 1939 membra
853 1901 968 1950 fuere
989 1903 1076 1942 mei.

243 1947 425 1990 Detinuit
443 1951 582 2002 nostras
600 1953 815 2003 numerosus
833 1952 1020 1993 Horatius
1037 1969 1170 2007 aures,

295 1998 408 2042 Dum
422 2001 520 2053 ferit
538 2003 700 2055 Ausonia
720 2006 893 2045 carmina
910 2006 1013 2046 culta
1033 2007 1126 2059 lyra.

240 2054 449 2109 Virgilium
468 2055 550 2095 vidi
570 2065 739 2098 tantum:
770 2071 836 2097 nec
854 2073 976 2098 avara
993 2055 1144 2100 Tibullo

172 2134 178 2137 -
302 2105 469 2165 Tempus
487 2110 680 2150 amicitiae
693 2110 784 2159 fata
801 2111 935 2152 dedere
955 2126 1074 2156 meae.

231 2161 436 2216 ,ὅκα-εἶβον
447 2161 533 2212 fuit
552 2161 613 2201 hic
631 2162 701 2201 tibi
717 2162 848 2216 Galle,
879 2164 1104 2220 Propertius
1123 2164 1196 2205 illi.

301 2215 473 2272 Quartus
488 2215 536 2254 ab
546 2214 609 2254 'his
617 2214 716 2265 serie
732 2218 910 2270 temporis
927 2219 998 2271 ipse
1006 2218 1096 2268 fui:

245 2267 374 2323 thue
393 2283 456 2324 ego
475 2269 652 2320 majores,
670 2266 729 2317 fic
745 2283 806 2308 me
823 2269 968 2310 coluere
985 2269 1169 2311 minores:

301 2323 481 2377 Notaque
498 2336 571 2362 non
590 2321 699 2362 tarde
708 2322 819 2376 fac‘la
835 2319 995 2365 Thaleia
1015 2339 1100 2364 mea
1118 2324 1182 2377 est.

43 2394 92 2442 ln
115 2390 291 2487 febcundo
322 2391 372 2434 de
390 2389 587 2432 Tristibus
617 2390 659 2432 se
688 2390 728 2431 &
761 2391 1024 2435 cauffidicum
1056 2391 1170 2434 fuisse
1186 2390 1341 2444 scribit,
1371 2390 1408 2432 &
1430 2390 1469 2431 in
1489 2388 1650 2443 privatis
1670 2389 2053 2446 cauffis'arbitrum,
2081 2394 2141 2437 his

45 2454 139 2489 νεῖ]
169 2457 234 2487 us:
2002 2474 2005 2475 γ

204 2507 209 2514 ’
239 2509 327 2551 Nec
344 2507 441 2550 male
460 2509 647 2563 commista
668 2511 837 2564 estmobis
844 2510 1005 2563 fortuna
1028 2526 1178 2554 reorum

291 2561 414 2619 Usque
433 2563 696 2604 decemdecies
712 2566 938 2619 inspicienda
956 2566 1065 2606 viris.

227 2615 316 2657 'Res
338 2630 479 2672 quoque
488 2618 668 2673 privatas
674 2618 801 2671 statui
805 2618 891 2668 fine
909 2619 1068 2660 crimine
1080 2618 1228 2671 jadex:

294 2667 431 2726 Deque
452 2685 536 2711 mea
546 2671 647 2724 ,βψ
664 2672 714 2723 est
730 2682 822 2726 pars
838 2687 984 2729 quoque
1005 2673 1110 2713 vifft'a
1120 2673 1215 2726 fide.

46 2734 246 2787 Benignus
262 2735 384 2776 etiam
401 2737 500 2778 adeo
519 2738 617 2791 fnit,
643 2748 686 2780 ut
706 2742 845 2781 nullus
865 2754 1048 2794 unquam
1065 2754 1192 2795 opus,
1220 2740 1333 2794 quod
1355 2738 1436 2792 ipse
1457 2738 1768 2792 composuerat,
1799 2737 1999 2792 carpserit,
2027 2737 2137 2791 quod

45 2790 98 2831 fic
123 2787 202 2840 ipse
224 2786 378 2827 testatur
394 2788 435 2828 in
458 2803 518 2830 ιν.
536 2790 606 2832 De
623 2791 748 2838 Trist.
769 2797 869 2849 eleg.
901 2807 959 2836 1x.

247 2851 335 2892 Nec
351 2853 416 2904 qui
433 2855 618 2897 detranat
627 2861 860 2912 praesentia,
887 2861 985 2901 livor
1005 2862 1132 2917 ianuo

295 2903 429 2945 Ullum
447 2906 638 2959 denostris
655 2912 761 2953 dente
781 2915 980 2955 momordit
997 2926 1097 2970 opus,

43 2972 137 3033 Fuit
166 2971 213 3012 δι.
237 2972 418 3012 moribus
447 2973 734 3034 ornatiffimus,
762 2993 855 3023 nam
885 2983 923 3023 &
958 2983 1100 3024 vinum
1129 2987 1259 3026 multa
1275 2996 1380 3038 aqua
1398 2982 1576 3025 dilutum
1597 2983 1777 3034 bibebat,
1808 2982 1844 3023 ἃ
1866 2982 1887 3023 ὲ
1906 2976 2135 3021 detestando

42 3037 259 3136 Ξῖιεεέοέιιω
287 3026 509 3068 concub1tu
538 3027 790 3086 abhorrebat,
821 3045 985 3090 eratque
1016 3050 1138 3090 purus
1170 3039 1306 3082 omnIS
1337 3037 1509 3081 sceleri&
1538 3037 1590 3078 fic
1611 3039 1722 3080 enim
1741 3036 1824 3091 ipse
1849 3049 1883 3082 ι.
1909 3034 1978 3079 De
1997 3032 2135 3113 Ponto

169 3183 187 3208 ·.
243 3148 401 3192 Parvus
417 3151 459 3191 in
478 3150 595 3191 exiles
601 3152 738 3203 succus
754 3139 849 3194 mihi
859 3139 1181 3215 ⁴pervenit-artus,

287 3201 547 3263 ..Membraque
553 3207 650 3258 sunt
671 3221 758 3249 cera
764 3207 1094 3269 pallidioravnova.
1457 3230 1461 3234 ’
1535 3230 1557 3237 ”
1591 3266 1594 3268 ,
1740 3261 1748 3269 2
2044 3269 2098 3311 N
2122 3224 2133 3263 .'

1394 3275 1429 3318 Β
1456 3290 1481 3318 2
2093 3286 2137 3313 on
