2547 3708
384 114 482 187 176²
907 110 1966 167 DEDICATIONESET
2087 75 2095 82 ’
2516 0 2547 167 ‘il

2542 147 2547 167 i

376 210 670 274 prudentiam
707 210 754 257 Sc
779 206 1018 256 confilium
1044 223 1215 253 meum.
1284 205 1376 252 His
1403 206 1450 253 &
1478 206 1508 252 fi
1534 206 1679 252 multa
1704 208 1806 252 sunt
1829 210 1944 268 quae
1966 208 2071 270 jure
2092 220 2354 271 opponam,
2387 212 2485 261 nul-
2520 179 2547 274 ssi

376 279 418 322 la
443 289 596 323 tamen
628 278 692 322 est
727 275 918 325 validior
942 274 989 319 ὃς
1013 270 1421 335 inexpugnabillor
1446 272 1592 330 ratio,
1627 287 1762 334 quam
1788 287 1901 334 quae
1927 275 2126 333 primum
2155 274 2336 334 movit,
2370 292 2485 325 eam·
2539 284 2547 354 l

378 357 470 403 que
496 358 569 388 me
593 342 842 388 assecutum
870 337 1066 402 gaudeo.
1133 335 1258 382 Cum
1282 338 1404 382 enim
1432 335 1480 382 &
1502 336 1596 400 spes
1623 338 1671 382 ὃς
1694 337 1809 381 ratio
1833 334 2087 383 studiorum
2110 339 2157 383 in
2183 338 2370 386 Caesare
2389 355 2483 390 tan·
2522 361 2547 392 ,ι

379 420 510 466 tum,
537 409 629 453 hoc
654 405 744 463 est,
770 408 814 450 in
840 403 1129 468 principibus
1152 400 1207 447 fit
1233 400 1459 465 repofita,
1494 400 1671 446 sublato
1695 413 1887 446 cruenta
1908 402 2045 446 caede
2073 403 2484 455 Mediolanenfium
2522 427 2547 473 ῃ,

377 474 498 518 duce
519 473 735 519 Galeatio
761 469 1069 529 Maria,acris
1091 466 1139 513 δί
1161 466 1363 530 ingenii,
1380 465 1607 530 &judicii
1633 466 1872 529 principe,
1909 465 2213 531 statribusque
2233 470 2328 531 ejus
2351 472 2483 519 Asca-
2523 473 2547 524 ¹¹³,

380 538 461 583 nio
486 536 628 583 sacrae
642 537 883 582 Romanae
901 531 1116 580 ecclesiae
1130 532 1457 595 protonotario
1474 565 1488 589 ,
1501 530 1548 576 &
1562 531 1798 594 Sphortia,
1813 531 1915 576 Bari
1931 530 2050 577 duce
2062 565 2076 589 ,
2089 532 2134 578 ὃς
2152 534 2370 580 Ludoico
2383 538 2484 585 Ma..
2523 556 2547 590 ῥὶς

378 603 442 648 ria
468 602 515 647 in
537 602 727 647 exilium
755 599 924 661 ejeftis.
958 613 1043 643 nec
1069 613 1164 642 non
1188 597 1407 642 Roberto
1424 597 1760 643 Sanseverinate
1781 595 1943 642 illustri
1968 597 2015 643 ἓξ
2042 599 2232 644 maximi
2256 600 2396 646 animi
2421 604 2485 649 vi-
2524 597 2547 653 a

379 683 433 712 ro
448 700 462 724 ,
497 667 544 712 in
568 665 733 728 quibus
753 657 1006 727 plurimum
1030 660 1122 725 spei
1148 661 1195 706 &
1217 660 1425 724 praesidii
1448 661 1561 706 mihi
1588 661 1734 707 fuerat
1749 693 1763 718 ,
1786 661 1896 724 quid
1923 661 2188 725 professioni
2211 680 2336 710 meae
2358 678 2484 729 opta-

377 730 512 776 bilius
548 729 633 776 effe
670 730 828 791 potuit
864 744 1000 793 quam
1033 742 1139 772 eum
1165 727 1425 788 principem
1454 726 1680 784 nancisci,
1715 726 1795 788 qui
1821 724 1963 772 studia
1986 726 2249 790 laboresque
2271 745 2398 777 meos
2419 748 2485 778 re·
2525 737 2528 776 ζ

380 793 608 857 spicer-et?
646 795 791 857 Atqui
817 794 942 840 hunc
968 792 1199 855 inclytum
1220 791 1564 838 Montisferrati
1586 792 1917 837 Marchionem
1944 791 2234 840 Gulielmum
2262 810 2367 841 eum
2390 796 2486 844 fore
2526 790 2538 840 ε’

377 858 553 921 speravi
568 858 644 917 ,δε
665 857 865 905 confisus
889 857 982 905 sum
999 891 1014 916 ,
1040 858 1146 920 quia
1168 872 1271 903 eum
1286 890 1300 915 ,
1334 856 1475 907 utiest
1488 855 1701 902 Caesarea
1724 855 1861 917 stirpe
1883 857 2069 920 genitus
2094 874 2186 904 non
2210 860 2352 906 modo
2377 859 2486 907 libe-

379 923 481 969 ralis
515 922 564 969 δε
596 923 787 987 benigni
823 925 1026 987 ingenii,
1061 936 1223 969 verum
1257 922 1394 968 etiarn
1427 921 1615 968 humani
1643 921 1691 967 ὃς
1715 922 1882 967 eruditi
1915 921 2002 967 effe
2031 923 2284 971 audiebam.
2318 940 2374 971 ex
2399 943 2488 990 quo
2526 955 2528 957 -

379 989 550 1034 merito
591 1004 686 1034 non
718 988 926 1035 dubitavi
959 1003 1065 1034 eum
1105 985 1205 1033 fore
1238 1003 1345 1050 erga
1385 986 1642 1033 liberalium
1677 985 1846 1032 artium
1869 985 2139 1049 profeffores
2162 987 2418 1053 benignum
2443 992 2489 1040 ὃς

382 1051 688 1099 munificum:
727 1053 844 1100 ficut
877 1053 998 1099 enim
1015 1067 1153 1098 nemo
1175 1051 1275 1098 satis
1300 1050 1456 1115 diligit
1472 1086 1488 1111 ,
1522 1051 1646 1113 quod
1669 1067 1764 1097 non
1789 1052 1949 1110 novit,
1987 1052 2049 1099 ita
2074 1067 2293 1116 oportet,
2328 1055 2490 1119 quibus
2528 1058 2530 1067 ¹

379 1117 552 1163 artibus
578 1116 798 1182 quispiam
826 1117 1107 1176 delestetur,
1142 1132 1212 1163 eas
1237 1117 1366 1162 omni
1389 1115 1610 1179 praesidio
1635 1115 1681 1161 &
1708 1115 1865 1162 favore
1889 1117 2024 1162 tueri.
2093 1118 2229 1176 Quae
2251 1132 2404 1167 autern
2433 1106 2504 1181 el}v

381 1182 577 1230 liberalis
611 1200 707 1242 ars,
741 1195 794 1230 ut
826 1198 921 1230 rem
959 1182 1204 1228 militarem
1236 1182 1483 1241 omittam,
1518 1182 1649 1243 cujus
1681 1181 1832 1227 omnis
1866 1197 2079 1227 numeros
2114 1195 2329 1246 tanquam
2371 1186 2495 1235 Mars

383 1246 477 1310 ipse
502 1247 557 1293 ad
580 1264 721 1294 unum
746 1246 1021 1294 exa&issime
1042 1259 1170 1294 tenet
1185 1281 1200 1306 ,
1215 1245 1262 1292 &
1284 1248 1332 1293 in
1354 1263 1466 1309 qua,
1500 1245 1694 1291 aliorum
1718 1262 1829 1310 pace
1853 1246 2046 1292 dixerim
2064 1280 2079 1306 ,
2114 1248 2248 1295 facile
2269 1249 2498 1314 principass

386 1324 490 1358 tum
514 1311 712 1359 obtinet.
759 1313 922 1372 Qae,
947 1313 1161 1376 inquam,
1191 1328 1258 1358 ars
1279 1311 1341 1358 est
1367 1310 1563 1358 liberalis
1579 1344 1595 1368 ‚
1630 1309 1686 1357 de
1709 1327 1798 1374 qua
1820 1311 1896 1357 hic
1920 1328 2014 1357 non
2039 1312 2172 1375 poffit
2197 1330 2304 1360 cum
2329 1314 2498 1365 summa
2526 1355 2527 1359 ,

383 1376 517 1423 laude
552 1376 599 1423 δί
633 1377 902 1442 respondere
938 1377 986 1423 &
1022 1376 1276 1441 disputare:
1315 1375 1531 1423 Vidimus
1559 1375 1607 1421 δί
1628 1377 1882 1422 audivimus
1901 1376 2251 1440 saepenumero,
2285 1394 2392 1427 cum
2421 1385 2498 1438 co.-f

386 1458 481 1489 ram
506 1457 563 1487 eo
580 1474 596 1500 ,
632 1456 684 1489 ut
706 1442 979 1506 plerumque
1002 1440 1087 1499 fit,
1122 1442 1179 1488 de
1200 1440 1332 1488 rebus
1357 1441 1577 1506 gravibus
1602 1442 1649 1487 &
1672 1440 1791 1487 seriis
1812 1441 1957 1487 sermo
1984 1446 2212 1502 oriretur,
2247 1459 2416 1506 quanta
2437 1446 2499 1494 fa*
2532 1446 2534 1455 '

386 1505 582 1565 cundia,
604 1520 778 1568 quanto
804 1508 1041 1565 acumine,
1066 1520 1234 1570 quanta
1261 1508 1472 1553 omnium
1498 1506 1800 1552 admiratione
1822 1505 2089 1569 respondeat
2106 1541 2119 1567 ,
2156 1521 2208 1554 ut
2230 1525 2325 1556 non
2350 1511 2501 1571 omnia
2532 1516 2534 1522 ’

388 1572 660 1636 percurrisse
675 1606 691 1631 ,
726 1571 797 1618 sed
821 1571 999 1636 singula
1022 1571 1075 1618 ad
1098 1587 1302 1635 unguem
1326 1584 1480 1618 tenere
1501 1571 1737 1630 videatur,
1771 1571 1901 1630 Qud
1927 1588 2034 1618 cum
2058 1574 2164 1620 viris
2185 1573 2400 1636 gravibus
2424 1574 2503 1638 auti

386 1652 661 1699 magnorum
688 1637 953 1700 principum
980 1637 1141 1701 legatis
1163 1636 1406 1701 respondet
1422 1670 1437 1696 ,
1460 1652 1597 1701 quem
1624 1636 1859 1682 Caesarem
1878 1672 1893 1697 ,
1919 1653 2054 1700 quem
2082 1637 2312 1685 Catonem
2327 1673 2342 1698 ,
2366 1656 2503 1710 quern
2526 1667 2529 1685 ;

388 1700 758 1765 Epaminundam
782 1715 860 1749 aut
883 1701 1254 1749 Themistoclem
1278 1702 1390 1749 huic
1416 1715 1690 1765 anteponas:
1728 1701 1818 1748 Sed
1848 1704 2065 1765 quoniam
2100 1703 2337 1766 epistolam
2360 1739 2375 1764 ,
2410 1723 2501 1755 non
2528 1734 2529 1743 κ

391 1766 626 1813 historiam
655 1780 734 1813 aut
756 1769 1011 1815 orationem
1050 1765 1322 1826 conscribO,
1357 1782 1505 1830 neque
1537 1769 1648 1814 licet
1671 1768 1826 1814 omnia
1859 1767 2137 1830 compleffi,
2183 1782 2315 1816 taceo
2351 1787 2501 1823 rerum
2528 1799 2529 1810 ι

387 1830 517 1879 domi
546 1831 750 1895 bellique
785 1832 840 1879 ab
877 1848 932 1879 eo
967 1832 1195 1897 gestarum
1233 1833 1600 1896 magnitudinem
1628 1866 1642 1891 ,
1689 1833 1860 1879 omitto
1892 1836 1988 1896 ejus
2023 1835 2371 1896 temperantiam
2395 1871 2411 1896 ,
2455 1837 2502 1886 ὃς

387 1895 573 1945 vivendi
606 1913 813 1943 normam
854 1897 1177 1945 exacffiffimam
1201 1931 1218 1956 ,
1263 1900 1438 1944 omitto
1473 1897 1761 1961 prudentiam
1788 1931 1802 1956 ,
1850 1898 1898 1944 ὃς
1933 1897 2231 1945 consiliorum
2265 1904 2501 1949 maturita-

378 1974 514 2020 tem,
557 1963 733 2008 omitto
768 1962 1085 2026 vigilantiam,
1121 1965 1293 2009 omitto
1326 1963 1751 2021 mansuetudinem,
1787 1961 2053 2008 facilitatem
2072 1997 2087 2023 ,
2124 1963 2171 2009 δί
2200 1966 2247 2011 in
2278 1966 2502 2025 audiendo

386 2027 684 2089 patientiam,
720 2028 798 2089 qui
835 2028 1037 2087 nemini,
1072 2043 1219 2091 neque
1248 2027 1411 2087 diviti,
1450 2043 1597 2090 neque
1635 2028 1824 2090 pauperi
1850 2027 2023 2073 aditum
2047 2029 2098 2074 ad
2124 2027 2165 2074 se
2191 2030 2391 2089 claudit,
2426 2043 2502 2079 aut
2526 2048 2529 2073 ι’

387 2107 516 2136 aures
550 2091 787 2137 facillimas
821 2105 973 2156 negat.
1042 2094 1238 2139 Omitto
1269 2093 1315 2138 in
1348 2092 1580 2138 reddendo
1605 2093 1708 2154 jure
1743 2093 2018 2156 aequitatem
2045 2126 2060 2151 ,
2105 2093 2276 2139 omitto
2308 2095 2504 2157 denique

390 2157 530 2200 animi
565 2157 959 2218 magnitudinem,
994 2174 1082 2220 qua
1114 2156 1284 2204 saelum
1322 2156 1413 2216 est,
1450 2171 1500 2203 ut
1531 2174 1625 2203 non
1651 2156 1790 2202 modo
1817 2157 2047 2202 universae
2076 2157 2411 2206 Montisferrati
2436 2176 2502 2206 re*

388 2220 518 2282 gioni
553 2236 688 2281 quam
713 2221 929 2282 plurimas
952 2221 1240 2269 fortunarum
1267 2221 1313 2268 &
1337 2221 1620 2285 dignitatum
1648 2220 1918 2267 acceffiones
1951 2221 2156 2281 dederit,
2192 2224 2363 2286 oppida
2398 2242 2496 2271 mu-

391 2285 448 2329 ris
496 2283 696 2329 cinxerit
723 2317 738 2342 ,
785 2301 906 2331 arces
944 2286 1258 2333 munitissimas
1281 2319 1296 2343 ,
1344 2285 1392 2331 &
1426 2301 1573 2347 prope
1615 2285 1993 2348 inexpugnabiles
2024 2287 2346 2334 construxerit.
2415 2289 2500 2336 Sed

393 2349 601 2408 inprimis
638 2347 783 2394 Casali
806 2383 820 2407 ,
865 2350 991 2411 quod
1036 2353 1225 2397 nomine
1259 2348 1402 2397 Urbis
1447 2349 1495 2396 &
1540 2347 1694 2396 virum
1739 2348 1967 2412 dignitate
1990 2383 2005 2408 ,
2051 2351 2097 2396 δε
2147 2355 2381 2399 moenium
2427 2355 2501 2400 ad-

388 2415 665 2471 miratione,
703 2412 751 2458 &
787 2413 1107 2460 aedificiorum
1123 2415 1381 2477 elegantia,
1418 2414 1466 2460 δί
1491 2430 1671 2460 morum
1699 2413 1828 2459 cultu
1849 2417 1943 2477 jam
1970 2416 2032 2460 ita
2053 2415 2319 2477 decoravit,
2353 2431 2406 2465 ut
2430 2433 2500 2466 to-

393 2492 492 2524 tum
517 2492 633 2540 pene
656 2478 953 2524 immutatum
979 2478 1202 2525 videatur.
1238 2480 1366 2524 Nam
1398 2494 1483 2542 qua
1507 2478 1757 2541 religione,
1773 2494 1925 2541 quove
1950 2480 2080 2525 cultu
2104 2480 2238 2526 deum
2264 2484 2500 2530 immorta-

393 2542 485 2588 lem
522 2555 795 2601 veneretur,
825 2537 921 2605 ja‘m
954 2543 1144 2589 testatur
1182 2544 1392 2589 maximis
1428 2542 1515 2589 suis
1549 2542 1805 2606 sumptibus
1844 2560 1950 2590 cum
1977 2543 2084 2590 alibi
2112 2558 2209 2592 tum
2235 2546 2381 2594 Casali
2405 2564 2500 2594 ere·
2536 2563 2539 2594 ἒ

393 2606 467 2654 &a
499 2606 695 2669 templa,
728 2607 940 2654 extrueta
964 2607 1217 2666 coenobia,
1252 2606 1417 2653 aflidue
1436 2608 1483 2653 in
1511 2608 1744 2671 religiosos
1765 2609 1886 2655 viros
1909 2609 2076 2656 collata
2099 2627 2300 2658 munera.
2370 2612 2501 2671 Quae
2536 2599 2547 2681 {3

2542 2714 2546 2739 1

392 2672 514 2717 enim
539 2685 655 2718 aetas
672 2671 954 2718 conticescet
978 2670 1267 2718 sanstissimae
1283 2672 1491 2736 Virginis
1503 2672 1556 2718 ad
1574 2673 1780 2734 Angelos
1795 2688 1923 2721 extra
1947 2691 2102 2722 muros
2114 2674 2277 2722 Casalis
2290 2676 2500 2741 magnifi-

397 2734 692 2782 centiffimam
729 2752 836 2782 cum
864 2736 1096 2783 coenobio
1117 2736 1388 2798 ampliffimo
1415 2737 1598 2784 aedem:
1637 2738 1767 2795 Quid
1794 2739 1890 2784 divi
1918 2740 2160 2787 Dominici
2191 2742 2310 2788 intra
2341 2743 2497 2789 urbem
2544 2740 2547 2746 ¹

395 2802 622 2862 templum
663 2801 792 2847 fimul
830 2800 877 2846 δί
913 2801 1194 2848 coenobium
1222 2804 1318 2865 jam
1356 2802 1490 2848 molis
1523 2803 1842 2866 magnitudine
1867 2803 2146 2851 admirabile.
2215 2807 2363 2869 Atqui
2389 2808 2498 2854 haec
2544 2852 2547 2858 .

392 2865 621 2912 Gulielmi
657 2865 899 2912 liberalitas
922 2867 1028 2913 Deo
1054 2867 1304 2913 immortali
1329 2879 1508 2913 certum
1542 2867 1588 2913 ὃς
1616 2870 1718 2914 vsuae
1751 2882 1954 2914 aeternae
1975 2868 2123 2916 salutis
2146 2871 2346 2934 pignus,
2382 2871 2431 2919 &
2447 2869 2499 2919 ad

394 2930 600 2992 posteros
623 2931 891 2977 transiturae
914 2931 1089 2994 gloriae
1110 2933 1452 2978 monimentum
1478 2931 1761 2979 consecravit
1786 2933 1836 2980 &
1857 2934 2082 2980 condidit.
2150 2933 2243 2980 Cui
2268 2935 2415 3000 igitur
2435 2947 2499 2983 ta*
2546 2994 2547 2997 Ἴ

390 2995 447 3042 lis
485 2994 706 3057 principis
742 2995 1081 3057 contemplatio
1107 3013 1201 3042 non
1235 2997 1377 3044 modo
1403 3012 1528 3043 meae
1550 2996 1762 3045 fortunae
1782 2998 1993 3059 remae,
2027 3001 2329 3048 verumetiam
2351 2993 2499 3066 cujus*¹
2539 3026 2546 3045 Ἰι

395 3075 486 3122 que
510 3058 804 3123 ampliffimae
827 3059 1067 3123 dignitatis
1086 3060 1359 3108 desiderium
1384 3078 1479 3108 non
1504 3062 1643 3109 molle
1669 3063 1716 3110 &
1743 3063 1983 3110 tolerabile
2006 3062 2169 3109 faciat:
2209 3065 2298 3113 His
2322 3064 2498 3114 accedit
2539 3066 2547 3123 ξ,

392 3124 593 3171 duorum
606 3126 701 3187 ejus
714 3123 905 3171 fratrum
918 3125 1184 3186 Theodori,
1199 3128 1339 3174 Sacro
1352 3125 1523 3174 sanetae
1534 3129 1776 3176 Romanae
1790 3126 2003 3174 ecclesiae
2022 3129 2217 3175 Diaconi
2232 3129 2499 3190 Cardinalis',
2539 3127 2547 3177 l

389 3190 441 3237 in
466 3206 523 3238 co
546 3188 707 3238 ordine
727 3192 953 3242 maximae
990 3191 1038 3241 ὅ(
1059 3189 1342 3240 auetoritatis
1363 3191 1608 3256 &gratiae
1630 3196 1745 3253 viri,
1780 3191 2067 3242 &Bonis-acii
2087 3194 2311 3261 principis
2332 3195 2500 3268 optirni
2544 3250 2547 3254 x

2408 3269 2502 3308 vita
2545 3272 2547 3277 ⁴
