2547 3708
393 145 452 214 38
1003 129 1860 193 P.0V1>D1·1V1TA

387 237 502 285 serta
524 237 624 287 sane
643 236 747 287 sunt
771 236 965 287 Nicolai
990 237 1155 286 verba:
1192 232 1437 285 Κατέςοανε
1468 227 1513 282 δὲ
1539 235 1593 286 εἷς
1616 234 1686 288 ’τήν
1706 233 1867 294 οόφοροίν
1893 232 2001 296 περ)
2030 233 2099 294 ἔτη
2118 235 2298 300 ,cedmae
2324 247 2501 305 μμμώς

391 298 823 364 πωωρεσ-κωίὸεκοι,
856 301 936 359 aba
963 300 1220 367 >Lmffi09m
1233 301 1308 359 μὲν
1333 301 1459 351 dum
1483 294 1561 356 ἤδη
1583 298 1652 352 ‘niv
1678 303 2005 363 πθπόρφυρον
2038 301 2226 362 ἐσθῆτα,
2260 308 2502 360 οἰτάλσιςρῖν

387 367 417 436 {3
441 372 511 424 τήν
531 365 770 431 adamas,
806 367 1027 432 σόμζολον
1049 370 1150 421 «ἑο-ειν
1176 370 1252 423 τῆς
1276 364 1331 420 εοῖς
1354 358 1522 424 ἆνὸξρις
1548 356 1796 427 ἐγίῖξριφῆςε
1832 367 1934 413 Inde
1962 383 2089 415 annos
2114 370 2284 418 'circiter
2305 380 2503 434 quatuor&

385 436 514 482 decim
541 449 666 483 natus
698 441 740 483 in
768 438 923 482 Forum
938 492 940 494 Ι
955 435 1180 499 ἅψεηιίίῑ,
1205 437 1340 496 postta
1363 441 1617 493 praetexta,
1652 442 1789 493 togam
1810 444 1967 491 puram
1995 434 2194 496 indutus,
2229 439 2336 499 quod
2363 442 2500 488 virilis

384 502 566 548 tirocinii
587 511 874 563 argumentum
895 501 964 562 est.

455 567 521 612 At
544 564 936 612 Eminentiffimus
962 565 1015 611 N
1019 562 1178 610 oriiius
1194 596 1210 622 ‚
1244 562 1296 610 &
1320 564 1416 626 ejus
1439 561 1631 624 vestigia
1657 575 1865 624 premens
1891 559 2230 613 Celeberrimus
2257 566 2500 632 Graevius,
2528 569 2534 572 ’

384 642 439 676 ut
460 631 694 694 vulgarem
720 631 932 678 Suetonii
954 627 1233 677 Leffionem
1258 627 1536 687 vendicent,
1571 627 1746 672 nodum
1768 627 1946 689 secant,
1981 632 2145 678 erroris
2168 631 2502 683 Damascenum

385 693 667 754 incusantes,
701 695 825 759 quasi
849 696 989 742 etiam
1012 710 1174 758 parum
1211 692 1293 740 fibi
1327 691 1574 740 constaret.
1644 691 1756 756 Ejus
1789 704 1943 740 tamen
1974 695 2117 743 uti&
2141 697 2355 744 Suetonii
2392 697 2508 749 fides-

383 760 560 823 integra
586 760 722 807 nobis
748 760 958 820 videtur,
993 759 1104 806 dum
1142 759 1258 806 haec
1297 757 1605 806 observamus.
1679 763 1740 804 10.
1777 759 1904 806 Cum
1940 759 2056 807 illud
2085 761 2280 808 Nicolai
2309 757 2400 811 a&
2431 763 2500 821 ἔτη

385 820 808 886 πω-οιρεσκοόδεκω,
843 829 1006 873 circiter
1036 840 1164 872 annos
1193 825 1526 887 quatuordecim,
1561 822 1741 886 optime
1778 822 1914 887 possit
1947 825 2002 871 de
2024 825 2140 874 XV.
2164 826 2344 875 labente
2380 845 2498 878 anno

382 889 580 955 intelligi
597 912 614 948 3
651 891 762 939 hinc
792 886 929 939 etiam
960 891 1078 939 bene
1108 890 1356 938 conveniet
1381 889 1508 952 quod
1532 888 1656 935 idem
1689 888 1846 948 addit,
1879 905 1933 935 ac
1959 890 2237 954 praelaudati
2262 893 2351 939 viri
2383 894 2502 958 obji-

382 955 531 1003 ciunt.
599 957 788 1005 Scilicet
810 956 970 1004 scribit
993 955 1097 1016 ille,
1132 967 1294 1019 togam
1319 953 1499 1002 virilem
1520 954 1575 1000 ab
1599 952 1814 1016 Augusto
1840 952 2032 1002 sumtam
2060 973 2111 1003 ea
2132 956 2232 1014 die,
2268 974 2357 1021 qua
2377 959 2511 1014 Pon-2

384 1019 500 1067 tifex
534 1036 710 1070 creatus
745 1022 885 1069 fucrit
918 1023 965 1067 in
988 1022 1049 1068 L.
1074 1018 1278 1067 Domitii
1307 1021 1404 1085 jam
1435 1018 1641 1065 defunfilfi
1678 1020 1854 1065 locum.
1923 1021 2073 1086 Atqui
2098 1023 2159 1068 L.
2183 1023 2429 1071 Domitius
2456 1025 2504 1074 in

383 1086 479 1131 acie
509 1086 785 1147 Pharsalica,
820 1102 940 1135 anno
962 1086 1029 1133 U.
1055 1085 1115 1132 C.
1143 1084 1382 1133 DCCVI.
1417 1083 1572 1131 adulta
1603 1081 1797 1142 aestate,
1831 1085 2002 1147 periit3
2038 1103 2132 1149 quo
2166 1096 2382 1152 tempore
2404 1089 2523 1138 Au·-

382 1149 542 1212 gustus
565 1168 735 1200 annum
760 1151 927 1216 agebat
948 1151 1065 1199 XV.
1101 1167 1209 1197 cum
1242 1149 1351 1197 efl'et
1384 1148 1459 1196 die
1482 1149 1682 1196 XXIII.
1719 1149 2003 1212 Septembris
2034 1151 2230 1200 initurus
2256 1153 2400 1201 XVI.
2425 1170 2502 1202 an-

383 1231 511 1261 num.
581 1218 737 1281 Igitur
772 1219 929 1282 potuit
961 1229 1066 1263 ante
1100 1218 1236 1281 hujus
1257 1215 1374 1262 ‘anni
1398 1214 1542 1262 XVI.
1578 1214 1866 1278 principium
1902 1227 2065 1279 togam
2101 1217 2289 1265 induere
2324 1230 2504 1282 puram.

382 1285 449 1326 20.
483 1281 822 1345 deriennium
845 1281 985 1342 illud,
1023 1282 1127 1345 post
1148 1284 1296 1341 Juliae
1320 1292 1519 1327 mortem
1545 1280 1774 1328 Suetonio
1795 1294 2118 1342 numeratum,
2153 1284 2349 1331 omnino
2374 1284 2504 1332 vide-

379 1357 457 1391 tur
481 1348 535 1392 ad
561 1360 741 1412 tempus
763 1347 962 1412 spestare
977 1381 991 1407 ‚
1026 1363 1120 1409 quo
1142 1347 1258 1393 donis
1278 1348 1533 1393 militaribus
1558 1344 1797 1410 Augustus
1821 1345 1911 1393 fuit
1933 1348 2123 1394 donatus.
2170 1348 2351 1396 Noluit
2373 1365 2503 1398 nem·
2546 1404 2547 1409 ,

381 1425 442 1473 pe
469 1410 718 1460 Suetonius
739 1413 967 1471 indicare,
1002 1428 1098 1476 quo
1122 1411 1282 1459 aetatis
1308 1427 1430 1458 anno
1455 1411 1531 1457 isse
1563 1412 1682 1458 hanc
1719 1410 1878 1458 sumfit
1909 1422 2102 1477 togam,
2135 1411 2206 1459 sed
2234 1429 2329 1477 quo
2350 1413 2502 1474 Julius

379 1490 485 1522 eum
511 1477 643 1525 donis
666 1477 940 1525 militaribus
962 1478 1143 1525 ornavit
1158 1499 1175 1534 3
1212 1475 1365 1540 ficque
1391 1474 1791 1543 interpungendus
1815 1475 1882 1522 est
1911 1480 2007 1540 ejus
2037 1490 2217 1524 textus:
2254 1478 2502 1543 Quadrien-
2544 1487 2546 1492 ’

362 1543 446 1598 'nio
460 1542 574 1602 post,
610 1547 731 1590 virili
752 1554 845 1606 toga
855 1543 1030 1606 sumta,
1050 1544 1333 1600 militaribus,
1358 1540 1450 1587 &o
1486 1540 1648 1590 Paffim
1661 1540 1926 1589 Historicus
1947 1542 2022 1589 ille
2048 1541 2205 1589 eadem
2225 1541 2377 1607 phrafi
2401 1545 2503 1606 plu-

377 1621 426 1650 ra
451 1604 586 1653 simul
610 1609 791 1672 jungit,
826 1623 940 1672 quae
963 1608 1074 1654 varii
1098 1605 1203 1652 sunt
1237 1607 1477 1669 temporis.
1547 1606 1695 1669 Qod
1719 1605 1751 1653 fi
1774 1606 1967 1654 eruditis
2003 1607 2111 1655 viris
2141 1608 2504 1658 animadversum
2543 1612 2546 1621 '

378 1669 559 1731 suisset,
595 1665 699 1720 alias
725 1673 860 1721 facile
880 1671 1174 1720 removissent
1195 1670 1521 1729 difficultates,
1554 1673 1719 1736 quibus
1739 1673 2009 1720 cruciantur
2018 1694 2035 1730 3
2071 1684 2126 1720 ut
2147 1673 2327 1737 aliquot
2347 1689 2504 1723 exem·
2542 1705 2543 1714 .

379 1736 467 1799 plis
488 1735 929 1797 demonstraremus,
966 1737 999 1785 fi
1022 1734 1152 1785 locus
1177 1736 1224 1783 id
1249 1737 1556 1802 permitteret.

444 1801 630 1850 Idcirco
653 1820 736 1868 per
762 1804 1038 1852 Suetonium
1065 1803 1183 1851 nihil
1205 1802 1354 1850 obstat
1370 1836 1386 1862 ,
1421 1814 1514 1865 quo
1536 1803 1687 1850 minus
1710 1819 1816 1850 cum
1843 1802 1918 1850 Cl.
1935 1805 2043 1852 viris
2057 1803 2245 1852 Valefio
2263 1836 2279 1862 ,
2300 1820 2354 1851 ac
2367 1804 2503 1853 Dod-
2540 1798 2547 1862 ᾗ

379 1867 519 1914 wello
549 1869 834 1930 censeamus,
870 1884 1030 1934 togam
1054 1868 1237 1918 virilem
1270 1867 1326 1915 ab
1350 1867 1564 1932 Augusto
1595 1867 1821 1928 summm,
1859 1885 1967 1916 cum
1997 1869 2142 1916 XIV.
2177 1869 2338 1917 aetatis
2361 1886 2504 1929 annus

371 1933 468 1994 jam
488 1933 596 1981 effet
620 1937 911 1999 completus,
945 1951 998 1982 ac
1020 1935 1136 1982 XV.
1160 1934 1405 1981 laberetur.
1474 1934 1542 1980 Ea
1564 1947 1690 1980 certe
1714 1947 1861 1981 aetate
1885 1935 2077 1998 ipsemet
2111 1934 2362 1997 nepotibus
2383 1935 2513 2000 Cajof
2538 1931 2547 1981 is

379 1996 429 2042 &
449 1998 607 2045 Lucio
636 1999 900 2047 Caesaribus
923 2000 1111 2046 eandem
1134 2011 1294 2063 togam
1317 1998 1445 2045 dedit
1460 2032 1476 2058 ,
1510 1999 1678 2062 aliique
1700 1999 1857 2062 postea
1877 1998 2131 2047 sumserunt
2145 2022 2162 2057 3
2187 2001 2260 2046 uti
2276 1999 2518 2048 CLDod-‘ss
2544 2003 2547 2058 ξ

378 2061 503 2109 well.
539 2063 599 2122 (a)
635 2065 740 2129 post
765 2066 876 2113 alios
903 2064 1025 2112 recte
1046 2065 1224 2111 docuit.
1282 2064 1418 2125 Qin
1441 2065 1579 2111 etiam
1606 2063 1888 2111 dmitissimus
1910 2065 2136 2113 O&avius
2160 2065 2390 2111 Ferrarius
2404 2066 2514 2127 ‘'(b)‚‘'
2536 2099 2546 2123 .-

378 2127 457 2189 qui
477 2127 524 2173 ὃς
540 2128 725 2176 initium
750 2130 868 2178 XV.
891 2131 996 2177 anni
1020 2129 1259 2177 sumendae
1279 2145 1365 2193 pro
1393 2145 1522 2176 more
1544 2143 1683 2195 togae
1707 2129 1877 2185 liberae
1898 2130 2117 2194 assignat,
2137 2127 2370 2176 existimat
2394 2141 2545 2178 cum*-

381 2192 635 2252 ManutiO,
669 2193 966 2257 Augustum,
1002 2194 1244 2240 Ciceronis
1276 2197 1390 2260 item
1417 2194 1596 2253 filium,
1632 2194 1682 2240 &
1706 2194 1817 2239 alios
1849 2193 1984 2240 serius
2016 2193 2064 2240 id
2095 2193 2235 2306 esgiffe
2270 2195 2417 2258 magis
2445 2194 2503 2244 ab

380 2256 464 2302 alia
487 2256 640 2316 causa,
676 2275 811 2322 quam
837 2258 864 2304 a
889 2257 993 2323 lege
1014 2271 1093 2305 aut
1120 2273 1266 2325 more.
1335 2257 1494 2315 Quem
1520 2273 1698 2303 morem
1726 2256 1758 2302 fi
1785 2256 1987 2306 Nasonis
2012 2259 2100 2305 No
2145 2260 2182 2306 ri
2203 2273 2413 2321 parentes
2437 2261 2502 2308 se-

382 2322 481 2367 cuti
505 2321 704 2384 fuerint,
740 2336 999 2387 potuerunt
1030 2321 1152 2370 hisce
1173 2321 1484 2381 Consulibus,
1520 2322 1568 2368 &
1595 2321 1782 2384 quidem
1806 2322 1880 2369 die
1905 2323 2111 2387 superius
2143 2336 2339 2385 notato,
2375 2327 2501 2374 Libe·
2533 2353 2535 2359 ι

380 2388 538 2434 mljbus
558 2403 752 2452 nempe,
789 2388 938 2435 filium
962 2389 1047 2435 hac
1072 2388 1192 2435 virili
1217 2400 1331 2450 toga
1351 2385 1565 2446 induere,
1595 2402 1703 2433 cum
1731 2388 1827 2451 ejus
1851 2387 1968 2435 XV.
1990 2404 2132 2436 annus
2152 2389 2262 2437 effet
2285 2390 2335 2437 in
2355 2392 2501 2439 exitu.

449 2452 514 2498 ΙΙ.
551 2454 606 2499 In
628 2454 788 2517 primis
815 2470 956 2518 porro
990 2453 1120 2502 venit
1153 2451 1486 2500 observandum
1522 2451 1650 2514 quod
1677 2452 1857 2499 Noster
1879 2453 2107 2517 praedicta
2130 2453 2238 2502 Lib.
2266 2455 2359 2503 IV.
2388 2455 2515 2504 Tri-1

384 2514 520 2562 stium
546 2518 710 2583 Elegia
732 2518 798 2566 X.
821 2518 878 2566 de
898 2520 1012 2567 Lato
1037 2519 1171 2566 Clavo
1195 2516 1278 2565 fibi
1304 2517 1351 2564 &
1375 2516 1502 2565 fratri
1528 2516 1663 2564 fimul
1688 2533 1797 2565 cum
1821 2530 1935 2585 toga
1958 2535 2072 2585 pura
2093 2518 2202 2568 dato
2232 2518 2515 2586 subjungitgi

385 2597 500 2628 νῶθ’
515 2596 790 2711 ῗηῗιῖιιὶΐιινῳιε
811 2651 994 2698 humeris
1015 2665 1106 2696 cum
1129 2651 1216 2697 lato
1225 2663 1416 2712 purpura
1438 2651 1569 2697 clavo.

448 2710 582 2771 Ubi,
617 2714 934 2763 consentiente
967 2713 1234 2763 Dmstorum
1265 2715 1576 2772 recentiorum
1606 2717 1634 2748 ᾖ
1656 2715 1897 2776 Cohorte‚
1933 2714 2163 2784 fignificat
2186 2715 2336 2764 Poe'ta
2368 2715 2505 2774 indu·-x

385 2788 480 2823 tam
508 2776 591 2824 fibi
624 2778 755 2828 fuiffe
785 2784 997 2840 tunicam,
1030 2796 1144 2844 quae
1170 2780 1489 2846 Scriptoribus
1524 2781 1619 2828 aliis
1651 2782 1824 2830 dicitur
1854 2785 1995 2830 tunica
2025 2783 2135 2832 Lati
2159 2783 2289 2829 Clavi
2310 2781 2392 2844 (c),
2424 2781 2499 2831 seu
2526 2840 2527 2845 ¹

387 2843 637 2890 Laticlavia
660 2844 743 2907 (d).
790 2847 859 2894 At
881 2845 1028 2894 Aldus
1052 2846 1299 2894 Manutius
1333 2847 1392 2909 (e)
1426 2846 1537 2894 hinc
1571 2846 1691 2895 clare
1730 2847 1812 2896 fibi
1833 2848 2017 2897 videtur
2043 2846 2292 2912 colligere,
2326 2847 2499 2909 hancce

443 2972 504 3021 (a)
536 2971 812 3014 Praeieffione
832 2971 885 3015 V.
904 2975 951 3015 ad
971 2973 1115 3027 Sparti.
1135 2974 1327 3018 Hadrian.
1348 2973 1454 3017 Vide
1478 2974 1588 3030 Lips.
1606 2976 1656 3018 ad
1673 2975 1810 3020 Tacit.
1832 2977 1983 3020 Annal.
2003 2974 2097 3019 Lib.
2117 2974 2212 3019 XII.
2236 2987 2272 3016 c.
2293 2987 2359 3029 41.
2378 2910 2499 2982 tunh
2524 3014 2525 3017 ,

444 3026 508 3073 (b)
539 3025 603 3065 De
622 3025 685 3068 Re
706 3026 869 3068 Vestiar.
896 3027 988 3069 Lib.
1008 3028 1060 3070 11.
1081 3042 1118 3069 c.
1144 3042 1180 3070 1.

444 3081 466 3103 *
496 3077 679 3121 Labente
697 3081 860 3132 quidem
881 3080 981 3123 XV.
1003 3082 1143 3124 seculo
1163 3083 1349 3136 Ciofanus
1367 3084 1541 3140 ingenue
1560 3085 1777 3139 fatebatur,
1807 3085 1848 3127 se
1868 3086 1987 3140 hujus
2011 3083 2094 3124 loci
2112 3081 2395 3124 difficultatem
2416 3080 2495 3128 tol·
2523 3092 2524 3110 1

388 3133 471 3172 lere
492 3144 576 3173 non
599 3133 791 3186 potuiffe3
817 3148 949 3188 neque
969 3135 1172 3179 feliciores
1197 3147 1309 3180 erant
1329 3139 1418 3190 alii,
1449 3150 1553 3191 quos
1575 3139 1615 3180 in
1639 3139 1761 3182 Urbe
1778 3138 1918 3184 Roma
1939 3139 1978 3183 ἀ
2006 3137 2050 3182 in
2072 3136 2342 3186 celeberrimis
2361 3135 2494 3182 Italiae

390 3184 620 3240 Gymnasiis
642 3190 716 3229 hac
735 3188 785 3230 de
813 3203 854 3231 re
875 3191 1154 3234 consuluerat:
1183 3191 1263 3234 vid.
1286 3192 1372 3245 ejus
1394 3193 1443 3233 ad
1465 3195 1574 3235 hunc
1600 3193 1705 3236 Loc.
1725 3193 1835 3237 Not.

445 3242 509 3292 (c)
540 3240 708 3286 Sueton.
726 3243 768 3284 in
791 3243 895 3296 Aug.
917 3257 953 3285 c.
982 3257 1047 3299 94.
1132 3245 1197 3299 (d)
1225 3246 1363 3289 Va1er.
1384 3246 1560 3292 Maxim.
1578 3245 1672 3294 Lib.
1693 3247 1747 3294 V.
1763 3261 1800 3294 c.
1814 3251 1853 3295 1.

440 3296 500 3346 (e)
531 3294 705 3349 Quaefit.
726 3309 794 3352 per
813 3295 935 3352 Epist.
953 3296 1044 3343 Lib.
1068 3299 1119 3344 11.
1145 3313 1181 3344 c.
1203 3313 1240 3345 2..
1269 3301 1320 3345 de
1340 3309 1436 3358 toga
1454 3300 1583 3349 Rom.

2533 2315 2543 2339 Il
