2547 3708
332 154 394 207 30
944 127 1803 182 P ov1D11v1TA

327 228 472 290 qualis
496 238 611 278 tunc
631 237 727 276 erat
752 224 959 286 Noster,
996 226 1168 290 quique
1190 222 1304 270 solet
1324 223 1419 271 hoc
1442 235 1625 271 tantum
1651 221 1937 284 cognomine
1963 220 1989 268 a
2011 221 2053 270 se
2076 222 2173 288 ipso
2200 225 2248 274 &
2273 226 2329 274 ab
2352 230 2447 278 aliis

329 293 577 359 indigitari.
647 295 758 342 Nec
793 292 1078 339 omittendus
1113 289 1327 354 Scriptor
1359 289 1551 350 Dialogi
1588 286 1645 331 de
1679 287 1960 333 Oratoribus
1981 321 1996 345 ,
2030 304 2152 336 anno
2186 291 2445 355 Vespasiani

326 355 459 407 sexto
484 359 657 419 habiti,
691 360 769 406 cui
795 359 980 407 Ovum
1014 355 1162 403 solum
1184 354 1374 402 nomine
1397 352 1609 399 laudatur
1621 349 1779 397 Medea
1796 350 1872 411 (a).
1908 351 2040 399 Alios
2062 357 2327 404 recentioris
2349 357 2465 407 aevi'
2538 355 2539 360 ¹

368 427 577 473 raeterire
600 426 731 472 libet.

332 439 363 486 p
398 491 611 538 Nomine
648 488 829 536 tandem
867 486 1000 534 fimul
1026 486 1075 535 &
1107 484 1424 549 cognomine,
1458 483 1684 531 Ovmms
1722 480 1904 541 Naso,
1939 481 2075 529 semel
2109 497 2247 548 atque
2279 487 2447 537 iterum

330 554 387 601 ab
409 555 570 603 eodem
596 555 769 602 Seneca
791 555 978 617 Majore
1005 552 1073 613 (b)
1097 563 1308 599 vocatur.

396 620 530 678 Quin
554 620 602 666 &
626 632 825 683 utroque
852 615 1174 680 repraesentari
1198 615 1256 660 inv
1272 615 1466 676 antiquo
1494 610 1824 672 Numismate,
1859 611 1984 675 quod
2008 613 2181 662 Felicia
2202 614 2448 664 Rondani-

328 685 406 744 ni,
440 686 655 732 Romana
676 680 1047 747 praestantiffima
1069 681 1320 739 Matrona,
1355 676 1637 742 poffidebat,
1673 676 1943 740 jamdudum
1967 690 2323 728 autumaverunt
2349 683 2448 729 exi-

328 751 412 796 mii
436 751 751 812 maximaeque
775 761 932 795 totum
956 762 1038 810 per
1061 745 1320 802 litterarum
1346 743 1506 791 orbem
1532 741 1676 789 famae
1696 744 1812 800 viri,
1847 745 2054 789 Nicolaus
2078 745 2299 792 nimirum
2311 748 2451 793 Hein-

314 819 409 876 stus
430 814 512 875 (c),
548 814 597 861 &
622 815 780 861 Ezech.
799 813 1069 874 Spauhemius
1085 816 1102 873 ζ
1105 812 1152 870 d)
1174 812 1222 858 in
1246 826 1294 858 re
1320 810 1373 857 N
1380 809 1627 868 ummaria,
1662 825 1758 854 non
1780 807 1904 854 secus
1929 823 1981 854 ac
2004 809 2053 854 in
2075 811 2203 856 omni
2226 811 2447 875 Antiqui-

327 880 434 925 ·tatis
457 879 675 938 scientia,
708 878 842 925 facile
863 878 1091 942 princeps.
1159 877 1231 925 Ut
1256 877 1424 922 mirum
1453 890 1546 921 non
1572 873 1655 932 fit,
1690 886 1841 920 tantae
1874 871 2160 922 auctoritatis
2191 876 2450 940 Scriptores
2518 882 2519 886 ’

329 944 451 989 idem
477 942 525 990 δί
551 943 645 991 aliis
668 944 905 991 minorum
930 943 1144 1008 gentium
1172 939 1443 1006 persuafiss'e.

391 1008 644 1068 Attamen,
679 1009 805 1072 quod
828 1010 954 1073 prius
977 1007 1097 1056 haud
1120 1007 1330 1056 invalidis
1353 1004 1653 1068 probaveram
1677 1005 1986 1068 argumentis,
2022 1003 2066 1051 id
2088 1003 2234 1069 ipsum
2257 1004 2447 1053 biennio

325 1073 514 1120 circiter
537 1074 642 1137 post
664 1076 774 1121 meis
802 1074 950 1121 oculis
971 1071 1303 1121 demonstravit
1323 1071 1515 1136 ipsemet
1546 1070 1785 1116 Nummus
1809 1070 1989 1117 Romae
2024 1070 2251 1134 inspeoitus
2274 1070 2321 1117 &
2343 1070 2449 1117 dili4

324 1151 488 1199 genter
513 1138 756 1188 trablatus:
794 1139 905 1189 scil.
932 1139 1096 1186 eodem
1121 1139 1336 1204 primitus
1371 1137 1533 1184 vanu
1568 1150 1741 1181 nomen
1767 1134 1998 1200 signatum
2023 1132 2179 1196 fuiffe,
2213 1153 2310 1183 non
2337 1151 2447 1183 vero

328 1204 515 1250 Ov1m1
553 1205 803 1253 NAsoms.
871 1204 1018 1262 Quod
1042 1204 1122 1251 hic
1158 1202 1414 1262 monuiss'e,
1449 1201 1549 1248 satis
1583 1200 1750 1261 fucrit,
1787 1216 1893 1248 cum
1922 1201 2184 1265 longiorem
2211 1201 2298 1249 hac
2321 1199 2377 1248 de
2399 1216 2448 1248 re

320 1266 685 1331 disquisitionem
707 1271 857 1334 Operi
879 1269 1130 1333 praefixam
1153 1269 1331 1317 LeEtor
1351 1268 1529 1314 habeat.

391 1334 457 1379 Π.
496 1333 788 1382 Nominibus
812 1336 985 1382 Poetae
1010 1336 1079 1381 N.
1104 1333 1422 1398 subjungenda
1446 1333 1573 1379 venit
1598 1334 1693 1396 ejus
1727 1333 1970 1390 Parma,
2006 1344 2060 1379 ut
2087 1331 2322 1396 ipsiusmet
2337 1332 2450 1379 Me-

327 1395 525 1445 thodum
553 1397 805 1464 sequamur.
843 1401 981 1448 Suam
1003 1401 1127 1446 enim
1150 1401 1291 1447 vitam
1317 1399 1541 1461 pingens,
1578 1396 1640 1444 fic
1662 1396 1872 1456 orditur,
1895 1397 2041 1445 Trist.
2063 1398 2173 1445 Lib.
2195 1414 2267 1446 tv.
2282 1397 2353 1445 El.
2377 1411 2452 1445 10.

457 1465 540 1510 Ille
559 1481 625 1527 ego
639 1499 653 1523 ‚
688 1468 759 1526 qui
771 1465 962 1527 fuerim,
995 1475 1225 1512 tenerorum
1247 1464 1357 1527 lusor
1380 1479 1596 1522 amorum,

523 1531 669 1594 ,Quem
692 1533 815 1592 legis,
847 1540 897 1576 ut
917 1532 1055 1588 noris,
1089 1532 1251 1590 accipe,
1285 1528 1530 1590 Posterifas.

461 1592 646 1641 Summo
681 1596 787 1642 mihi
819 1595 1034 1649 PATRIA
1068 1594 1151 1655 est,
1179 1596 1326 1656 gelidis
1345 1595 1578 1640 uberrimus
1599 1594 1745 1653 undis,

520 1659 674 1706 Milia
696 1663 766 1723 qui
789 1663 930 1708 novies
947 1659 1076 1722 distat
1095 1661 1150 1707 ab
1175 1660 1288 1706 Urbe
1330 1657 1541 1720 [Roma]
1579 1660 1725 1705 decem.

457 1724 614 1771 Editus
637 1724 707 1771 hic
727 1742 794 1788 ego
807 1726 922 1788 sum.
2339 1778 2342 1780 ¹
2515 1763 2518 1768 .
2545 1757 2547 1763 ι

327 1787 528 1835 Idem&
552 1789 600 1835 in
623 1790 766 1838 Fastis
787 1790 898 1838 Lib.
924 1807 987 1838 1v.
1013 1787 1314 1854 vers.79—81.
1337 1787 1558 1848 testatur,
1594 1787 1820 1853 fimulque
1843 1789 2022 1836 Patriae
2045 1786 2357 1834 Conditorem
2380 1787 2454 1845 in-22
2539 1779 2547 1835 ’ἶ

325 1852 451 1901 dicat
474 1855 682 1915 Solymum
704 1858 750 1916 ἢ
787 1858 866 1920 qui
890 1868 1026 1920 capta
1049 1856 1202 1919 Troja
1225 1854 1476 1901 comitatus
1497 1853 1564 1901 est
1584 1856 1812 1902 AEueam.
2503 1847 2506 1860 ¹

455 1919 602 1980 Hujus
625 1932 719 1970 erat
755 1922 1005 1969 SoLYMUs
1039 1922 1232 1985 Phrygia
1252 1936 1378 1966 comes
1399 1921 1498 1966 exul
1517 1921 1573 1967 ab
1598 1922 1708 1967 Ida:

524 1988 578 2031 A
594 2001 671 2047 quo
705 1987 978 2034 SULMONIS
1011 1990 1170 2033 moenia
1191 2002 1334 2033 nomen
1355 1985 1523 2031 habent.

458 2049 729 2097 SULMONIS
756 2052 886 2113 gelidi
901 2053 1098 2112 patriae,
1131 2052 1404 2108 Germanice,
1438 2049 1610 2111 nostrae.
2386 2102 2391 2107 Δ
2539 2077 2547 2104 ,1

326 2112 539 2160 Eandem
560 2114 706 2162 Urbis
731 2117 962 2178 originem
985 2118 1114 2164 Silius
1133 2117 1310 2164 Italicus
1331 2127 1464 2162 notat
1483 2113 1596 2162 Lib.
1621 2113 1758 2162 lx.de
1780 2115 1946 2163 Satrico
1967 2112 2188 2175 loquenS,
2222 2109 2325 2159 cive
2349 2108 2464 2171 Sul-f
2506 2114 2509 2116 ’
2546 2119 2547 2122 ’

330 2177 570 2225 monense:

459 2244 578 2291 Huic
598 2244 739 2290 domus
752 2276 769 2302 ,
804 2243 858 2296 ὅ
874 2246 1028 2307 gemini
1037 2244 1218 2307 fuerant
1238 2242 1464 2291 Sulmone
1486 2245 1623 2289 reliffz‘i

458 2308 627 2356 Matris
648 2311 693 2354 in
717 2310 908 2356 uberibus
927 2311 1044 2367 nati,
1081 2309 1338 2366 Mancinus,
1374 2307 1429 2360 &³
1454 2323 1538 2355 una

460 2375 647 2422 Nomine
669 2373 828 2421 Rheteo
851 2373 1082 2437 Solymus.
1118 2372 1244 2421 Nam
1266 2373 1485 2419 Dardana
1511 2372 1670 2433 Orig0,

461 2440 528 2486 Et
550 2439 735 2503 Phrygio
751 2455 878 2502 genus
902 2441 931 2485 a
947 2454 1109 2499 proavo
1123 2471 1139 2497 ,
1173 2441 1245 2500 qui
1252 2436 1421 2499 fieptra
1431 2437 1598 2500 secutus

462 2505 654 2554 AEneae
677 2504 846 2551 claram
871 2506 1003 2550 muris
1015 2503 1285 2566 fundaverat
1304 2500 1487 2549 Urbem
1501 2536 1517 2561 ,

463 2570 538 2615 Ex
550 2569 639 2632 st’fi’
660 2571 817 2616 dietam
853 2570 1139 2629 SOLYMoN,
1174 2569 1378 2615 celebrata
1398 2569 1568 2613 colonis:

463 2634 576 2681 Mox
603 2634 729 2681 Italis
747 2636 960 2695 paulatim
982 2632 1133 2681 attrito
1157 2636 1314 2681 nomine
1340 2631 1520 2679 Sulmo.
1861 2657 1872 2669 ·

336 2698 451 2762 Ejus
475 2698 610 2747 situm
627 2733 644 2759 ,
676 2700 1035 2760 amoenitatem,
1055 2698 1440 2762 fertilitatemque
1465 2696 1687 2762 graphice
1700 2694 1879 2746 Noster
1897 2694 2142 2756 describit,
2167 2695 2331 2744 Amor.
2343 2693 2458 2746 Lib.
2493 2698 2510 2736 ἓ

340 2766 404 2812 II.
430 2764 502 2812 El.
528 2781 630 2812 xvt.
653 2780 766 2814 vers.
800 2780 928 2813 1-1o.
965 2764 1067 2813 Ubi
1089 2781 1198 2813 cum
1221 2763 1371 2813 canit:
1787 2767 1790 2770 ’
2458 2790 2462 2797 ,
2486 2799 2493 2808 ,

403 2832 520 2878 Pars
539 2847 602 2878 me
636 2831 863 2879 SULMo
894 2841 1005 2879 tenet
1030 2831 1215 2895 Peligni
1251 2828 1389 2880 tertia
1421 2831 1559 2890 ruris,
1593 2828 1640 2877 id
1672 2829 1821 2894 ipsum
1853 2828 2023 2890 docet,
2057 2827 2182 2893 quod
2217 2826 2268 2875 &
2300 2825 2457 2940 polgcpa
2499 2853 2502 2855 -

704 2904 724 2919 ⁴
2418 2909 2460 2939 ι,

393 2960 454 3009 (a)
486 2959 597 3002 Dial.
619 2960 670 3001 de
690 2959 808 3003 Orat.
829 2972 864 3001 c.
887 2971 933 3003 xx
948 2973 1010 3002 11.
1093 2967 1095 2970 ’

396 3013 461 3065 (b)
491 3013 697 3057 Controv.
727 3027 790 3057 ιν.
815 3014 882 3055 lib.
906 3027 943 3058 x.
966 3013 1159 3057 Declam.
1183 3014 1235 3057 11.
1258 3015 1325 3057 lib.
1349 3012 1402 3055 II.

398 3066 462 3118 (c)
496 3066 541 3107 ln
563 3067 632 3108 sua
652 3067 790 3109 Ovidii
809 3066 1014 3113 Editione.

399 3119 462 3170 (d)
492 3118 559 3160 De
581 3119 821 3163 praestantia
843 3121 881 3162 ὅτ
903 3120 1000 3164 Usu
1021 3119 1272 3165 Numismat.
1293 3135 1331 3175 p.
1353 3136 1421 3176 42,
1438 3134 1504 3177 43.

396 3174 418 3198 *
448 3173 494 3214 In
514 3173 716 3216 Numinis
738 3175 861 3217 etiam
884 3174 1230 3220 Termeffenfium
1259 3177 1438 3218 occurrit
1472 3184 1693 3220 coArmoc
1707 3209 1718 3230 ‚
1747 3178 1859 3217 velut
1878 3184 2024 3215 eorum
2044 3169 2236 3223 antiquus
2256 3169 2391 3210 Heros
2410 3168 2449 3210 &

343 3226 672 3331 ξεῗὲἒίἰτὲᾟὸινίἀ.
692 3227 785 3272 CL.
800 3227 1016 3283 Spanhem.
1036 3227 1138 3274 Diff.
1159 3231 1210 3274 de
1230 3231 1370 3275 Praest.
1392 3229 1563 3278 Numis.
1583 3246 1620 3288 p,
1635 3244 1727 3288 479.
1752 3229 1913 3274 Editzin
1933 3237 2005 3281 4to
2022 3234 2061 3268 at
2080 3237 2118 3280 p.
2135 3226 2224 3280 563.
2243 3222 2352 3267 Edit.
2376 3232 2450 3265 nu-
