2547 3708
971 79 995 134 Ι
1140 81 1186 137 Β

1333 86 1356 141 Ι
1499 88 1551 145 S.
2228 120 2299 160 π

276 189 279 193 “
307 197 369 249 15
441 179 822 251 Perpetuoque
851 179 981 235 mihi
1006 181 1257 240 sociatam
1278 186 1498 244 foedere
1522 190 1643 245 leffl

235 260 238 262 ’
516 253 642 307 Non
675 253 872 324 patitur
898 252 1071 310 miseri.
1097 256 1282 331 funera
1307 260 1438 316 flere
1465 263 1577 318 viri.

445 325 698 396 Cumque
723 343 826 395 ego
849 325 1022 396 quaffa
1051 347 1201 385 meae
1225 333 1549 405 compleffar
1575 335 1813 392 membra
1838 337 2071 404 carinam.

512 397 788 469 Naufragii
813 399 1008 454 tabulas
1035 418 1233 473 pugnat
1259 405 1453 462 habere
1479 409 1600 463 mei.

155 598 222 639 nisi
242 599 358 639 mavis
373 627 383 645 ,

208 668 253 701 Et
270 664 399 702 lacerat
421 673 488 702 toto
510 661 650 700 nomina
672 663 785 711 nostra
800 665 889 711 fbro.

152 737 202 766 ne
219 727 318 765 idem
340 728 457 765 versus
480 726 530 763 bis
553 735 731 765 occurrat.
760 727 855 764 Mox
877 729 975 767 enim
991 729 1161 779 habebis,

204 792 322 829 Ebibit
342 793 419 828 inde
432 789 491 838 sui
508 787 636 825 rabiem
661 789 804 826 nutricis
824 790 991 830 alumnus
1004 822 1016 839 ‚

258 847 386 878 Latrat
405 854 447 881 cy
465 843 502 876 in
523 850 591 876 toto
610 838 716 875 verba
737 841 864 877 canina
879 843 968 888 foro.

155 914 376 953 quamquam
397 902 487 938 mihi
509 900 687 938 distichon
700 900 788 938 istud
808 901 938 941 dubiae
958 904 1042 944 fidei
1061 908 1132 954 est,
1150 912 1190 950 ὃς

151 966 198 993 ex
214 955 287 991 hoc
308 952 408 989 versu
433 951 574 988 videtur
601 950 828 990 fabricatum.
864 954 923 992 ubi
943 954 1077 995 latrare
1097 973 1182 1000 cum

153 1011 283 1055 quarto
307 1003 385 1041 casu
408 1003 567 1050 ponitur.
595 1002 791 1050 quomodo
814 1005 910 1050 apud
930 1005 1129 1049 Manilium
1144 1040 1155 1059 ‚

375 1068 553 1118 latratque
571 1067 730 1105 canicula
744 1068 921 1114 flammas.

150 1137 267 1182 causas
285 1135 323 1171 in
337 1135 409 1178 foro
430 1133 578 1170 elatrare
588 1133 681 1181 apud
695 1133 967 1176 Tertullianum
994 1138 1040 1176 de
1051 1140 1177 1181 Pallio.

147 1185 309 1222 Rabulae
327 1185 485 1222 forenses
503 1184 634 1220 latrare
655 1184 888 1229 dicebantur,
918 1199 1064 1237 propter
1083 1193 1177 1231 rixas

145 1236 347 1273 continuas.
373 1235 458 1272 hinc
483 1234 638 1271 latratus
652 1236 725 1280 fori
744 1238 840 1283 apud
862 1239 942 1276 Val.
962 1241 1172 1282 Maximum

141 1285 203 1325 lib.
223 1297 312 1323 v111.
335 1297 410 1334 cap.
436 1295 468 1332 3.
498 1285 676 1323 Sallustius
697 1287 791 1333 apud
814 1288 981 1327 Nonium
997 1319 1008 1336 ,
1036 1294 1177 1333 Canina

133 1336 310 1383 facundia
328 1335 558 1373 exercebatur.
586 1335 802 1375 Prudentius
822 1339 1047 1392 Harmartig.

194 1411 276 1448 Inde
294 1410 420 1447 canina
431 1411 508 1457 fhro
531 1397 642 1447 latrat
653 1410 828 1459 facundia
850 1422 933 1455 toto.

140 1475 349 1515 Marcianus
369 1474 517 1524 Capella
533 1474 594 1513 sub
618 1474 728 1513 finem
749 1476 827 1516 libri
848 1491 901 1517 ix.

187 1556 330 1593 Indocta
350 1555 511 1591 rabidum
540 1568 638 1605 quem
657 1554 774 1593 videre
784 1557 925 1606 saecula

193 1608 287 1644 Foris
307 1607 445 1642 caninos
463 1606 655 1642 blateratus
667 1607 823 1655 pendere.

139 1671 200 1710 Sic
220 1671 346 1709 scribo.
373 1681 560 1718 perperam
583 1684 681 1709 nunc
699 1672 854 1721 legitur,
881 1674 1007 1724 Jurgis
1029 1677 1179 1714 caninos.

142 1722 208 1760 nifi
230 1723 345 1759 mavis
368 1748 378 1764 ‚
407 1720 511 1769 juris.
538 1722 624 1759 hinc
654 1724 791 1760 Cerberi
813 1730 964 1773 Forenses
982 1728 1075 1776 apud
1110 1729 1177 1764 Pe-

138 1774 317 1811 tronium.
352 1773 559 1810 Columella
582 1775 829 1821 praefatione:
861 1779 922 1812 Sed
946 1790 984 1814 ne
1007 1778 1174 1814 caninum

141 1823 281 1873 quidem
294 1851 303 1866 ,
324 1820 412 1869 ficut
432 1822 549 1860 dixere
575 1835 727 1869 veteres,
746 1825 906 1871 studium
920 1829 1148 1877 praestantius
1163 1857 1172 1873 ‚

143 1872 431 1923 locupletiffimum
453 1887 620 1924 quemque
641 1875 848 1914 allatrandi.
880 1878 980 1926 plura
999 1881 1062 1929 qui
1081 1879 1172 1917 defi-

142 1923 242 1962 derat
256 1951 266 1967 ,
293 1926 396 1960 adeat
417 1927 541 1972 magni
561 1925 702 1974 Cujacii
725 1927 916 1966 Observat.
941 1930 1000 1967 lib.
1022 1942 1074 1967 1v.
1095 1942 1172 1977 cap.

143 1974 210 2012 ult.
228 1974 313 2011 hinc
334 1974 370 2009 &
395 1973 569 2010 caniculae
585 1975 672 2012 dieti
701 1978 939 2016 cavillatores.
965 1981 1104 2018 Gellius
1131 1982 1173 2018 li-

142 2023 209 2061 bro
224 2035 275 2059 iv.
297 2034 374 2069 cap.
395 2022 611 2060 21.H131Ns.
639 2025 732 2061 Puto
753 2026 914 2064 librarios
933 2029 1019 2073 hie,
1040 2039 1079 2067 ut
1098 2030 1172 2066 sae-

139 2084 188 2121 pe
208 2071 344 2110 factum
368 2071 524 2108 vidimus
549 2099 559 2114 ‚
594 2072 759 2119 repetiffe
788 2076 880 2113 haec
901 2088 945 2114 ex
968 2079 1068 2116 versu
1088 2087 1175 2125 232.

140 2123 302 2172 ideoque
331 2122 518 2168 antiquam
546 2120 747 2158 tectionem
770 2124 923 2166 reduxi,
951 2136 991 2161 ut
1021 2130 1059 2162 δε
1089 2130 1177 2163 fecit

140 2174 310 2212 Valerius
332 2171 493 2209 Andreas
508 2197 519 2215 ,
546 2172 608 2220 qui
628 2170 716 2208 alios
734 2172 854 2220 legere
867 2201 876 2217 ,
890 2173 1038 2212 crimina
1051 2175 1176 2219 nostra,

140 2232 262 2263 notat.
280 2224 417 2271 jactare
437 2235 559 2258 nomen
578 2221 726 2270 alicujus
740 2250 749 2266 ,
764 2223 811 2260 est
832 2223 1017 2263 maledicis
1040 2225 1178 2262 sermo-

139 2275 247 2313 nibus
268 2275 304 2312 &
323 2273 418 2322 jocis
450 2273 594 2320 publice
617 2272 777 2322 aliquem
809 2274 1010 2315 traducere.
1046 2275 1094 2315 sic
1112 2275 1174 2315 lib.

142 2337 210 2364 111.
230 2326 363 2363 Amor.
384 2336 411 2361 1.
436 2332 497 2360 21.

197 2386 330 2426 Fabula
350 2414 361 2431 ,
388 2386 471 2434 (nec
481 2385 613 2434 sentis)
634 2396 707 2424 tota
725 2388 868 2436 jab't‘aris
882 2389 919 2427 in
939 2391 1032 2431 urbe.

131 2456 268 2507 jactare
286 2452 442 2489 dicimur
457 2479 466 2493 ,
487 2463 743 2508 quaecumque
757 2465 840 2491 cum
861 2455 1105 2495 ostentatione
1118 2457 1181 2496 ali-

136 2517 210 2555 qua
239 2503 381 2591 ρυὶῇὲεὸε
413 2513 536 2540 coram
568 2503 645 2541 aliis
670 2503 868 2544 effutimus.
896 2507 945 2545 ita
968 2507 1064 2556 apud
1092 2510 1172 2547 Lu·

141 2567 222 2594 can.
253 2566 317 2592 1.2
376 2581 384 2590 .

188 2614 330 2662 Expulit
347 2613 488 2663 ancipiti
508 2613 670 2659 discordes
685 2615 766 2653 urbe
787 2615 943 2653 tribunos
956 2646 968 2661 ‚

193 2666 284 2701 Victo
297 2667 374 2714 jure
393 2666 517 2701 minax
532 2667 674 2715 jaffatis
695 2668 789 2704 curia
805 2668 982 2706 Gracchis.

139 2727 179 2768 id
201 2727 248 2763 est
266 2739 347 2765 cum
362 2729 614 2768 Gracchorum
638 2731 804 2776 exempla
824 2730 963 2767 senatus
981 2733 1173 2770 mina-citer

139 2781 180 2816 &
194 2776 563 2828 i-nsolenterjaetaffet.
586 2781 712 2829 Virgil,
727 2781 825 2817 Ceiri
838 2781 893 2823 fis.
905 2782 962 2829 85.
976 2782 1021 2820 de
1035 2784 1172 2832 Scylla:

187 2843 311 2891 {Quam
341 2844 435 2880 mala
463 2846 644 2896 multiplici
666 2849 840 2897 juvenum
871 2849 962 2899 quod
988 2852 1082 2898 septa
1110 2863 1167 2888 ca-

311 2903 413 2929 terva

188 2942 364 2987 Dixerat,
391 2953 495 2991 atque
513 2946 629 2984 animo
649 2948 813 2985 meretrix
829 2949 965 2995 jactata
977 2951 1140 2997 ferarum

188 2995 363 3041 Infamem
384 2995 450 3030 tali
470 2996 589 3032 merito
608 3011 741 3034 rumore
753 3000 854 3046 fuiffe

185 3047 297 3081 Docta
312 3043 535 3092 Palaephatia
556 3047 697 3091 testatur
708 3063 785 3086 voce
801 3059 958 3100 papyrus.

136 3109 199 3157 qui
228 3111 345 3149 versus
376 3112 628 3158 corruptissimi
660 3113 697 3148 &
725 3115 821 3151 varie
849 3116 929 3155 edui
949 3127 1015 3155 tur.
1044 3120 1161 3158 Hein-

133 3158 341 3251 fiusdedidit
361 3189 372 3208 ,
408 3162 545 3211 agitata
564 3167 739 3210 ferarum.
765 3165 860 3205 forte
896 3168 1071 3209 scribendi
1091 3172 1164 3211 hoc

133 3219 204 3249 mo
230 3224 283 3260 ο,

2210 489 2286 545 Et

1296 610 1436 657 Quam,
1449 610 1546 649 mala
1559 609 1745 660 multiplici
1750 612 1925 660 juvenum
1939 614 2129 664 quodfi’pta
2141 623 2286 651 caterva

1295 660 1473 705 Dixerat,
1502 672 1607 710 atque
1628 675 1754 700 canum
1775 663 1942 701 meretrix
1967 666 2100 713 sufflata
2120 666 2284 712 ferarum

1295 711 1470 755 Infamem
1494 725 1568 752 &c-

1244 774 1319 812 hoc
1339 776 1462 822 sensu3
1492 790 1604 827 quam
1625 780 1885 830 Palaephatus,
1914 782 2094 830 explicans
2108 783 2284 828 fabulam,

1245 826 1391 864 testatur
1413 828 1515 866 fuisse
1545 831 1723 869 infamem
1748 860 1758 876 ,
1795 833 1897 881 quod
1919 833 2015 880 septa
2034 834 2176 883 semper
2204 846 2285 872 ma-

1243 886 1314 924 gna
1337 888 1545 917 amatorum
1578 890 1722 919 caterva
1743 911 1753 926 ‚
1791 894 1922 921 omnes
1949 885 2127 922 lacerabat
2166 885 2283 923 male-

1245 927 1374 970 dictis,
1403 930 1441 967 &
1464 931 1549 967 ideo
1563 931 1697 979 jactata
1725 934 1816 976 fuit,
1845 934 1881 971 id
1895 934 1942 970 est
1962 935 2005 971 ab
2030 935 2202 972 omnibus
2215 948 2284 984 pu-

1240 976 1331 1015 blice
1347 979 1443 1017 dieta
1475 982 1645 1019 meretrix
1676 994 1807 1020 canum
1838 985 1995 1022 ferarum
2014 1013 2024 1028 ,
2052 986 2088 1022 id
2109 986 2285 1034 estjuve-

1239 1039 1330 1065 num
1363 1030 1645 1069 maledicorum.
1681 1033 1779 1070 mala
1815 1035 1947 1077 dicere,
1988 1043 2028 1072 ut
2055 1034 2151 1071 mala
2185 1037 2280 1077 dieta

1238 1080 1378 1126 paffim.
1406 1081 1481 1119 vid.
1510 1082 1553 1119 ad
1576 1095 1619 1120 11.
1652 1084 1735 1122 Art.
1760 1096 1843 1134 533.
1871 1085 1968 1121 mala
1990 1085 2083 1134 loqui
2111 1097 2144 1121 v.
2171 1086 2281 1124 Trist„

1237 1140 1273 1165 x.
1295 1141 1357 1178 39.
1385 1133 1483 1168 mala
1504 1133 1651 1182 ingerere
1674 1135 1830 1172 Terent.
1864 1136 1901 1172 ὃ(
1925 1135 2030 1172 fimil.
2065 1142 2169 1172 Ferae
2189 1148 2279 1173 vero

1231 1183 1379 1228 proprie
1406 1193 1535 1225 canes,
1567 1185 1602 1220 ἃ
1618 1186 1922 1228 ,utnotiffimum
1939 1213 1948 1228 ‚
1978 1187 2088 1223 etiam
2110 1186 2282 1226 maledici

1228 1230 1412 1270 homines.
1440 1233 1860 1284 Ovid.xui.Met.73z.
1888 1236 1934 1274 de
1955 1236 2093 1284 Scylla:

1232 1341 1259 1381 B
1284 1294 1352 1331 Illa
1365 1295 1453 1343 feris
1473 1306 1592 1334 atram
1616 1298 1756 1337 canibus
1769 1300 1984 1350 succingitur
2003 1300 2145 1339 alvumt

1267 1358 1366 1385 unm,

1289 1426 1343 1465 ῐς.
1372 1422 1599 1470 Perpetuoque
1611 1419 1699 1458 mihi
1711 1421 2137 1472 ficiatamfhedereleffli]
2166 1423 2280 1462 Hanc

1231 1469 1376 1506 tertiam
1409 1468 1511 1507 fuiffe
1541 1472 1686 1510 Ovidio
1718 1484 1875 1511 uxorem
1902 1484 2034 1510 omnes
2062 1474 2188 1511 sciunt.
2214 1474 2276 1512 sed

1236 1516 1310 1555 hoc
1333 1519 1426 1557 adde
1455 1521 1580 1570 (quod
1602 1535 1669 1560 nos
1690 1525 1798 1571 primi
1821 1525 2055 1568 invenimus)
2085 1536 2166 1561 earn
2189 1524 2280 1561 alte-

1236 1568 1265 1605 ri
1288 1570 1382 1616 prius
1403 1570 1558 1619 nupsiffe
1573 1600 1583 1615 ‚
1616 1585 1727 1621 quam
1749 1573 1900 1612 Nasoni.
1929 1575 2055 1622 Atque
2077 1583 2117 1611 ut
2138 1574 2176 1612 id
2193 1583 2277 1622 apte

1233 1619 1410 1668 intelligas
1440 1621 1483 1658 ad
1511 1623 1733 1661 collectanea
1764 1625 1883 1662 nostra
1903 1633 1940 1662 te
1962 1626 2101 1662 confer.
2129 1625 2279 1662 Consu.

1235 1668 1404 1709 FANENs.
1437 1671 1621 1720 Perpetuo
1641 1674 1799 1717 scilicet,
1826 1687 1911 1712 narn
1933 1686 2016 1712 cum
2049 1684 2120 1712 tres
2141 1687 2276 1712 uxores

1233 1719 1387 1760 duxiffet
1412 1724 1592 1767 Ovidius,
1625 1725 1712 1762 duas
1731 1725 1830 1762 fano
1852 1726 2016 1762 divortio
2042 1725 2273 1773 repudiavit.

1231 1772 1376 1809 tertiam
1398 1774 1508 1811 unice
1531 1774 1699 1812 dilectam
1724 1775 1769 1812 ad
1789 1785 1949 1813 mortem
1974 1787 2088 1824 usque
2111 1777 2274 1820 retinuit,

1230 1821 1331 1868 cujus
1361 1823 1613 1862 laudationem
1644 1825 1872 1874 prosequitur
1893 1854 1905 1871 ,
1934 1837 2018 1863 cum
2052 1825 2160 1870 alibi,
2191 1835 2272 1864 tum

1229 1871 1332 1921 Eleg.
1353 1886 1388 1912 v.
1415 1875 1476 1912 lib.
1496 1887 1523 1912 r.
1547 1875 1657 1913 Trist.
1676 1875 1747 1925 qua
1768 1876 1878 1914 fidem
1902 1877 1979 1926 ejus
2000 1878 2036 1912 &
2055 1876 2267 1914 industriam

1228 1923 1412 1970 praedicat
1434 1953 1445 1968 ‚
1481 1926 1583 1975 quod
1615 1938 1699 1964 cum
1727 1926 1856 1975 aliquis
1882 1927 2083 1964 avidiffime
2116 1928 2270 1964 fortunis

1227 1973 1297 2010 suis
1316 1975 1493 2020 inhiaret,
1521 1976 1593 2024 ipsa
1612 1977 1763 2023 ingenio
1787 1979 1823 2012 δε
1843 1977 2046 2012 amicorum
2068 1977 2273 2014 auxilioin·

1225 2030 1325 2069 tegra
1342 2026 1468 2060 omnia
1489 2026 1692 2061 servaverit.
1732 2025 1902 2061 Graviter
1926 2024 2058 2062 fallitur
2085 2025 2245 2064 Crinitus
2270 2054 2282 2073 ,

1227 2073 1291 2120 qui
1308 2072 1473 2110 Perillam
1495 2072 1567 2110 effe
1588 2082 1703 2120 putat.
1728 2075 1935 2111 SALVAGN.

1285 2134 1340 2169 16.
1369 2140 1451 2169 Non
1467 2134 1603 2181 patitur
1621 2135 1736 2183 miseri
1748 2127 1878 2183 funera
1898 2136 1975 2184 flere
1995 2139 2106 2189 viri-J
2138 2140 2220 2180 Lib.
2242 2156 2275 2182 1.

1230 2179 1333 2229 Eleg.
1352 2193 1387 2220 x.
1414 2183 1459 2221 de
1481 2185 1627 2229 Ponto,
1658 2186 1716 2224 ubi
1737 2187 1782 2225 de
1807 2188 1913 2226 Celso
1933 2190 2087 2239 loquens
2105 2191 2173 2228 ait:

1285 2249 1393 2288 Illum
1412 2265 1464 2300 ego
1487 2266 1554 2289 non
1575 2253 1679 2290 aliter
1699 2252 1836 2302 flentem
1857 2267 1932 2291 mea
1943 2256 2075 2302 funera
2099 2258 2200 2304 vidi,

1338 2303 1518 2340 Ponendus
1538 2317 1645 2355 quam
1665 2304 1825 2353 sifrater
1848 2306 1885 2342 in
1908 2307 1982 2354 igne
1993 2308 2097 2353 foret.

1234 2367 1440 2418 Improprie
1458 2379 1607 2416 tamen,
1642 2373 1726 2421 quia
1750 2373 1966 2422 relegationi
1993 2374 2138 2418 tribuit,
2163 2377 2266 2424 quod

1235 2420 1500 2467 deportationis
1529 2424 1716 2471 proprium
1752 2424 1811 2461 est.
1864 2424 2051 2473 Siquidem
2084 2437 2181 2464 mors
2199 2428 2270 2465 alia

1234 2471 1403 2509 naturalis
1421 2472 1469 2509 est
1492 2499 1504 2517 ,
1540 2475 1683 2511 animae
1708 2474 1840 2511 scilicet
1861 2473 1881 2511 a
1903 2486 2057 2522 corpore
2077 2475 2264 2520 disceffus3

1228 2520 1296 2558 alia
1324 2522 1462 2566 civilis,
1490 2534 1574 2561 cum
1597 2525 1739 2562 ratione
1761 2525 1850 2573 juris
1869 2525 1996 2573 aliquis
2017 2538 2082 2573 pro
2112 2538 2263 2565 mortuo

1228 2578 1382 2609 tenetur.
1413 2573 1600 2611 Homines
1629 2576 1726 2612 enim
1751 2575 1871 2612 media
1899 2577 1936 2613 &
1957 2578 2118 2613 maxima
2141 2579 2266 2625 capitis

1227 2620 1476 2660 diminutione
1501 2625 1655 2662 civiliter
1678 2626 1859 2662 intereunt
1879 2653 1888 2668 ‚
1915 2626 1983 2674 leg.
2005 2638 2105 2662 txiv.
2185 2628 2268 2665 ulti-

1228 2682 1316 2717 mo,
1346 2673 1383 2709 ff.
1408 2685 1474 2720 pro
1494 2674 1609 2713 socio.
1637 2676 1747 2713 Unde
1770 2676 2000 2713 Thersander
2021 2676 2114 2724 apud
2138 2679 2265 2716 Achil-

1227 2721 1301 2759 lem
1327 2723 1480 2762 Tatium
1501 2726 1559 2762 lib.
1582 2738 1670 2764 viii.
1699 2726 1743 2763 de
1759 2726 2021 2773 Clitophonte,
2042 2738 2170 2765 mort:
2186 2729 2262 2776 jam

1229 2772 1426 2818 damnato,
1456 2774 1504 2813 sic
1532 2776 1720 2824 loquitur,
1750 2777 1895 2816 τέθνηκε
1917 2779 1986 2816 τοῖς
2006 2778 2126 2822 νέμεις.
2170 2781 2263 2824 Jam

1228 2823 1318 2873 quod
1336 2824 1382 2860 ad
1402 2824 1483 2873 leges
1503 2826 1631 2864 attinet
1658 2837 1815 2866 mortuus
1834 2828 1888 2875 est,
1917 2828 2136 2867 Claudianus
2157 2830 2216 2868 lib.
2238 2843 2266 2868 1³

1223 2874 1261 2911 in
1287 2875 1534 2924 Eutropium:

1452 2949 1552 2981 Certe
1565 2944 1692 2994 pudeat
1706 2973 1715 2990 ‚
1735 2946 1825 2996 quod
1839 2946 1918 2993 jure
1932 2945 2101 2994 sepultum

1275 2994 1494 3043 Mancipium
1517 3005 1567 3031 tot
1588 3009 1690 3043 regna
1714 3006 1805 3033 tenet
1819 3023 1829 3041 ‚
1858 3008 1907 3032 sot
1926 2997 2087 3043 distrahit
2106 2995 2213 3033 urbes.

1220 3059 1456 3106 Quapropter
1477 3060 1501 3096 ii
1516 3061 1598 3108 ,qui
1621 3059 1664 3097 ab
1677 3060 1786 3097 exilio
1800 3069 2018 3098 revocantur
2036 3089 2044 3103 ‚
2058 3059 2188 3097 renasci
2205 3057 2262 3096 dia

1219 3117 1360 3146 cuntur.
1387 3110 1555 3156 Papinius
1576 3112 1612 3147 in
1634 3111 1771 3148 Etrusci
1790 3112 1960 3160 lacrymis
1982 3123 2059 3148 iii.
2082 3109 2231 3158 Sylvaro

1272 3174 1372 3220 Qus
1399 3170 1465 3207 tibi
1485 3172 1601 3208 devoti
1618 3173 1759 3220 juvenes
1776 3182 1834 3222 pro
1852 3183 1949 3222 patre
1970 3181 2087 3208 renato

1272 3221 1549 3310 Summgiucum
1564 3229 1661 3261 Vates
1675 3250 1686 3272 ‚
1704 3234 1766 3263 am
1779 3237 1864 3275 quae
1874 3225 1931 3272 pia
1942 3232 2023 3259 vota
2042 3222 2268 3310 rependugff

1464 3281 1483 3317 3
2190 3309 2194 3310 ν
2242 3291 2267 3320 a·
