2547 3708
0 0 10 167 l

613 165 1584 243 PRAEFATioNEs‘
2030 164 2169 253 ms

4 304 56 361 Ξ,
699 310 744 356 Ε
804 310 837 371 J
903 309 954 356 U
1023 311 1053 358 S
1124 311 1172 357 D
1244 311 1284 357 E
1354 311 1415 356 M

2 370 6 471 Ι
302 401 306 404 ’
841 389 1000 437 Altera
1024 389 1289 438 Dedicatio.

1 514 5 616 i

318 468 1079 516 CLARISSIMIS
1160 466 1801 527 EQUITIBUS

19 547 387 607 ANTONIO
442 547 878 632 BULDUNO,
928 545 1226 616 JOANNI
1285 545 1733 601 FRANCISCO
1794 543 2119 600 PASCHA-

416 655 417 658 ¹
508 631 722 694 LlCO‚
766 631 1172 685 DOMINICO
1215 631 1614 696 BOLLANO,

521 716 915 781 Eloquentiffimis
939 715 1294 765 advocatoribus
1315 716 1599 766 felicitatem.

14 839 342 956 IMprudcns
365 837 496 885 simul
513 836 660 882 &mei
685 835 884 881 nominis
909 834 1145 898 negle&or
1168 835 1300 882 facile
1328 836 1482 882 haberi
1510 835 2006 901 posl'em,integerrimi
2022 835 2119 882 Ad-

104 918 371 962 vocatores,
406 901 487 949 nisi
518 901 694 964 aliquot
725 916 784 946 ex
817 915 969 946 earum
997 901 1304 962 ineptiarum,
1341 916 1453 963 quae
1485 900 1601 946 mihi
1631 899 1739 947 falso
1767 902 1984 964 ascriptae
2019 900 2116 946 fue-

13 985 148 1030 runt,
164 968 390 1016 erroribus
411 966 688 1013 annotassem
703 999 718 1024 ,
741 964 965 1028 vobisque
990 964 1228 1023 dicassem,
1264 981 1358 1010 non
1384 965 1510 1027 quod
1539 964 1789 1012 istiusmodi
1813 981 1953 1028 nugas
1977 965 2119 1011 vestra

13 1052 105 1086 tam
125 1033 370 1080 excellenti
392 1031 598 1078 do&i‘in21
622 1030 975 1094 eloquentiaque
1001 1029 1159 1092 dignas
1183 1029 1437 1075 existimem
1455 1063 1470 1087 ,
1505 1028 1580 1074 sed
1603 1043 1654 1075 ut
1677 1030 1781 1076 inde
1807 1031 2004 1093 apertius
2039 1046 2119 1075 co-

14 1099 264 1166 gnoscatis,
302 1097 349 1143 ὅί
378 1113 450 1142 me
475 1094 750 1142 atrocissima
769 1096 936 1156 injuria
958 1094 1087 1147 fuisse
1110 1092 1325 1140 affefmm
1342 1128 1357 1152 ,
1384 1094 1431 1139 ὃς
1457 1110 1563 1139 eum
1584 1094 1815 1141 librarium
1830 1128 1845 1152 ,
1862 1110 1998 1156 quem
2023 1092 2118 1140 falfi

16 1182 144 1213 reum
160 1159 826 1226 egi‚Vobisimpudentiffime
852 1158 978 1204 fuisse
1001 1161 1266 1204 mentitum.
1302 1160 1344 1204 Is
1359 1160 1478 1204 enim
1503 1175 1610 1204 cum
1635 1161 1783 1204 vicem
1797 1176 1882 1221 pro
1908 1158 2124 1204 tribunali

15 1229 98 1295 ipli
125 1225 496 1284 denunciafl'etis,
530 1238 583 1270 ut
609 1223 650 1270 se
675 1223 968 1281 defenderet,
1004 1239 1086 1269 vos
1121 1239 1316 1285 namque
1346 1224 1393 1268 in
1427 1223 1572 1286 ipsum
1607 1223 1692 1268 esse
1716 1222 2040 1286 inquisituros,
2075 1222 2124 1269 &

14 1298 249 1359 quotquot
272 1291 400 1336 domi
421 1305 624 1336 mearum
651 1289 987 1335 enarrationum
1013 1289 1290 1351 exemplaria
1315 1287 1498 1334 haberet
1513 1286 1753 1350 ,publicae
1773 1287 2006 1333 custodiae
2030 1300 2121 1332 tra-

15 1361 168 1417 deret,
203 1356 373 1403 veritus
396 1372 480 1413 ne,
505 1368 557 1401 ut
573 1353 746 1418 justum
772 1353 865 1411 est,
901 1353 1316 1410 comburerentur,
1339 1353 1531 1398 clamare
1554 1353 1738 1415 coepit,
1773 1352 1847 1397 illa
1871 1366 1982 1414 quae
2006 1351 2122 1395 mihi

0 1421 311 1491 ascripsisset,
333 1420 388 1465 ab
414 1420 606 1467 homine
626 1418 766 1465 doeio
791 1419 1050 1480 composita
1069 1417 1196 1464 fuisse
1212 1452 1226 1477 ,
1261 1433 1408 1479 eoque
1433 1417 1546 1462 mihi
1571 1416 1741 1462 nullam
1768 1416 1823 1462 ab
1849 1416 1890 1462 se
1909 1416 2122 1477 injuriam

0 1490 144 1538 fuisse
167 1489 354 1536 illatam.
423 1484 478 1531 Id
505 1500 613 1530 vero
646 1497 738 1529 tam
764 1484 1001 1547 perspicue
1033 1482 1192 1529 salsum
1229 1482 1324 1540 est,
1357 1495 1410 1528 ut
1435 1481 1612 1527 illarum
1650 1481 1926 1543 ineptiarum
1964 1479 2124 1526 auftor

20 1554 213 1620 quisquis
249 1551 388 1597 fuerit
412 1583 427 1609 ,
475 1549 589 1594 mihi
625 1549 747 1594 enim
781 1563 836 1594 ne
867 1548 1054 1593 nomine
1094 1549 1280 1611 quidem
1307 1547 1371 1592 est
1405 1559 1570 1603 notus,
1604 1561 1698 1591 non
1731 1544 1950 1607 loquendi
1984 1544 2124 1589 modo

20 1634 152 1684 atque
173 1615 437 1681 exponendi
472 1614 743 1676 imperitus,
780 1629 940 1659 verum
968 1611 1117 1659 fatuus
1150 1628 1335 1676 quoque
1367 1611 1420 1658 ab
1454 1611 1674 1673 omnique
1707 1610 1992 1656 humanitate
2014 1608 2123 1654 alie-

21 1683 104 1732 nus
125 1683 211 1729 esse
235 1678 617 1744 deprehendatur.
655 1679 703 1724 Si
730 1695 815 1741 qua
839 1679 879 1724 ei
902 1677 1144 1742 prudentia
1166 1678 1286 1725 foret
1302 1711 1317 1735 ,
1334 1691 1565 1738 nunquam
1591 1673 1884 1721 commisisset
1899 1708 1913 1733 ,
1935 1687 1987 1720 ut
2011 1689 2124 1737 quae

21 1763 108 1813 ego
132 1747 186 1794 ad
212 1759 510 1794 communem
533 1741 836 1789 studiosorum
863 1743 1111 1790 utilitatem
1138 1744 1183 1789 in
1209 1741 1374 1790 Ovidii
1402 1739 1808 1804 Metamorphosin
1829 1773 1844 1797 .,
1880 1755 1994 1803 opus
2028 1752 2121 1785 tam

18 1816 198 1871 ,varium
231 1823 530 1872 accurataque
565 1806 856 1870 expositione
879 1808 1115 1872 indigens,
1141 1805 1490 1870 conscripseram
1508 1839 1524 1863 ,
1560 1803 1651 1867 ipse
1685 1820 1757 1850 me
1779 1805 1967 1850 vivente
1993 1820 2045 1850 ac
2076 1802 2124 1848 id

22 1879 222 1926 maxime
243 1888 433 1938 agente,
472 1886 524 1919 ut
549 1889 685 1936 quam
707 1872 1060 1920 emendatissima
1081 1873 1353 1931 ederentur,
1390 1886 1575 1917 manum
1601 1883 1829 1932 apponere
1862 1868 2125 1925 sustineret,

21 1960 130 1991 cum
153 1940 414 2006 praesertim
437 1941 470 1983 is
494 1937 577 1996 fit,
612 1939 691 1999 qui
718 1953 811 1983 non
831 1938 937 1983 dico
964 1940 1206 2000 poetarum
1232 1935 1348 1982 sensa
1370 1950 1601 1999 exponere
1616 1968 1630 1992 ,
1657 1934 1729 1979 sed
1753 1949 1807 1978 ne
1829 1933 1883 1978 ab
1906 1932 2001 1978 aliis
2025 1932 2125 1995 qui-

21 2009 125 2053 dem
158 2006 293 2068 plene
327 2015 529 2050 enarrata
560 2003 796 2065 percipere
829 2002 979 2065 possit.
1048 2001 1195 2060 Qod
1229 1999 1413 2063 quidem
1451 2015 1557 2044 cum
1591 2014 1647 2044 ex
1684 1996 1964 2043 barbarismis
1988 2010 2124 2059 atque

22 2069 296 2119 soloecismis
321 2101 337 2126 ,
394 2065 559 2129 quibus
599 2065 725 2112 istius
769 2065 1075 2129 expositiones
1116 2064 1289 2111 scatent
1311 2099 1326 2124 ,
1381 2077 1482 2110 tum
1521 2079 1577 2108 ex
1616 2061 1738 2108 sensu
1787 2062 1860 2109 vel
1906 2072 2129 2124 perceptu

25 2135 350 2183 facillimorum
395 2129 686 2193 perversione
729 2131 1076 2193 carminumque
1116 2129 1441 2192 depravatione
1484 2125 1718 2174 manifeste
1756 2125 1915 2188 colligi
1962 2124 2129 2187 potest.

25 2200 97 2248 Ut
126 2199 248 2246 nulla
274 2197 358 2244 alia
381 2196 437 2241 de
462 2193 589 2240 causa
612 2195 850 2257 imperitus
878 2195 958 2241 iste
983 2193 1009 2241 a
1033 2193 1210 2258 perfido
1234 2193 1313 2239 illo
1338 2193 1525 2240 librario
1549 2191 1761 2237 induetus
1784 2190 1869 2235 esse
1894 2189 2131 2246 videatur,

26 2265 104 2330 qui
123 2262 426 2311 enarrationes
450 2275 568 2306 meas
592 2258 842 2306 istiusmodi
863 2261 1048 2321 ineptiis
1073 2259 1358 2321 inquinaret,
1392 2273 1528 2320 quam
1555 2269 1608 2302 ut
1631 2270 1704 2301 me
1732 2253 1998 2317 ubicunque
2021 2255 2128 2299 Ro-

26 2346 158 2385 mana
179 2330 360 2392 vigeret
382 2325 573 2388 lingua,
606 2325 654 2370 in
679 2339 817 2370 omne
842 2336 1024 2387 tempus
1049 2323 1282 2387 sugillaret
1303 2335 1438 2384 atque
1471 2320 1724 2368 infamaret.
1795 2317 1903 2365 Nisi
1938 2319 2059 2363 enim
2081 2315 2128 2363 id

25 2393 285 2458 quaesisset,
320 2390 538 2453 tantisper
561 2401 686 2435 certe
707 2388 1008 2451 expefitaffet,
1042 2387 1152 2434 dum
1178 2403 1268 2450 ego
1291 2398 1446 2432 totum
1470 2401 1586 2449 opus
1609 2383 1857 2446 relegissem
1877 2417 1891 2438 .,
1918 2399 1997 2440 ac,
2018 2397 2130 2442 quae

24 2459 317 2506 >librariorum
344 2455 628 2518 negligentia
649 2453 822 2500 inversa
845 2453 1090 2515 putabam,
1113 2450 1421 2498 correxissem.
1469 2449 1558 2498 Sed
1589 2447 1941 2495 foediffimarum
1972 2447 2132 2508 depra-

24 2524 271 2570 ,vationum
297 2520 378 2567 fibi
402 2517 636 2577 consciu8‚
674 2534 782 2582 quas
808 2517 1030 2581 plerisque
1053 2519 1099 2563 in
1121 2518 1266 2574 locis,
1290 2528 1344 2562 ut
1369 2515 1580 2578 malignis
1608 2512 1870 2576 quibusdam
1897 2512 1942 2556 ὅτ.
1968 2510 2131 2555 invidis

29 2587 173 2635 ansam
199 2589 246 2634 in
271 2601 343 2632 me
375 2581 686 2631 debacchandi
719 2582 1042 2645 quaerentibus
1076 2580 1427 2644 obsequeretur,
1459 2576 1759 2625 admittendas
1787 2587 1992 2632 curarat,
2024 2589 2131 2620 eum

27 2654 142 2708 ‚meis
173 2648 535 2698 enarrationibus
570 2646 708 2693 finem
733 2646 972 2710 apposuit,
1005 2663 1098 2710 quo
1124 2645 1172 2692 δε
1196 2645 1312 2691 mihi
1336 2645 1385 2691 in
1417 2658 1712 2689 communem
1737 2639 2038 2686 studiosorum
2056 2641 2132 2701 ju-

32 2731 201 2762 venum
236 2715 483 2761 utilitatem
505 2712 716 2775 vigilanti
736 2710 986 2758 foediffima
1011 2710 1187 2756 macula
1208 2710 1272 2755 est
1306 2708 1474 2755 inusta:
1512 2708 1560 2753 &
1583 2708 1615 2752 ii
1637 2722 1824 2763 omnes,
1860 2705 1937 2766 qui
1969 2702 2130 2749 Ovidii

28 2777 439 2841 ,Pvietamorphofin
460 2794 568 2824 cum
584 2777 693 2823 meis
717 2775 1077 2822 enarrationibus
1100 2774 1142 2821 se
1165 2789 1313 2820 emere
1339 2785 1559 2836 putarunt
1574 2804 1588 2829 ,
1616 2769 1882 2832 iniquissime
1907 2767 2030 2812 fuere
2051 2766 2129 2811 de-

33 2845 175 2908 cepti.
234 2842 380 2900 Quod
408 2842 438 2887 si
465 2844 497 2888 ii
518 2840 774 2904 gravissime
798 2842 1080 2902 puniuntur,
1115 2840 1193 2901 qui
1218 2840 1265 2884 in
1290 2838 1478 2900 privatis
1512 2834 1830 2897 chirographis
1857 2831 2037 2894 aliisque
2059 2831 2129 2876 in-

32 2908 295 2967 strumentis
319 2905 414 2953 falfi
439 2905 608 2967 aliquid
631 2905 915 2964 admittunt,
949 2922 1041 2968 quo
1067 2905 1167 2966 quis
1191 2903 1262 2949 vel
1287 2903 1440 2964 paucis
1467 2900 1674 2960 pecuniis
1698 2897 1958 2953 fraudetur,
1993 2910 2131 2957 quan-

33 2985 89 3030 ¹to
112 2987 285 3034 majore
309 2970 535 3033 supplicio
557 2969 592 3013 is
626 2969 689 3014 est
720 2970 1029 3027 coercendus,
1064 2969 1143 3030 qui
1169 2966 1213 3012 id
1235 2982 1381 3030 genus
1412 2964 1507 3011 falsi
1533 2962 1793 3020 commisit,
1828 2977 1918 3021 quo
1945 2976 2039 3005 non
2065 2959 2133 3003 so·

35 3035 132 3084 lum
157 3038 211 3084 ab
239 3037 312 3082 illa
347 3033 764 3098 quantulacumque
798 3032 1029 3080 doetrinae
1061 3032 1206 3088 fama,
1243 3031 1363 3076 unde
1399 3044 1555 3074 omnes
1591 3028 1770 3073 nostrae
1806 3025 1991 3070 divitiae
2025 3039 2135 3084 pen-

39 3100 179 3160 dent,
201 3102 419 3163 omnique
445 3099 654 3155 honore,
689 3095 780 3142 fine
803 3112 897 3158 quo
919 3095 1167 3161 injucunda
1192 3094 1463 3141 hominibus.
1495 3093 1703 3153 ingenuis
1730 3089 1793 3135 est
1820 3102 1939 3145 vita,
1974 3086 2136 3133 scelere

37 3164 317 3228 perfidissimi
338 3163 461 3210 istius
483 3162 652 3208 librarii
672 3161 717 3206 in
741 3176 877 3206 omne
898 3160 1381 3224 tempus,ubicunque
1392 3159 1605 3203 Romana
1617 3155 1680 3200 est
1694 3157 1741 3199 in
1755 3153 1834 3200 usu
1858 3150 2134 3215 lingua,ini-

39 3228 243 3291 quiffime
265 3228 331 3279 fui
356 3229 587 3292 privatuS,
619 3225 692 3273 sed
720 3226 972 3271 maximum
999 3241 1186 3286 quoque
1211 3223 1367 3269 studiis
1396 3221 1726 3266 detrimentum
1752 3217 1840 3263 fuit
1875 3214 2131 3260 inve&um:

43 3294 177 3355 plauci
201 3308 395 3356 namque
416 3291 441 3338 ἐ
464 3290 702 3352 ἀοᾶἰ3,υῑ
728 3291 812 3339 alia
836 3290 1340 3354 omittam,quicquam
1365 3300 1559 3347 operum
1583 3283 1769 3329 suorum
1784 3281 1991 3326 emittere
2015 3276 2137 3387 prist-

1284 3353 1362 3397 Aa
1402 3364 1423 3412 3
2069 3355 2141 3388 iae
