2547 3708
932 110 959 169 Ι
1102 109 1149 169 Β

1294 113 1321 169 Ι
1463 115 1515 173 S.
2194 126 2272 195 '47

394 219 785 296 jugeribusque
813 232 1014 271 novem
1037 216 1132 287 qui
1161 214 1395 271 summus
1421 216 1575 271 distat
1601 218 1665 274 ab
1691 220 1827 286 im0,

481 293 801 362 Visceraque
828 288 1076 343 adsiduae
1103 287 1284 341 debita
1309 290 1528 359 praebet
1555 294 1654 346 avi.

265 371 363 440 185
402 367 519 426 Hic
546 367 641 419 tibi
669 364 738 417 de
768 363 937 418 Furiis
963 361 1170 415 scindet
1198 362 1329 415 latus
1355 379 1458 415 una
1482 361 1730 436 flage110‚

478 439 554 495 Ut
581 437 787 494 sceleris
813 452 1068 490 numeros
1090 433 1382 489 confiteare
1412 435 1508 489 tui.

406 515 592 571 Altera
619 508 894 566 Tartareis
912 507 1079 561 sefios
1106 507 1251 561 dabit
1277 507 1535 579 anguibus
1561 522 1732 576 artuS,

508 584 697 640 Tertia
722 581 985 634 fumantes
1008 581 1270 652 incoquet
1292 583 1416 653 igne
1441 600 1622 653 genaS.

406 660 582 718 Noxia
607 654 749 710 mille
776 653 951 707 modis
978 653 1294 707 lacerabitur
1321 654 1536 720 umbra,
1576 669 1800 731 tuasque

261 754 360 810 190

111 936 213 989 quafi
234 933 365 975 fercula
387 960 397 977 ‚
432 927 611 979 apposuit.
664 927 730 965 Dii
749 937 841 965 vero
860 933 1056 976 comperto
1079 925 1155 964 hoc

111 989 241 1029 scelere
270 986 470 1024 noluerunt
494 977 692 1018 comedere
715 1006 726 1023 ‚
778 985 920 1027 praeter
950 977 1126 1014 Cererem
1143 1005 1154 1023 ‚

109 1052 197 1091 quae
221 1037 328 1077 inscia
358 1037 396 1073 &
421 1034 520 1071 farne
550 1029 677 1068 coacta
706 1029 903 1068 humerum
935 1028 1153 1076 absumpsit;

108 1101 220 1142 quare
241 1090 304 1127 Dii
325 1088 501 1134 Pelopem
525 1080 824 1120 resuscitaverunt
844 1108 856 1124 ‚
891 1080 1001 1129 eique
1020 1080 1156 1117 hume-

107 1153 191 1181 rum
212 1140 414 1178 eburneum
435 1133 701 1182 imposuerunt.
758 1131 937 1169 Tantalus
949 1131 998 1168 ob
1011 1130 1050 1168 id
1061 1142 1155 1178 poe·

105 1203 196 1230 nam
215 1193 310 1228 hanc
332 1191 369 1228 in
390 1187 537 1225 inferno
550 1184 707 1232 patitur,
743 1182 847 1232 quod
861 1184 898 1220 in
919 1193 1014 1231 aqua
1037 1181 1150 1232 usque

105 1242 154 1280 ad
173 1250 343 1280 mentum
369 1246 468 1276 extat
491 1263 502 1280 ,
548 1245 736 1284 pomaque
764 1234 868 1281 super
893 1244 934 1271 os
965 1233 1043 1281 ejus
1062 1245 1152 1282 pen-

103 1291 194 1331 dent
214 1321 225 1337 ‚
262 1303 348 1341 quae
370 1287 560 1327 famelicus
591 1287 719 1334 nequit
738 1284 960 1328 comedere,
987 1294 1058 1322 nec
1080 1283 1152 1322 fiti-

101 1342 246 1381 bundus
264 1351 404 1391 potare.
442 1339 687 1377 INTERPRES.
728 1337 843 1375 Hunc
868 1335 977 1373 altera
998 1346 1152 1384 quoque

102 1394 200 1432 affici
218 1405 338 1443 poena
350 1393 490 1431 Poetae
509 1388 693 1426 finxerunt
721 1390 784 1435 (ut
804 1387 906 1424 Plato
935 1388 972 1424 in
995 1386 1149 1435 Cratylo

103 1445 145 1482 δί
177 1446 370 1483 Lucretius
396 1442 577 1488 scribunt)
606 1438 670 1487 qui
698 1438 892 1488 pendentis
911 1437 1014 1486 supra
1041 1445 1150 1487 caput

101 1492 229 1544 lapidis
249 1496 367 1534 casum
394 1493 573 1533 continue
590 1490 816 1529 extimescat.
843 1489 1009 1528 Lucretii
1032 1489 1152 1528 versus

99 1544 184 1585 sunt
203 1547 296 1586 libro
322 1558 387 1584 111.

151 1624 224 1656 Nec
233 1617 336 1664 miser
344 1614 541 1665 impendens
558 1625 681 1662 magno
694 1612 794 1649 timet
812 1612 890 1648 a‘e're
906 1611 1039 1659 saxum

152 1669 327 1706 Tantalus
354 1670 419 1714 (ut
429 1667 538 1710 fama
562 1664 628 1712 est)
658 1663 745 1713 caffa
754 1661 1100 1718 formidinetorpem.

149 1719 215 1756 Sed
231 1719 341 1768 magis
362 1719 401 1756 in
420 1719 500 1754 vita
520 1716 647 1752 divum
660 1727 772 1752 metus
790 1722 886 1761 urget
906 1713 1025 1749 manis

148 1770 317 1808 Mortales
329 1798 339 1815 ,
352 1771 535 1818 casumque
545 1767 672 1803 timent
682 1794 693 1811 ‚
712 1776 949 1817 quemcunque
958 1764 1058 1810 ferat
1065 1763 1150 1813 fhrs.

101 1836 252 1875 Cousr.
282 1835 455 1873 Faunus.
489 1832 684 1871 Tantalus.
722 1830 866 1868 Ibidem
893 1857 903 1874 ,
929 1829 968 1866 &
1000 1827 1062 1866 lib.
1086 1839 1153 1866 111·

102 1880 234 1924 Amor.
247 1886 346 1935 Eleg.
360 1899 434 1925 κη.
463 1885 509 1922 Et
522 1883 734 1932 Fulgentius
752 1882 801 1919 ita
814 1882 850 1919 in
863 1879 1152 1928 Mythologicis:

101 1937 298 1974 Tantalum
327 1938 449 1974 dicunt
476 1935 514 1972 in
546 1935 663 1971 lacum
687 1933 821 1977 inferni
841 1929 1027 1981 depofitum
1047 1957 1060 1975 ,
1095 1929 1151 1967 cui

95 1986 219 2033 fallax
235 1985 455 2038 aquagulofis
476 1985 570 2022 labia
590 1982 831 2020 titillamentis
851 1981 997 2028 attingzt
1012 1997 1023 2019 .·
1047 1990 1150 2029 poma

99 2050 233 2088 quoque
257 2037 428 2086 fugitivis
460 2034 698 2081 cinerescentia
741 2031 890 2069 talilibus
929 2032 1067 2078 desuper
1087 2033 1150 2076 fa-

100 2087 146 2124 cie
163 2099 264 2124 tenus
284 2096 450 2136 apparent
473 2084 639 2130 pendula.
695 2088 783 2130 Ergo
801 2081 856 2119 hic
886 2082 1026 2129 locuples
1053 2081 1152 2130 visus

99 2149 145 2177 (9·
159 2147 284 2187 pauper
301 2137 435 2187 effeffus
447 2163 458 2181 ‚
486 2135 538 2171 ita
552 2137 590 2182 se
608 2132 672 2169 illa
690 2133 789 2169 unda
800 2133 923 2178 fallax
936 2131 1059 2179 prabet
1075 2158 1085 2174 ,
1110 2141 1151 2167 ut

94 2186 216 2237 fitiat:
245 2188 300 2225 ita
312 2190 350 2236 se
367 2198 469 2235 poma
489 2186 653 2235 ingerunt
674 2211 685 2228 ‚
714 2194 757 2219 ut
776 2181 921 2238 esuriat.
973 2187 1074 2219 Hanc
1086 2181 1150 2226 fa-

101 2238 223 2278 bulam
245 2239 424 2278 Petronius
444 2237 596 2275 breviter
615 2233 751 2284 exponit
777 2233 917 2271 dicens:

149 2309 225 2341 Nec
243 2303 328 2341 bibit
344 2304 436 2340 inter
457 2314 591 2352 aquas,
619 2311 679 2336 nec
695 2307 798 2346 poma
813 2294 967 2347 petentia
988 2294 1099 2345 carpit

203 2354 372 2391 Tantalus
393 2353 516 2399 infelix
530 2380 541 2396 ,
567 2364 668 2399 quem
678 2353 746 2398 sua
767 2361 853 2386 vota
868 2357 1048 2398 premunt.

153 2405 292 2443 Divitis
313 2404 395 2441 haec
413 2403 533 2452 magni
545 2402 651 2448 facies
673 2401 739 2437 erit
753 2428 764 2444 ,
792 2399 911 2437 omnia
929 2398 1003 2434 late
1022 2441 1026 2443 μ

200 2459 274 2505 Qi
294 2465 408 2501 tenet,
435 2467 476 2496 ω’
493 2453 575 2504 ficto
597 2451 773 2503 concoquit
792 2464 844 2489 ore
848 2451 1003 2498 famem.

103 2521 273 2561 Cxorsu.

159 2583 241 2621 181.
267 2581 455 2632 Querit]
485 2580 769 2631 CaptatPetavii
789 2578 926 2618 codex.
945 2575 1048 2628 quod
1071 2587 1154 2614 ver-

107 2632 195 2670 bum
215 2635 251 2671 in
273 2637 341 2672 hac
369 2645 406 2670 re
427 2633 598 2672 usitatum
632 2631 864 2681 scriptoribus
885 2644 894 2668 :
943 2629 1016 2667 vid.
1040 2627 1152 2676 Epist-

109 2693 195 2721 xvi,
212 2695 294 2723 211.
312 2697 357 2722 11.
370 2684 503 2722 Am.2.
533 2684 570 2721 &
590 2683 684 2721 alibi.
712 2681 782 2720 Sed
803 2682 889 2732 quia
907 2681 969 2719 hic
983 2679 1143 2729 praefen-

472 729 671 787 AEacus
699 727 754 780 in
783 743 981 798 poenas
1005 726 1308 799 ingeniosus
1333 727 1453 781 erit.

2207 803 2268 862 In

1210 924 1303 964 lonii
1330 935 1608 967 commentator
1638 927 1676 967 in
1699 929 1873 976 primumi
1928 928 2116 968 Differunt
2138 937 2267 969 autem

1213 979 1334 1025 Tityus
1354 978 1538 1019 &Titiasz
1563 990 1650 1017 nam
1673 979 1783 1017 Titias
1795 991 1888 1019 unus
1909 993 1955 1019 ex
1974 981 2092 1018 Idaeis
2114 981 2263 1030 DaCW·

1210 1028 1251 1066 lis
1275 1030 1369 1073 fuit,
1408 1039 1448 1067 ut
1469 1031 1505 1068 in
1528 1032 1649 1079 primo
1677 1032 1715 1068 &
1743 1031 1907 1070 secundo
1939 1031 2134 1080 Apollonii
2155 1044 2263 1069 com⁶

1212 1081 1398 1117 mentatio
1409 1082 1593 1126 invenies,
1606 1083 1644 1119 δί
1654 1093 1724 1120 nos
1733 1082 1815 1120 alibi
1829 1084 2090 1121 enarravimus.
2113 1083 2198 1121 Con
2208 1095 2267 1139 εγ,

1210 1129 1312 1169 ΒΑΝ.
1340 1130 1403 1168 De
1425 1130 1550 1182 Tityo
1582 1132 1707 1171 lib.1v.
1735 1133 1895 1172 Metam.
1920 1134 2091 1172 Cxomu.

1267 1180 1350 1227 184.
1376 1182 1557 1234 Affidue.]
1613 1183 1778 1231 Affiduae
1804 1184 1869 1221 avi
1909 1183 2021 1223 scribe
2050 1195 2136 1222 cum
2168 1184 2269 1223 libris

1208 1232 1380 1282 antiquis·
1416 1234 1564 1273 Hmus.
1593 1234 1766 1273 Heinfius
1793 1235 1839 1273 ad
1865 1235 2026 1274 Remed.
2046 1245 2131 1285 315.
2152 1235 2268 1285 legit,

1209 1283 1352 1321 dedita:
1379 1285 1529 1334 praestat
1551 1285 1618 1323 avi
1635 1286 1726 1325 duo.

1265 1335 1349 1383 185.
1375 1335 1427 1371 Sic
1445 1336 1510 1373 tibi
1523 1337 1563 1374 de
1584 1337 1697 1375 Furiis
1713 1337 1857 1386 scindat
1880 1335 1982 1386 wa]
2010 1337 2179 1376 Nomina
2190 1335 2267 1375 Fus

1206 1385 1606 1435 riarum‚Tifiphone‚
1640 1390 1841 1437 Megaera,
1869 1387 2017 1427 Alecto.
2066 1388 2268 1427 INTERPR..

1204 1436 1342 1475 Alecto
1355 1465 1367 1483 ,
1386 1437 1635 1488 Tifiphonem
1651 1468 1662 1484 ‚
1690 1440 1728 1477 ὅτ
1740 1441 1956 1488 Megaeram
1970 1438 2146 1488 fignificat
2159 1450 2268 1487 ‚quae

1207 1489 1245 1526 ἃ
1269 1488 1451 1536 Erinnyes
1464 1517 1475 1535 ‚
1506 1492 1542 1528 δε
1557 1491 1703 1529 Poenae
1717 1489 1888 1530 dicuntur
1901 1519 1912 1536 ,
1941 1490 1988 1529 de
1998 1490 2130 1539 quibus
2143 1489 2267 1538 Apol-

1204 1539 1357 1578 lodorus
1383 1539 1444 1577 lib.
1464 1554 1490 1579 1.
1520 1542 1759 1580 Bibliothecae
1773 1569 1784 1585 ,
1814 1541 2051 1581 &Hefiodus
2072 1542 2111 1579 in
2131 1540 2270 1585 Theoz

1206 1591 1318 1641 gonia
1336 1619 1346 1636 ,
1372 1591 1477 1640 cujus
1494 1592 1578 1632 haec
1596 1593 1700 1631 sunt:
1727 1592 1882 1643 sss.183.

1261 1657 1388 1700 δ’σσ-οιι
1408 1658 1721 1712 γοὲς”ῥοι.9·οίμιγγες
1739 1659 1938 1701 dedecus-ev
1958 1661 2191 1712 αἱματόεσσαι
2199 1663 2214 1704 δ’

1262 1713 1387 1759 Ποία-αις
1403 1715 1520 1763 δέξαιτο
1538 1720 1628 1757 Γαΐω
1643 1745 1653 1764 ,
1674 1718 1913 1769 πεςιπλομένων
1923 1715 2120 1756 B’s'uoevrfiv
2133 1745 2144 1764 ‚

1260 1772 1383 1810 Peiraer’
1403 1769 1537 1825 'Egmv's
1556 1788 1592 1812 τε
1605 1768 1790 1824 ngas-epis,
1820 1770 1981 1823 pceyoc'mc
2004 1790 2039 1811 τε
2056 1773 2242 1819 remman

1206 1836 1249 1876 Id
1271 1838 1345 1883 est,
1373 1840 1556 1889 Qotquot
1589 1840 1683 1877 enim
1709 1850 1832 1888 guttae
1860 1840 1931 1888 (ex
1949 1840 2081 1888 caelo)
2103 1839 2271 1889 prorupe-x

1206 1900 1292 1927 runt
1304 1901 1466 1928 cruentae
1480 1919 1490 1936 ,
1518 1904 1634 1928 omnes
1637 1892 1780 1940 suscepit
1791 1903 1886 1929 terra
1898 1918 1909 1935 ‚
1923 1891 2188 1927 circumvolutis
2198 1902 2267 1927 au-

1208 1951 1278 1978 tem
1298 1942 1407 1979 annis
1420 1969 1430 1985 ‚
1459 1942 1623 1990 produxit
1636 1953 1680 1981 v·
1700 1942 1870 1989 Erinnyes
1898 1941 2041 1976 validas
2062 1951 2106 1979 <9⁴
2123 1953 2270 1989 magnos

1209 1991 1383 2039 Gigantes.
1403 1992 1575 2029 C10FAN.
1607 1992 1669 2027 Hic
1693 1991 1892 2038 legendum
1916 2002 1962 2028 ex
1986 1990 2173 2039 scriptis&
2188 1990 2269 2029 ecli-s

1206 2041 1368 2081 tionibus
1381 2040 1703 2084 emendatoribus,
1731 2040 1816 2077 haec
1837 2041 1953 2078 editio
1978 2042 2108 2088 prima.
2134 2040 2269 2087 scindet

1205 2091 1318 2128 etiam
1341 2091 1484 2139 Gryph.
1513 2092 1551 2128 &
1571 2091 1662 2127 aliae
1674 2090 1856 2128 editiones
1870 2118 1879 2135 ,
1899 2091 1936 2128 ὃς
1958 2089 2040 2128 Mff.
2055 2090 2243 2130 Bersman.

1264 2142 1346 2178 186.
1375 2147 1419 2177 Ut
1436 2140 1571 2188 sceleris
1594 2153 1752 2178 numeros
1769 2140 1948 2187 confiteare
1967 2141 2060 2192 tui.]
2092 2141 2149 2179 Sic
2163 2142 2266 2180 Mar-

1209 2189 1302 2227 tialis
1328 2192 1763 2240 epigrammatequinto,
1790 2191 1851 2229 lib.
1881 2203 1914 2229 x.
1943 2192 2045 2241 cujus
2068 2203 2267 2240 argumetk

1204 2248 1285 2279 tum
1305 2253 1350 2280 ex
1368 2243 1422 2280 his
1443 2241 1577 2280 Ovidii
1598 2241 1681 2280 diris
1703 2243 1809 2291 plane
1828 2251 2016 2283 mutuatus
2036 2242 2195 2283 videtur.

1257 2312 1306 2344 Et
1325 2320 1403 2344 cum
1416 2309 1529 2353 fateri
1549 2307 1655 2344 Furia
1668 2308 1802 2358 jufferit
1825 2323 1950 2347 verum
1963 2338 1976 2354 ‚

1207 2409 1230 2447 S
1259 2360 1429 2396 Prodente
1456 2359 1581 2398 clamet
1603 2360 1830 2409 conscientia,
1852 2360 1980 2411 scripfi.

1236 2422 1379 2448 arvae.

1263 2477 1351 2524 187.
1381 2476 1560 2513 Tartareis
1588 2476 1801 2528 unguibus.]
1839 2477 2026 2527 Anguibus
2047 2479 2163 2527 Jureti
2183 2480 2264 2521 Col

1210 2526 1281 2565 dex
1305 2529 1343 2566 δε
1361 2529 1468 2566 multi
1492 2536 1646 2566 veteres.
1684 2529 1830 2567 Hiems.

1266 2578 1350 2617 188.
1391 2586 1552 2628 Incoquet
1581 2579 1695 2628 igne.]
1731 2589 1907 2628 percoquet
1938 2581 2134 2620 Patavinus
2155 2595 2263 2623 unus.

1211 2636 1278 2668 Ore
1297 2642 1398 2679 genas
1418 2641 1512 2668 unus
1533 2629 1675 2668 Heinsii
1700 2632 1739 2668 &
1762 2631 1879 2669 editio
1900 2632 2076 2670 Domitii.

1256 2680 1340 2727 189.
1378 2680 1604 2718 Lacerabitur
1645 2680 1813 2731 umbra.]
1863 2682 2045 2721 Lacerabn
2096 2684 2257 2723 membra

111 2732 164 2769 n‘a
181 2741 283 2782 poma
305 2735 390 2773 dicit
407 2735 547 2780 Poeta,
575 2735 714 2785 quaerit
731 2745 809 2771 non
822 2732 1058 2770 movendum
1074 2742 1140 2778 pu·
1197 2733 1269 2771 Ms.
1293 2731 1476 2769 Bersman.

109 2792 162 2820 to.
191 2784 385 2832 quaerimus
414 2787 541 2830 enim,
567 2796 662 2835 quae
683 2784 833 2829 absunt,
861 2791 902 2821 ut
933 2784 981 2821 ita
1007 2781 1048 2819 sit
1070 2793 1141 2830 op·

1253 2795 1334 2832 190.
1362 2782 1538 2833 Aeacus.]
1581 2782 1726 2822 Aeacus
1751 2812 1761 2828 ,
1799 2783 1926 2822 Minos
1951 2812 1961 2828 ‚
2020 2785 2258 2825 Rhadaman-

109 2833 245 2882 politio
258 2842 374 2871 acuta.
399 2835 717 2884 Ita11.Met.239.
744 2835 879 2886 quaerit
894 2834 1032 2871 Boeotia
1054 2835 1141 2870 Dir-
1194 2836 1276 2874 thus
1291 2863 1300 2879 ,
1320 2834 1465 2881 Judices
1485 2835 1520 2871 in
1534 2835 1669 2873 inferis.
1699 2835 1897 2873 liv-unm.
1925 2835 1983 2873 lib.
2006 2849 2097 2874 xm.
2137 2840 2257 2876 Meta-

109 2896 178 2921 cen.
199 2884 374 2921 ubivide:
397 2887 534 2933 quaerit
564 2887 601 2924 in
621 2887 852 2935 undisprima
863 2885 992 2923 editio.
1007 2884 1141 2921 Bnnm.
1193 2886 1542 2934 morph.]Quatuor
1565 2896 1688 2924 autem
1708 2885 1779 2924 esse
1809 2887 1980 2925 dicuntur
1996 2887 2137 2936 judices
2158 2890 2254 2937 apud

166 2934 249 2984 183.
283 2934 538 2985 Jugeribusque
556 2937 719 2987 novem]
749 2937 888 2985 Tityus
922 2937 1000 2985 qui,
1022 2936 1138 2972 Lato·
1195 2938 1355 2975 inferos:
1393 2937 1650 2981 HicAeacus,
1689 2938 1840 2982 Minos,
1878 2938 2152 2976 Rhadamantus
2175 2968 2186 2983 ,
2215 2943 2255 2976 0&

109 2997 196 3024 nam
227 2996 383 3023 matrem
406 2985 546 3024 Phoebi
576 2987 614 3024 ὃ(
641 2987 785 3026 Dianae
804 2987 850 3025 de
876 2987 999 3035 stupro
1031 2987 1143 3024 inter·
1202 2988 1473 3036 Triptolemus.
1500 2988 1643 3026 Auctor
1665 2988 1784 3027 Cicer.
1811 2989 1874 3026 lib.
1896 3002 1923 3027 1.
1960 2990 2252 3027 Tusculanarum

109 3036 257 3086 pellavit
278 3064 288 3080 ‚
326 3036 412 3074 ideo
433 3037 529 3074 hanc
550 3037 587 3074 in
617 3037 761 3075 inferno
792 3049 955 3087 poenam
986 3038 1144 3086 patitur,
1204 3039 1489 3088 Quaestionum.
1518 3039 1689 3078 Ciorm.
1710 3041 1879 3078 Aeacum
1894 3041 1990 3078 forte
2009 3051 2092 3087 prae
2113 3041 2260 3078 caeteris

109 3087 212 3137 quod
229 3087 500 3137 vulturesjecur
519 3087 596 3136 ejus
611 3086 744 3125 affidue
755 3089 972 3128 comedunt.
998 3088 1147 3128 INTER·
1206 3091 1412 3128 inferorum
1426 3089 1612 3136 Judicibus
1626 3092 1836 3129 nominavit
1855 3104 1921 3136 ‚ex
1941 3091 2114 3128 sententia
2134 3090 2258 3128 Plato-

111 3151 223 3177 pruss.
251 3139 389 3183 Hunc,
418 3139 503 3188 quia
514 3136 706 3176 monstrofi
722 3141 883 3186 corporis
909 3140 1000 3185 fuit,
1029 3149 1146 3179 terrae
1208 3144 1263 3180 nis
1281 3142 1317 3178 in
1341 3141 1502 3190 Gorgia,
1530 3142 1594 3190 qui
1615 3142 2093 3188 Joveminducitdicentem
2116 3141 2151 3177 ie
2164 3153 2257 3179 con-

111 3188 226 3228 filium
247 3189 384 3227 Po'etae
402 3188 609 3233 finxerunt,
638 3198 676 3226 ut
689 3189 934 3228 Callimachus
948 3218 957 3232 .
984 3192 1144 3240 quihor-
1201 3190 1347 3230 stituiffe
1368 3202 1438 3230 tres
1457 3191 1600 3238 Judices
1621 3193 1714 3240 apud
1737 3194 1874 3230 inferos
1897 3219 1908 3236 ,
1937 3192 2104 3229 Aeacum
2119 3191 2256 3232 scilicet

110 3239 227 3281 sibiles
249 3241 340 3279 feras
357 3249 451 3280 terra
479 3242 617 3290 genitas
645 3239 810 3289 protulit.
860 3240 1006 3279 Auctor
1027 3243 1146 3290 Apol·
1202 3242 1486 3291 Europaeorum
1501 3243 1746 3292 quaesitorem
1760 3271 1771 3289 ,
1801 3244 2100 3282 Rhadamantum
2122 3242 2256 3280 Asiati-

2110 3304 2252 3335 eorum
