2547 3708
537 151 1564 203 <PRAEFAT10NE3'
2012 159 2109 227 n7

49 251 248 305 &sentia
267 249 347 296 has
368 246 931 311 'quoque'enarrati‘oneQ
964 246 1051 294 tibi
1083 247 1221 293 etiam
1259 249 1532 295 nominatim
1566 246 1765 307 dicatas,
1800 246 1912 296 laeta
1936 251 2112 301 illaturi

17 274 171 370 fronte·
200 322 271 377 (ut
293 310 672 360 solesvd06³mrum
700 313 1033 364 monumenta)
1068 314 1279 375 accipies.
1315 330 1423 375 quas
1446 329 1500 359 ex
1520 315 1718 359 ¹Horatii
1742 313 1962 361 sententia
1983 317 2113 363 serius

1 374 198 450 {edendas
229 379 459 435 duximus.
504 392 623 439 opus
653 377 775 422 enim
812 374 1028 434 difficile,
1075 376 1123 422 &
1155 377 1459 437 laboriosum,
1495 395 1590 424 non
1626 380 1689 423 ita
1722 380 2110 441 praecipitandum

2 449 129 507 ¹fuit,
163 445 285 492 mihi:
312 441 598 506 praesertim,
634 441 682 486 in
710 441 808 487 aliis
838 441 974 488 rebus
1014 457 1156 505 quum
1184 443 1299 498 tuis,
1334 457 1435 489 tum
1457 445 1594 489 etiam
1622 445 1736 489 meis
1751 444 2114 507 occupatifiimo.

4 507 157 563 *Hunc
186 523 338 556 autem
371 507 575 554 laborem
598 522 695 552 eam
721 506 782 552 ob
806 507 981 552 causam
1009 507 1207 552 maxime
1231 507 1430 570 suscepi,
1467 521 1733 554 ut.tu01·um
1756 524 1864 572 erga
1886 525 1959 555 me
1978 510 2115 555 benc·

3 576 228 625 'fi‘ciorum
260 572 592 637 gratitudinem
626 570 831 617 testando
852 604 869 630 ,
914 587 1085 616 nomen
1119 585 1252 617 tuum
1293 589 1379 634 pro
1413 572 1586 619 viribus
1620 573 1771 636 aliqua
1791 589 1847 619 ex
1873 588 2002 638 parte
2029 575 2114 620 im·

3 634 284 691 ¹mortalitati
319 638 660 693 consecrarem,
695 635 743 680 ὃς·
774 647 852 680 tua
876 635 1004 681 causa
1039 635 1243 682 studiofis
1273 638 1411 682 etiam
1445 637 1725 700 prodessem,
1769 639 2118 702 posteritatique

4 703 382 761 'consuleremffic
407 701 463 747 de
482 701 622 748 latina
641 700 800 762 lingua
814 698 867 744 &.
883 700 1155 746 refliteraria
1175 700 1291 746 bene
1313 717 1521 747 mererer.
1559 701 1667 760 Qia
1689 703 1735 748 in
1759 719 1806 748 re
1829 703 2115 766 gravissimo-

16 778 115 817 rum
137 769 276 815 etiam
301 763 891 831 philosophorumsumma
910 766 1093 826 ingenia
1116 764 1285 811 versata
1305 764 1433 812 fuisse
1457 767 1670 828 legimus.
1705 768 1937 830 Siquidem
1963 767 2119 831 Chry-

15 833 199 898 fippus,
235 831 512 888 Cleanthes,
546 830 711 890 aliique
742 827 942 891 summae
971 828 1249 875 celebritatis
1286 830 1551 894 philosophi
1581 832 1929 894 interpretandis
1953 832 2119 879 fabulis

4 910 201 964 ‘operam
220 896 393 943 dedere.
462 895 525 940 Et
552 895 640 940 Ion
666 893 741 938 ille
764 891 886 954 apud
912 893 1153 939 Platonem
1181 895 1409 956 gloriatur
1431 895 1471 940 se
1493 896 1833 958 praeclariffima
1854 897 1910 942 de
1935 898 2118 943 Home·

4 973 64 1011 {ro
100 979 204 1027 prae
225 961 410 1008 caeteris
431 971 761 1005 enarraturum.
831 958 1134 1005 Metrodorus
1157 975 1343 1021 quoque
1368 960 1704 1022 Lampsacenus
1720 995 1735 1020 ,
1770 962 1817 1008 ὃς
1842 961 2117 1008 Stefimbro-

12 1041 82 1076 tus
104 1025 331 1083 Thasius,
366 1040 418 1070 ac
444 1023 663 1070 Glaucon
679 1055 695 1080 ,
730 1021 898 1084 aliique
921 1035 1129 1068 veterum
1155 1039 1251 1068 non
1277 1024 1419 1069 modo
1443 1024 1727 1087 graviflimos
1750 1027 1987 1085 locos,sed
2016 1027 2118 1073 Ho-

11 1093 123 1140 meri
155 1093 293 1138 etiam
327 1088 444 1135 sensa
478 1086 818 1150 diligentisiime
849 1087 1139 1147 explicuere:
1176 1103 1291 1150 quos
1317 1089 1449 1134 Plato
1484 1088 1539 1134 ab
1574 1091 1904 1152 interpretandi
1941 1092 2116 1137 ratione

14 1157 196 1205 Graeco
219 1153 447 1202 vocabulo
474 1150 749 1214 Rhapsodos
768 1180 793 1204 γ
813 1151 886 1198 Μ.
911 1150 1097 1197 Tullius
1126 1151 1471 1199 Grammaticos
1493 1154 1754 1215 appellavit.
1810 1155 1969 1210 Quare
1993 1154 2119 1216 quod

13 1218 195 1268 summis
227 1235 280 1266 ac
313 1215 574 1264 doetiffimis
605 1217 714 1261 viris
746 1215 869 1261 laudi
893 1214 1012 1273 fuit,
1046 1216 1162 1261 mihi
1187 1232 1373 1281 quoque
1400 1217 1571 1264 licuisse
1596 1218 1818 1277 arbitror,
1856 1219 1899 1264 ὃ(
1926 1223 2122 1283 gratiam

11 1285 204 1348 aliquam
241 1283 361 1346 apud
395 1296 521 1327 tuam
544 1280 895 1343 amplitudinem
921 1296 973 1326 ac
994 1280 1228 1327 literarum
1256 1282 1471 1329 studiosos
1495 1299 1572 1328 me
1596 1283 1952 1330 consecuturum
1977 1284 2122 1346 spero.

16 1351 110 1398 Has
147 1349 293 1412 igitur
326 1344 496 1392 nostras
522 1346 927 1408 interpretationes
954 1361 1096 1408 quum
1124 1362 1203 1409 per
1224 1349 1381 1411 gravia
1400 1362 1476 1394 tua
1501 1347 1644 1394 studia
1668 1348 1715 1394 ἓξ
1744 1347 2010 1412 ampliffima
2044 1365 2122 1395 ne-

15 1415 148 1480 gocia
175 1412 389 1470 licuerit,
425 1426 519 1456 non
547 1410 807 1473 gravaberis
841 1409 1073 1470 ledititare,
1106 1425 1159 1457 ut
1187 1411 1411 1458 consuesti
1436 1414 1650 1476 pleraque
1671 1413 1754 1459 alia
1774 1414 1941 1475 scripta
1966 1413 2014 1460 &
2037 1430 2124 1460 nu·

17 1482 95 1544 gas
130 1476 315 1525 nostras.
350 1474 556 1522 offendes
592 1477 640 1520 in
671 1475 740 1521 his
763 1475 951 1537 quidem
977 1477 1123 1522 multa
1147 1476 1263 1523 scitu
1288 1477 1564 1542 dignissima:
1601 1494 1654 1524 ac
1676 1477 1918 1541 quaedam,
1953 1491 2007 1524 ut
2027 1478 2125 1541 spe·

16 1542 185 1602 ro·„,de
220 1539 419 1588 horridis
456 1539 591 1586 rebus
614 1540 785 1598 nitida,
820 1540 876 1585 de
895 1540 1067 1603 jejunis
1086 1540 1248 1604 plena,
1283 1542 1338 1588 de
1364 1542 1642 1606 pervulgatis
1668 1560 1812 1589 nova:
1849 1559 1945 1588 non
1972 1543 2122 1601 vaste,

17 1605 340 1665 nonrustice,
375 1621 471 1651 non
504 1604 691 1669 hiulce,
725 1604 798 1650 sed
835 1604 1008 1667 preffe,
1029 1606 1364 1669 aequabiliter,
1399 1606 1635 1653 &leniter
1661 1610 1889 1653 enarrata:
1927 1623 2042 1665 quae
2066 1610 2126 1654 ti-

0 1663 188 1733 ,hi-fuori
222 1670 366 1716 modo
398 1668 633 1715 summam·
651 1669 953 1730 'voluptatem
974 1667 1193 1730 afferent,
1228 1671 1299 1717 sed
1323 1671 1461 1718 etiam
1490 1672 1543 1717 ad
1570 1672 1876 1735 multiplicem
1899 1671 2125 1718 eruditio-

24 1786 27 1787 ⁷
73 1750 116 1784 m
148 1736 397 1800 plurimum
431 1733 699 1798 proficient.
737 1750 831 1780 non
865 1735 988 1780 enim
1020 1734 1166 1782 solum
1203 1737 1563 1800 hujuspoetae,
1598 1736 1670 1781 sed
1706 1736 1901 1782 aliorum
1938 1752 2124 1800 quoque

15 1814 226 1851 autorum
249 1799 466 1847 salebrosa
489 1799 622 1858 loca,
655 1815 771 1862 quae
793 1799 990 1863 plurima
1012 1799 1114 1847 sunt
1136 1801 1191 1848 ab
1216 1801 1310 1848 aliis
1334 1802 1498 1864 partim
1523 1800 1705 1859 omiffa,
1739 1802 1906 1864 partim
1933 1818 2028 1847 non
2056 1804 2126 1848 in·

16 1866 221 1926 tellefta,
256 1879 335 1912 aut
369 1881 465 1912 non
497 1866 749 1923 attentata,
783 1862 809 1911 a
840 1864 973 1911 nobis
994 1864 1193 1912 dilucide
1217 1866 1437 1924 enodata,
1472 1866 1623 1912 obiter
1644 1866 1863 1912 invenies.
1928 1864 2064 1923 Qiae
2089 1865 2122 1913 fi

17 1931 102 1978 tibi
126 1931 407 1994 placuerint,
441 1928 679 1989 gaudebo:
717 1944 802 1975 nec
823 1944 896 1974 me
919 1929 1074 1975 oleum
1097 1930 1366 1992 perdidiffe,
1398 1930 1650 1993 gloriabor.
1720 1931 1882 1976 Tuum
1904 1931 2026 1976 enim
2055 1933 2124 1991 ju-

16 1995 219 2052 dicium,
253 2010 305 2039 ac
328 1991 680 2038 subatffissimum
705 1994 971 2055 ingenium,
1006 1995 1194 2057 plurimi
1216 1994 1423 2040 facimus.
1477 1993 1616 2040 Addo
1643 1995 1808 2052 etiam,
1842 1994 1967 2057 quod
2000 1996 2127 2058 prin-

44 2059 194 2122 ipibus
234 2056 447 2121 placuisse
469 2057 604 2114 viris,
639 2072 735 2102 non
756 2056 916 2103 infima
938 2058 1030 2103 laus
1053 2057 1132 2103 est.
1201 2059 1319 2105 Sunt
1341 2059 1476 2104 etiarn
1502 2058 1583 2103 alia
1604 2057 1756 2104 multo
1780 2058 1995 2121 digniora
2015 2075 2127 2122 ope-

18 2122 162 2175 raxsub
187 2120 385 2178 incude,
422 2133 505 2167 tuo
530 2119 671 2166 du&u
695 2119 744 2166 &
763 2119 970 2183 auspiciis
996 2122 1226 2168 inchoata.
1293 2121 1453 2180 Quare
1478 2121 1508 2168 fi
1534 2123 1644 2168 haec
1680 2127 1753 2184 (ut
1776 2123 1997 2177 diximus)
2024 2139 2128 2185 gra-

17 2200 64 2235 ta
94 2187 296 2245 fuerint,
330 2185 415 2230 alia
446 2184 634 2230 alacrius
669 2184 1006 2247 prosequemur.
1073 2186 1271 2232 Facilius
1308 2186 1373 2232 est
1407 2189 1528 2232 enim
1565 2200 1826 2232 currentem
1863 2193 1944 2247 (ut
1971 2188 2126 2247 ajunt)

17 2253 381 2314 incitare,quam
407 2264 707 2296 commovere
733 2250 1044 2312 languentem.
1079 2251 1266 2297 Valebis
1290 2251 1463 2314 igitur,
1489 2252 1551 2296 mi
1578 2250 1889 2297 colendiffime
1909 2244 2126 2298 Cardina-

18 2310 72 2372 lis
102 2315 411 2372 foeliciffime,
446 2313 493 2360 δί
531 2314 764 2360 Merulam
804 2315 874 2359 tui
913 2313 1378 2375 observantissimum,
1414 2333 1465 2361 ac
1489 2317 1723 2362 bonorum
1748 2317 1957 2361 omnium
1976 2350 1990 2375 ,
2017 2332 2131 2378 quae

22 2375 100 2445 per
128 2393 175 2428 te
208 2381 274 2427 est
294 2379 514 2442 adeptus,
549 2377 850 2441 gratiffimum
877 2377 926 2424 &
950 2395 1169 2442 perquam
1196 2396 1460 2430 memorem.
1476 2380 1737 2428 debitorem
1758 2380 1942 2428 amabis.
1977 2381 2132 2429 Vero-2

13 2449 134 2521 ¹nae,
168 2444 384 2492 Calendis
409 2442 722 2507 Septembris,
758 2459 979 2491 M.D.vl1.

285 2700 290 2705 .
685 2667 687 2669 ’
849 2655 1079 2708 Praefatio
1104 2657 1151 2703 in
1176 2656 1296 2703 Ibin.
2025 2699 2028 2705 .

18 2706 550 2871 ‹lnoixii‘ri'us
642 2709 1340 2816 cALDERiNus
1426 2719 2128 2822 VERoNENs'is.

19 2890 23 2960 ξ
156 2889 197 2934 E
230 2889 392 2936 Ovidii
416 2891 530 2938 Vita
553 2892 668 2938 nihil
690 2908 714 2938 a
736 2893 868 2940 nobis
896 2894 944 2939 in
976 2895 1070 2940 hoc
1104 2894 1212 2941 loco
1246 2892 1536 2945 scribendum
1565 2898 1659 2960 est,
1694 2916 1835 2964 quum
1866 2899 1911 2945 ὅ(
1934 2917 1960 2946 a
1979 2900 2135 2947 multis

20 2962 23 3007 l
115 3017 120 3023 ¹
177 2969 241 3021 ea*
261 2955 428 3002 tradita
455 2954 508 3001 fit
525 2989 540 3012 ,
576 2957 623 3002 &
648 2959 901 3019 exeroetae
925 2959 1207 3006 libris'facile
1235 2959 1458 3024 cognosci
1482 2963 1648 3027 poffit:
1685 2981 1820 3014 unam
1847 2964 1973 3011 illam.
1993 2966 2136 3029 parti-

21 3015 176 3065 lmlam
198 3032 305 3066 -non
322 3017 785 3086 praetermittemus,
807 3031 923 3088 quae
945 3025 1010 3069 est
1031 3024 1087 3070 de
1107 3026 1354 3088 ejusexilii
1373 3028 1533 3075 causta.
1561 3050 1576 3056 *·
1605 3028 1735 3076 Nam
1762 3034 1825 3078 ita
1848 3030 1902 3077 ab
1931 3047 1987 3077 eo
2014 3029 2135 3076 mul·-

35 3086 91 3155 tis
112 3097 175 3157 in.
203 3084 316 3132 locis
349 3086 702 3150 perstringitur,
717 3096 930 3151 'ut'1cum
952 3089 1159 3155 proferre
1191 3108 1287 3140 non
1305 3093 1497 3153 audeat,
1527 3094 1697 3142 variam
1731 3095 2137 3157 interpretantibus

23 3147 339 3210 {comesturam
361 3151 596 3217 praebeat:
633 3151 744 3211 Qia-
761 3153 817 3199 de
841 3162 964 3201 revut
984 3151 1139 3204 'dicam
1166 3157 1311 3221 quod·
1327 3159 1502 3219 sentio,
1533 3158 1679 3224 ‘quum
1704 3159 1818 3209 duae
1843 3161 1931 3208 fint
1954 3159 2134 3216 causae,

23 3225 226 3286 quarum
258 3217 396 3268 altera
426 3218 624 3284 speciosa
653 3217 720 3271 est
758 3218 807 3269 ὅ(
839 3219 1020 3271 velandi
1051 3225 1257 3274 crimin-is
1286 3225 1435 3289 gratia
1458 3225 1514 3272 ab
1538 3226 1825 3289 Imperatore
1847 3223 2058 3334 Augustlp
2086 3221 2136 3267 &t

59 3299 71 3314 ‘-
96 3298 98 3302 ’
1368 3289 1450 3337 Ee
2053 3285 2134 3333 οέῃ
