2547 3708
771 143 798 201 I
939 142 987 201 B

1135 143 1162 202 Ῑ
1303 145 1356 206 S.

361 250 433 306 Et
463 261 552 305 tua
574 247 641 303 fic
667 247 798 302 latos
822 244 1129 317 spargantur
1160 243 1396 299 membra
1424 261 1519 317 per
1546 262 1728 319 agroS‚

434 323 739 394 Tamquam
768 336 903 392 quae
929 316 1124 389 patrias
1156 313 1437 395 detinuere
1465 320 1589 375 vias,

364 394 500 452 AEre
526 394 757 449 Perilleo
782 408 940 447 veros
965 389 1176 444 imitere
1197 405 1488 457 juvenco3‚

214 488 320 540 440

431 466 521 522 Ad
547 468 778 521 formam
802 464 934 518 tauri
962 460 1322 515 conveniente
1346 462 1495 518 son0.

357 541 542 613 thue
568 539 723 593 ferox
751 535 1005 597 PhalariS,
1042 532 1221 604 lingua
1247 533 1388 605 prius
1413 535 1534 591 ense
1558 536 1786 605 resedia,

385 639 390 646 ¹
437 613 600 668 More
625 609 800 672 bovis,
824 608 1026 679 Paphio
1053 606 1253 660 clausus
1279 609 1332 661 in
1359 624 1479 662 aere
1497 626 1688 680 gemas,

363 687 618 757 Dumque
645 679 820 736 redire
848 681 997 734 voles
1022 679 1139 733 aevi
1166 680 1400 734 melioris
1427 681 1483 735 in
1512 699 1707 750 annos,

433 759 511 813 Ut
533 767 684 819 vetus
711 753 938 809 Admeti
966 751 1234 824 decipiare
1261 751 1423 806 socer.

69 977 175 1019 puer,
200 978 246 1007 ne
271 962 400 1015 syllaba
428 960 617 1001 claudicet.
642 958 703 998 vel
731 957 971 1008 Threiciasque
996 965 1100 1005 puer,

73 1028 116 1057 ut
156 1021 192 1058 in
229 1015 470 1064 manuscripto
501 1012 632 1050 codice
662 1011 830 1048 invenio.
873 1009 960 1057 Ityn
996 1011 1097 1048 enim

73 1071 259 1109 Thracem
277 1066 378 1105 fuiffe
399 1076 513 1103 nemo
533 1064 689 1111 ignorat.
740 1061 891 1098 Cous-r.
911 1060 1004 1098 Fax.
1046 1066 1098 1097 Tu

73 1121 243 1172 Tereique.
269 1118 373 1157 Itaiu
395 1116 574 1166 plerisque
601 1113 754 1162 legitur:
783 1112 843 1150 sed
860 1112 947 1149 huic
967 1110 1096 1149 iectio-

72 1173 113 1210 ni
133 1178 308 1221 repugnat
329 1167 521 1218 quantitas.
557 1166 689 1209 Τηρεῦς
713 1164 815 1202 enim
847 1163 989 1200 Graece
1014 1162 1097 1200 scri-

72 1222 167 1260 bitur
193 1222 260 1270 (n)
288 1221 410 1268 longa.
460 1217 535 1254 Alii
564 1225 714 1259 autem,
741 1220 855 1251 Tereos
871 1223 977 1264 atque
992 1222 1096 1263 puer,

71 1271 301 1315 emendant,
336 1268 438 1319 quod
467 1279 589 1316 neque
616 1266 732 1315 ipsum
760 1265 957 1314 procedit:
994 1265 1096 1314 quod

67 1322 225 1361 nomina
245 1323 282 1360 in
301 1333 378 1365 ευς,
407 1320 573 1362 Graeca,
602 1317 738 1355 Latine
756 1317 792 1354 in
815 1315 976 1354 secundo
997 1317 1097 1354 ordi-

67 1383 117 1411 ne
137 1368 388 1416 declinantur,
414 1369 670 1419 &genitivum
686 1378 750 1416 per
767 1369 799 1405 e‘i
813 1368 965 1405 faciunt.
991 1368 1097 1415 Qua-

68 1434 108 1462 re
127 1425 269 1472 optima
298 1434 429 1462 eorum
457 1420 570 1458 lectio
600 1419 773 1464 videtur,
802 1419 863 1468 qui
884 1419 1021 1466 proprii
1040 1419 1099 1455 lo-

67 1485 141 1519 c0‚
166 1473 301 1523 gentile
322 1473 556 1522 supponunt,
580 1471 808 1520 legantque,
837 1469 1040 1506 Tantalides
1058 1482 1098 1506 m

68 1525 195 1573 (five,
222 1524 288 1572 Ut)
309 1523 380 1573 fis,
411 1523 653 1572 Threiciasque
678 1530 771 1570 puer.
830 1520 1009 1559 Mtcm..
1035 1520 1099 1559 Itis

67 1575 185 1615 Terei
208 1575 397 1613 Thracum
420 1575 528 1624 Regis
550 1573 663 1616 filius,
692 1583 805 1620 quem
827 1571 970 1609 Procne
982 1581 1100 1610 mater

64 1626 104 1665 in
122 1627 304 1665 ultionem
315 1626 546 1664 Philomelae
556 1625 687 1662 sororis
704 1623 725 1660 a
737 1623 865 1661 Tereo
888 1631 1096 1669 corruptae,

66 1678 197 1727 partim
246 1674 359 1716 affum
388 1709 390 1711 ,
416 1678 547 1724 partim
600 1675 742 1718 elixum
771 1701 783 1718 ,
824 1674 943 1722 patriis
983 1675 1097 1722 epulis

67 1727 245 1777 apposuit.
298 1728 395 1766 Exin
418 1727 564 1765 Tereus
581 1728 617 1764 in
640 1736 827 1774 upupam,
857 1724 933 1773 Itys
951 1724 987 1762 in
1012 1726 1099 1773 pha-

67 1777 207 1817 fianum
229 1806 240 1824 ‚
277 1779 420 1817 Procne
454 1779 491 1816 in
525 1776 761 1815 hirundinem
787 1803 818 1823 „
839 1775 1044 1813 Philomela
1060 1778 1098 1815 in

63 1828 259 1878 lusciniam,
275 1826 542 1868 concesserunt.
593 1827 767 1865 Fabulam
788 1825 1019 1875 prosequitur
1043 1827 1102 1864 O-

67 1880 186 1918 vidius
220 1880 279 1918 lib.
310 1891 366 1919 v1.
402 1878 655 1926 Metamorph.
698 1888 810 1927 quam
848 1877 961 1927 longe
997 1877 1101 1917 aliter

69 1929 191 1977 prodit
211 1931 423 1968 Antoninus
446 1929 618 1968 Liberalis
645 1929 717 1967 fab.
738 1940 773 1966 2.
800 1927 893 1965 Sunt
910 1927 1102 1976 quitrans-

67 1980 333 2018 formationem
352 1982 510 2018 Procnes
529 1981 568 2018 &
588 1978 817 2017 Philomelae
837 1979 1098 2025 confundunt,

0 2031 2 2033 ’
66 2041 161 2078 quos
183 2029 307 2068 afferre
325 2030 544 2078 superfluum
563 2029 624 2067 est.
673 2029 1098 2068 Illudanimadverfione

65 2079 241 2129 dignum,
270 2081 373 2129 quod
393 2082 486 2118 intra
510 2078 676 2117 Daulidis
699 2077 811 2123 fines,
840 2079 899 2116 ubi
922 2079 1014 2127 gesta
1028 2079 1097 2118 fin-

64 2138 201 2178 guntur
220 2142 315 2178 quae
337 2130 384 2166 de
403 2131 546 2167 Procne
559 2131 597 2167 δε
613 2130 818 2167 Philomela
833 2130 979 2176 vulgata
994 2129 1095 2175 sunt,

65 2180 276 2219 hirundines
303 2191 426 2227 neque
455 2180 622 2227 pariunt,
660 2191 783 2227 neque
808 2191 852 2217 ex
875 2181 956 2216 ovis
978 2181 1096 2227 pullos

64 2231 264 2270 excludunt
278 2258 288 2274 ,
315 2240 385 2268 nec
402 2231 562 2267 omnino
583 2228 768 2266 tectorum
796 2229 1023 2277 laquearibus
1045 2231 1097 2267 ul-

63 2281 120 2320 los
140 2282 290 2331 affigunt
318 2280 446 2325 nidos,
475 2288 514 2317 ut
541 2279 713 2328 scriptum
742 2279 888 2327 reliquit
907 2278 1095 2318 Pausanias

65 2333 104 2370 in
124 2333 306 2370 Phocicis.'
329 2331 431 2369 idem
451 2339 569 2368 narrat
590 2331 627 2368 in
649 2330 783 2368 Atticis
805 2341 967 2378 upupam
981 2341 1091 2368 avem

65 2383 223 2431 primurn
250 2382 359 2420 visam
376 2383 536 2430 Megaris
554 2393 602 2419 eo
626 2382 664 2419 in
695 2381 880 2425 10c0,ubi
900 2379 1017 2418 Terei
1039 2381 1093 2419 se-

65 2433 254 2481 pulchrum
276 2431 383 2479 effet,
410 2432 646 2482 fabulamque
675 2431 721 2470 de
743 2431 894 2469 luscinia
909 2434 946 2469 &
966 2432 1092 2470 hirun-

66 2483 153 2522 dine
172 2496 217 2522 ex
241 2495 287 2521 eo
315 2493 438 2522 natam
467 2484 649 2521 existimat
674 2511 684 2528 ,
717 2482 821 2532 quod
842 2483 917 2520 avis
938 2491 1092 2532 utraque

22 2580 30 2583 -
65 2534 279 2573 miserabiles
307 2535 344 2572 ὃς
381 2534 565 2572 luetuosos
592 2543 718 2572 cantus
745 2532 842 2571 edat.
895 2534 1095 2572 SALVAGN.

66 2587 223 2634 Tere'ique
253 2586 358 2623 multi
390 2596 546 2625 veteres.
599 2584 836 2623 Constantius
856 2612 866 2628 ‚
903 2590 1016 2622 Tereos
1037 2595 1096 2622 at-

68 2647 142 2682 que.
190 2636 315 2684 Lege,
344 2637 558 2684 Tereidesque
583 2647 668 2674 cum
681 2636 897 2673 petaviano.
948 2636 1095 2674 Htms.

70 2683 236 2724 Offendit
256 2686 398 2724 fortasse
419 2689 454 2724 in
466 2688 699 2724 Hexametro
712 2685 907 2723 Heinfium
925 2714 935 2729 ,
963 2689 1092 2725 &me-

70 2734 167 2778 rit0‚
193 2736 300 2779 illud.
325 2748 358 2774 te
373 2736 495 2785 pofito;
526 2737 551 2774 si
580 2738 682 2775 enim
711 2736 847 2784 positus
867 2737 926 2773 vel
947 2737 1089 2785 adpofi-

70 2791 127 2820 tus
143 2784 220 2832 j'am
247 2785 330 2823 esset
349 2787 532 2825 inmensa
552 2815 562 2832 ‚
601 2788 689 2837 quid
712 2798 805 2835 opus
835 2796 962 2835 optare
981 2799 1000 2824 a
1023 2800 1091 2825 nu-

68 2835 195 2879 mine,
231 2842 270 2871 ut
295 2835 354 2873 fiat
380 2837 508 2885 Pelops
536 2839 576 2875 &
605 2839 711 2888 Itys;
739 2848 853 2888 quare
872 2850 949 2877 non
970 2839 1093 2887 inepta

67 2884 179 2923 lec‘tio
201 2885 336 2923 codicis
358 2885 578 2932 Sarraviani:

66 2954 75 2961 ’
118 2969 241 3002 Tecum
264 2963 392 3013 aliquis
406 2963 555 3011 positus,
583 2975 690 3004 tentet
709 2966 788 3006 vim
816 2966 996 3012 numinis,
1022 2976 1096 3017 opto

173 3015 375 3052 Tantalides
395 3026 432 3049 ut
448 3015 494 3064 sis
509 3042 519 3058 ‚

68 3089 113 3122 Ut
132 3087 231 3124 enim
255 3098 321 3133 pro
345 3097 384 3123 tu
407 3097 489 3123 cum
505 3086 663 3136 Micyllo
683 3088 812 3136 probo.
835 3088 1096 3139 pofitusaliquis

69 3143 216 3181 tecum,
244 3137 279 3175 id
309 3137 357 3174 est
389 3139 550 3174 conviva
575 3146 700 3176 tecum
730 3139 902 3178 recubans
922 3169 932 3185 ,
970 3148 1096 3186 optet,

70 3196 112 3224 ut
130 3187 217 3226 deus
239 3188 348 3226 visua
368 3196 403 3226 te
428 3188 536 3226 faciat
556 3189 731 3238 Pelopem
752 3189 812 3226 vel
840 3190 935 3239 ltyn.
952 3190 1098 3240 pofitum

71 3246 162 3277 vero
179 3239 228 3278 ita
247 3239 339 3279 sumi
361 3239 521 3281 vidimus
540 3239 587 3280 ad
616 3252 633 3281 1
654 3241 736 3280 Art.
756 3239 847 3280 Am.
864 3251 950 3290 231.
986 3254 1100 3281 tecum

2088 845 2196 901 445

1154 953 1283 1005 aliquis
1297 952 1425 1004 positus
1443 963 1519 994 erat
1540 957 1577 994 in
1601 955 1745 996 Gallico
1767 957 1911 996 codice.
1935 968 2048 996 tecum
2066 958 2197 1010 aliquis

1147 1006 1251 1054 posito
1274 1006 1310 1043 in
1335 1016 1494 1054 quatuor
1513 1008 1648 1057 scriptis
1663 1009 1701 1046 ὅ(
1723 1009 1840 1057 prima
1854 1008 2032 1048 editione.
2084 1016 2196 1060 Teque

1152 1057 1260 1145 {licui
1294 1056 1396 1107 possto
1431 1058 1487 1096 cui
1530 1060 1582 1098 nil
1604 1058 1652 1109 fit
1684 1060 1841 1098 numinis
1862 1088 1874 1107 ‚
1912 1072 2004 1100 unus
2039 1060 2195 1102 Moreti.

1185 1121 1282 1146 uam.

1202 1159 1291 1208 438.
1319 1164 1364 1196 Et
1385 1170 1449 1198 tua
1462 1159 1512 1209 fic
1532 1160 1656 1211 Μαι]
1690 1161 1891 1211 Absyrtum
1914 1163 2059 1211 tangit,
2077 1173 2195 1211 quem

1152 1209 1256 1248 soror
1286 1211 1425 1249 Medea
1455 1213 1701 1257 dilaceravit,
1739 1221 1780 1251 ut
1811 1222 1953 1261 patrem
1988 1214 2200 1253 retardaret.

1156 1260 1401 1300 INTERPRES.
1428 1263 1605 1312 Absyrtus
1625 1263 1839 1312 intelligitur
1855 1292 1865 1308 ‚
1895 1265 2014 1302 Aetae
2027 1264 2198 1303 Colcho-

1154 1322 1236 1350 rum
1260 1314 1370 1362 Regis
1389 1312 1482 1352 filius
1497 1342 1507 1358 ,
1536 1326 1649 1364 quem
1673 1315 1810 1352 Medea
1823 1314 1924 1353 soror
1939 1316 2046 1364 juxta
2069 1315 2197 1354 Phasin

1154 1362 1310 1402 fluvium
1338 1365 1554 1403 articulatim
1588 1364 1803 1414 discerpsit,
1847 1367 1998 1414 ejusque
2028 1365 2198 1404 membra

1154 1425 1219 1463 per
1245 1426 1349 1463 agros
1380 1415 1524 1463 sparfit,
1551 1424 1590 1453 ut
1617 1418 1659 1454 iis
1690 1416 1900 1466 colligendis
1937 1416 2195 1465 insequentem

1153 1474 1294 1513 patrem
1320 1476 1589 1512 remoraretur,
1618 1467 1765 1516 ipsaque
1785 1469 1932 1506 interim
1957 1479 2042 1505 cum
2062 1467 2198 1513 Jasone

1155 1516 1348 1565 effugeret.
1402 1518 1590 1556 Authores
1625 1519 1786 1556 Ovidius
1807 1518 1881 1567 ipse
1901 1518 1963 1555 lib.
1984 1531 2051 1555 111.
2078 1517 2196 1556 Trist.¹

1153 1567 1258 1617 Eleg.
1277 1580 1312 1616 9.
1338 1569 1401 1617 qui
1421 1581 1499 1606 rem
1522 1568 1601 1606 fuse
1631 1578 1777 1613 narrat;
1807 1569 2030 1618 Apollonius
2057 1567 2116 1605 lib.
2140 1581 2197 1607 ιν.

1154 1619 1366 1667 Argonaut3
1393 1619 1508 1658 Poeta
1530 1629 1634 1657 vetus
1656 1620 1754 1668 apud
1788 1620 2013 1658 Ciceronem
2049 1619 2111 1657 lib.
2130 1631 2199 1657 111.

1153 1669 1199 1707 de
1221 1677 1349 1708 natura
1380 1671 1576 1712 Deorum;
1608 1671 1747 1709 Seneca
1776 1671 1936 1714 Medea;
1965 1671 2127 1708 Tzetzes
2156 1669 2197 1707 in

1155 1721 1467 1770 Lycophronem.
1519 1722 1639 1760 Aliter
1656 1723 1832 1771 Hyginus
1853 1723 1996 1771 fab.23.
2025 1721 2196 1758 Hincre-

1152 1772 1257 1820 gidni
1285 1772 1450 1809 manfisse
1480 1784 1621 1810 nomen
1654 1773 1703 1810 ait
1727 1772 1914 1817 Ovidius,
1942 1782 1982 1810 ut
2005 1773 2043 1810 &
2070 1771 2199 1809 Arria-¹

1152 1834 1220 1861 nus
1235 1851 1245 1867 ,
1272 1824 1337 1872 qui
1357 1823 1587 1871 sepulchrum
1611 1824 1757 1873 Absyrti
1779 1824 1845 1861 suis
1877 1823 2108 1872 temporibus
2131 1821 2195 1860 (le-

1152 1873 1344 1911 monstrari
1377 1874 1525 1912 solitum
1553 1874 1684 1913 scribit.
1736 1875 1933 1912 Samos,
1970 1873 2022 1911 Sic
2053 1874 2156 1910 laetos
2182 1899 2193 1916 ,

1153 1923 1252 1961 lectos
1266 1952 1276 1967 ,
1303 1924 1393 1961 altos
1411 1925 1558 1963 codices
1579 1926 1651 1963 alii.
1661 1925 1772 1974 largos
1788 1934 1850 1969 ‚ut
1872 1927 1908 1962 ἂ
1922 1924 2037 1962 editio
2058 1924 2196 1962 Domi-

1156 1976 1216 2013 tii:
1247 1976 1340 2012 haec
1361 1976 1533 2014 confusio
1554 1976 1803 2024 epithetorum
1825 1976 1934 2012 obvia
1956 1974 2016 2011 est.

1203 2036 1291 2073 439.
1320 2031 1414 2062 Aere
1434 2026 1641 2073 Perillam]
1671 2026 1819 2062 Perillus
1848 2026 2005 2062 aerarius
2041 2032 2192 2063 taurum

1153 2074 1332 2112 Phalaridi
1345 2076 1529 2124 Tyranno
1543 2075 1789 2124 Agrigentino
1811 2076 1856 2113 de
1878 2087 1960 2112 aere
1979 2075 2192 2118 fabricavit,

1153 2134 1193 2163 ut
1217 2126 1389 2162 homines
1420 2134 1614 2163 tormentis
1652 2126 1822 2164 afficeret.
1874 2126 2023 2163 Perillus
2053 2125 2126 2173 ipse
2148 2125 2189 2163 in

1151 2187 1199 2213 eo
1222 2176 1402 2212 extinctus
1422 2176 1484 2212 est.
1541 2176 1786 2213 INTERPRES.
1814 2176 1961 2213 Perillus
1981 2177 2085 2212 aenei
2107 2183 2191 2213 tau-

1151 2226 1180 2263 ri
1212 2226 1409 2269 inventor,
1437 2237 1515 2274 quo
1535 2226 1660 2264 inclusi
1682 2226 1828 2265 subditis
1850 2226 1992 2276 ignibus
2011 2226 2126 2274 longo
2150 2226 2191 2264 δε

1151 2274 1276 2313 abdito
1302 2277 1464 2314 cruciatu
1494 2277 1655 2324 mugitus
1688 2277 1881 2316 resonante
1910 2277 2034 2324 spiritu
2079 2276 2190 2314 edere

1153 2326 1380 2374 cogebantur
1403 2354 1413 2369 ,
1449 2338 1497 2364 ne
1529 2327 1684 2376 ejulatus
1714 2340 1843 2366 eorum
1883 2328 2070 2365 humanae
2097 2327 2189 2365 sono

1147 2379 1252 2414 vocis
1281 2378 1432 2425 expreffi
1461 2378 1658 2416 Phalaridis
1687 2379 1860 2428 Tyranni
1898 2377 2187 2417 misericordiam

1147 2427 1344 2475 implorare
1371 2425 1527 2476 poffenr.
1579 2431 1704 2478 Quam
1729 2458 1740 2475 ‚
1779 2431 1865 2478 quia
1887 2427 2105 2467 calamitosis
2123 2427 2190 2466 de-

1149 2477 1220 2516 effe
1258 2479 1410 2523 voluit,
1455 2481 1688 2519 teterrimum
1720 2482 1802 2518 artis
1837 2481 1920 2518 suae
1943 2491 2034 2528 opus
2050 2481 2190 2527 primus

1150 2528 1300 2566 Artifex
1319 2529 1475 2567 inclusus
1499 2531 1632 2569 meffito
1660 2531 1864 2580 auspicatus
1884 2531 1956 2575 est,
1996 2539 2035 2568 ut
2054 2529 2187 2568 iisdem

1150 2582 1269 2618 verbis
1291 2580 1439 2618 tradidit
1460 2582 1629 2619 Valerius
1656 2583 1848 2620 Maximus
1882 2582 1943 2619 hb.
1964 2594 2028 2618 111.
2054 2592 2131 2628 cap.
2152 2592 2189 2630 3.

1151 2630 1445 2668 Commemorat
1473 2632 1547 2678 ipse
1584 2632 1738 2670 Phalaris
1766 2632 1926 2682 Epistola
1965 2644 2046 2679 ¹03·
2087 2631 2112 2668 fi
2133 2640 2189 2670 ta-

1150 2692 1238 2719 men
1260 2683 1287 2719 is
1309 2682 1379 2724 ess,
1409 2682 1602 2720 Tulliusin
1623 2683 1789 2721 Pisonem
1805 2713 1815 2729 ,
1831 2684 1963 2720 Plinius
1985 2683 2044 2719 lib.
2058 2693 2188 2721 xxxiv.

1148 2743 1227 2780 cap.
1248 2732 1283 2770 8.
1313 2732 1499 2770 Lucianus
1531 2735 1568 2770 in
1602 2734 1800 2772 Phalaride.
1854 2734 1910 2770 Ex
1940 2733 2066 2770 Poetis
2090 2732 2189 2771 Ovi·

1149 2783 1228 2820 dius
1256 2784 1377 2820 noster
1401 2783 1464 2820 lib.
1487 2796 1550 2821 111.
1575 2785 1684 2823 Trist.
1708 2785 1857 2832 Eleg.2.
1885 2785 1973 2821 item
2003 2784 2066 2821 lib.
2083 2795 2111 2821 1.
2139 2784 2187 2822 de

1150 2834 1266 2878 Arte,
1294 2834 1500 2880 Propertius
1517 2835 1578 2873 lib.
1596 2847 1643 2873 11.
1671 2835 1942 2873 Claudianusin
1962 2835 2185 2881 Eutropium

1149 2885 1210 2922 lib.
1242 2897 1269 2921 1.
1305 2884 1467 2922 Tzetzes
1497 2885 1651 2924 chiliade
1687 2900 1716 2924 1.
1740 2887 1952 2935 Histor.25.
1989 2885 2188 2924 Phalaridis

1151 2945 1274 2973 autem
1317 2935 1512 2974 Castellum
1537 2965 1548 2982 ,
1587 2938 1624 2974 &
1653 2938 1689 2975 in
1722 2949 1769 2974 eo
1800 2937 1968 2975 Taurum
2002 2948 2189 2980 aeneum,

1152 2984 1256 3024 fuiffe
1286 2988 1324 3025 in
1354 2988 1528 3026 Ecnomo
1559 2997 1689 3026 monte
1712 3017 1721 3032 ‚
1760 2989 1822 3037 qui
1851 2989 1965 3025 hodie
1994 2989 2129 3025 Monte
2151 2986 2189 3024 di

1154 3038 1282 3074 Licata
1306 3066 1316 3082 ‚
1354 3040 1454 3076 unde
1486 3040 1607 3076 monti
1644 3051 1788 3076 nomen
1820 3039 2021 3081 Ecnonio,
2058 3038 2092 3075 id
2114 3036 2187 3081 est,

1151 3088 1352 3134 scelerato,
1392 3089 1554 3138 prodidit
1585 3090 1777 3128 Diodorus
1813 3090 1952 3128 Siculus
1987 3089 2050 3127 lib.
2071 3097 2191 3125 xvm.

1154 3138 1357 3178 SALVAGN.
1524 3148 1531 3153 '

1206 3200 1293 3235 4a1.
1309 3198 1418 3241 [Itque
1432 3192 1533 3237 ferox
1554 3190 1756 3243 Phalaris.]
1786 3192 1941 3231 Phalaris
1972 3190 2196 3239 ipsemetress

1155 3239 1249 3280 secta
1268 3240 1391 3293 lingua
1413 3244 1449 3281 in
1473 3251 1617 3282 taurum
1639 3254 1799 3284 aeneum
1822 3241 2017 3292 conjeetus
2038 3239 2099 3277 est.
2126 3240 2194 3278 IN-

1583 3294 1621 3344 Ω
1649 3302 1674 3331 2
1998 3302 2196 3343 [raserias.
