2547 3708
928 132 1215 181 VrTA.
2061 157 2120 202 m

28 241 250 299 incognita,
275 234 390 278 tertia
410 243 508 274 vero
525 228 684 271 -diutIus
713 239 811 268 cum
841 238 892 266 eo
921 228 1087 273 mansit,
1115 240 1161 267 ex
1194 239 1273 278 qua
1301 226 1428 269 filiam
1453 228 1642 270 Perillam
1668 228 1837 269 nomine
1858 230 2002 271 habuit.
2036 228 2124 271 De·-

25 294 142 340 mum
159 295 207 334 ab
227 288 406 343 Augusto
426 286 671 336 Imperatore
690 293 846 323 annum
868 292 987 334 agens
1017 281 1393 332 quinquagefimum
1426 282 1465 322 in
1488 282 1667 323 Pontum
1691 281 1898 323 Euxinum
1928 286 2125 336 relegatus

24 350 107 401 est,
135 346 249 398 cujus
270 341 374 383 exilii
396 338 557 388 causas„
589 335 775 394 quisjest,
803 334 872 386 qui
895 334 1014 375 facile
1032 333 1162 384 norit,
1193 346 1289 373 cum
1313 333 1349 373 &
1373 335 1452 386 ipse
1472 337 1600 376 modo
1622 338 1747 385 hanc,
1770 337 1899 376 modo
1925 337 2038 375 illam
2065 349 2125 375 re-

25 401 149 444 ferat?
176 397 265 440 satis
288 405 422 435 tamen
443 391 596 432 constat
616 389 666 430 ibi
689 402 757 442 per
780 400 933 429 novem
968 399 1097 427 annos
1123 386 1302 426 manfiffe
1324 419 1335 438 ,
1373 389 1438 428 ubi
1469 399 1697 430 extremum
1725 389 1823 429 obiit
1855 389 1987 438 diem,
2017 401 2125 427 auno

22 453 174 496 Tiberii
197 450 368 502 quinto:
399 446 437 487 &
458 457 581 498 prope
599 443 768 484 Tomos
791 441 984 494 oppidum
1009 440 1223 491 sepultum.
1282 440 1373 480 Sive
1394 451 1554 493 propter
1576 444 1697 482 libros
1715 474 1726 494 ‚
1760 455 1864 494 quos
1888 443 1938 481 de
1958 451 2041 481 arte
2066 442 2128 480 Α-

24 506 159 550 mandi
179 500 434 553 composuit,
463 497 654 547 exularit,
683 495 793 548 quod
817 506 901 534 non
922 493 1218 533 mirum-videri
1250 493 1385 545 debet,
1419 496 1442 535 fi
1467 495 1630 545 quidun
1663 496 1845 536 feruntur
1881 496 1968 535 libri
1992 494 2126 546 hujus—

23 559 136 602 modi
157 557 178 597 ὲ
198 555 325 607 Julia.
353 554 390 594 ἃ
414 551 882 608 Druflllaw‘ehementer
915 547 1145 599 concupiti:
1176 548 1419 599 perleelique
1445 548 1616 599 auidae,
1655 550 1763 590 unde
1784 548 2011 600 &suspicio
2038 557 2129 587 orta

16 614 75 655 est
93 609 272 653 incensas
304 607 466 648 libidine
492 615 691 646 amatores
724 601 837 642 fuisse
869 599 1035 640 secutas.
1103 600 1318 642 Caesarem
1349 614 1447 641 vero
1476 615 1526 642 eo
1555 603 1681 653 usque
1717 602 1991 643 excanduisse:
2022 610 2065 640 ut
2086 601 2125 640 ὅ(

23 665 231 707 auctorem
253 662 370 714 hujus
390 659 487 700 mali
508 659 548 698 in
571 655 736 697 exilium
756 654 948 706 pepulerit
962 653 1161 711 Ovidium
1175 686 1185 702 ‚
1217 654 1253 694 ὅ(
1274 654 1414 706 pariter
1433 656 1647 697 mulieres:
1679 657 1830 697 tametsi
1852 656 1947 707 quid
1971 667 2129 694 merue-

22 729 86 761 rat
108 715 280 759 Ovidius
297 715 383 765 ‚vel
404 723 584 764 quonam
604 708 720 761 paeto
743 706 927 759 potuisset
951 719 1036 758 ejus
1057 708 1339 747 blandimentis
1370 710 1558 749 carminis
1574 740 1585 757 ‚
1612 710 1679 750 nifi
1701 710 1819 750 suum
1841 721 1988 760 corpus
2014 718 2130 747 antea

20 773 252 825 prostituere
264 767 496 820 cupivissent
509 760 747 816 'corrumpi
762 761 840 822 five
851 761 914 821 (ut
925 761 989 821 alii
1000 763 1146 800 volunt
1163 760 1332 812 Sydonii
1344 761 1624 802 auctoritatem
1637 763 1677 803 in
1691 764 1871 803 medium
1892 762 2124 810 afferentes)

26 826 119 877 quia
141 824 287 875 Juliam
308 819 476 873 Augusti
511 817 688 868 puellam
706 826 753 854 ex
779 814 893 855 Livia
921 813 1049 853 filiam
1071 814 1235 854 amarit:
1265 827 1390 866 quam
1421 816 1468 854 ab
1487 815 1640 856 Ovidio
1664 817 1903 869 Corynnam
1927 815 2029 855 falso
2052 827 2129 854 no-

24 879 135 918 mine
160 878 396 928 appellatam
415 870 598 912 tradunt:
630 880 731 920 quae
751 866 869 907 causa
886 865 906 906 a
930 866 1044 906 nobis
1066 867 1234 907 minime
1258 868 1414 919 probari
1433 869 1582 919 potest,
1613 881 1690 908 nec
1710 869 1730 907 a
1750 882 1957 920 quoquam
1986 867 2128 918 docio,

23 932 50 972 fi
71 927 304 971 examuffim
323 923 489 978 sydonii
520 922 636 963 verba
667 920 897 972 trutinarit,
935 919 973 960 ὃς
999 920 1093 971 quid
1122 920 1171 960 cie
1192 919 1386 973 Corynna
1415 923 1464 962 ab
1491 921 1644 963 Ovidio
1676 922 1869 975 scriptum
1907 923 1971 969 lit,
2001 924 2129 972 leget,

24 984 128 1025 haud
148 980 329 1036 principis
351 980 486 1031 puella
505 976 648 1030 digna,
679 977 756 1016 five
778 976 871 1026 quia
891 973 1050 1015 Liviam
1072 973 1297 1014 Drulillam
1319 975 1471 1015 nudam
1489 975 1651 1024 viderit,
1683 986 1750 1016 aut
1774 968 2128 1029 Augprincipem,

24 1050 122 1078 cum
141 1035 307 1077 exoletis
330 1030 665 1074 consuescentem
679 1059 690 1080 ,
704 1041 806 1080 quae
829 1029 969 1068 ambae
991 1027 1131 1068 causae
1151 1027 1240 1068 satis
1265 1030 1556 1081 placent,cum
1577 1028 1613 1069 δε
1635 1030 1715 1082 ipse
1736 1041 1902 1082 quoque
1925 1027 2127 1080 judicarit.

197 1089 283 1130 Cur
302 1085 451 1141 aliquid
471 1083 554 1124 vidi
567 1114 577 1130 ‚
603 1096 671 1122 cur
688 1083 804 1122 noxia
829 1080 976 1122 lamina
985 1081 1079 1131 feci.

252 1141 340 1182 Cur
357 1137 569 1193 impudenti
587 1136 733 1189 cogn-w
755 1134 863 1188 culpa
883 1133 979 1174 mihi
1000 1134 1063 1187 cst.

200 1195 343 1247 Inscius
362 1191 526 1232 Aelaeon
543 1187 735 1238 vidztsc'ne
752 1190 851 1241 veste
872 1186 1046 1228 Dianam
1057 1220 1068 1240 ‚

257 1247 412 1286 Praeda
422 1245 508 1296 fuit
526 1243 678 1284 canibus
700 1258 770 1282 non
793 1244 918 1282 minus
935 1241 1114 1296 ipsbsuis.

26 1303 67 1352 Sj
100 1301 188 1356 quis
207 1309 344 1341 autem
364 1298 558 1339 curiosius
577 1298 674 1336 haec
693 1295 792 1336 scire
810 1295 989 1336 affectat:
1020 1295 1202 1347 ejusdem
1221 1297 1271 1337 de
1291 1297 1511 1340 Tristibus:
1547 1307 1636 1339 tum
1668 1298 1717 1338 de
1737 1297 1872 1338 Ponto
1896 1295 2019 1335 libros
2045 1306 2131 1346 per·

31 1353 157 1411 legat:
182 1366 269 1403 ,nos
304 1361 463 1392 tantum
496 1351 535 1390 in
564 1349 782 1402 praesentia
800 1348 970 1390 diversas
993 1350 1195 1403 attigimus
1217 1351 1430 1403 opiniones
1454 1352 1646 1401 illorum,
1674 1352 1740 1403 qui
1762 1351 1867 1391 exilii
1888 1348 2027 1389 Ovidii
2048 1360 2135 1387 me-

25 1410 240 1452 minerunt.
296 1404 441 1446 Multa
462 1404 641 1444 carmina
661 1403 805 1456 scripta
825 1403 1048 1443 memoriae
1068 1404 1244 1456 reliquit,
1270 1406 1490 1458 auspicatus
1513 1407 1566 1447 est
1585 1406 1721 1457 primis
1746 1404 1890 1446 teneris
1913 1402 2040 1442 adhuc
2062 1414 2131 1441 an-

27 1464 89 1505 nis
114 1459 342 1504 Heroidum
365 1457 609 1498 diversarum
631 1457 826 1508 epistolas.
884 1455 1046 1497 Deinde
1064 1458 1273 1498 Amorum
1296 1461 1417 1500 libros
1438 1471 1479 1498 v.
1502 1459 1550 1500 ad
1572 1460 1836 1513 Corynnam,
1861 1469 1965 1509 quos
1986 1455 2033 1496 ad
2053 1464 2132 1494 tres

28 1516 199 1570 redegit:
230 1513 266 1553 hi
289 1513 333 1552 de
354 1512 432 1553 fine
455 1511 576 1552 titulo
600 1523 765 1561 quoque
784 1521 1081 1563 nuncupantur.
1131 1511 1198 1552 De
1219 1513 1488 1554 medicamine
1508 1513 1622 1554 faciei
1681 1513 1747 1553 De
1767 1508 2064 1552 ArteAmandi
2085 1507 2134 1547 ad

27 1572 282 1623 jurentutem
305 1565 540 1607 Romanam
562 1564 684 1604 libros
705 1574 808 1605 tres:
834 1576 939 1615 quos
961 1564 1173 1616 parricidas
1193 1565 1299 1606 solet
1319 1569 1530 1619 appellare.
1586 1565 1653 1608 De
1674 1566 1875 1607 Remedio
1890 1562 2058 1604 Amoris
2082 1562 2129 1600 li-

28 1626 120 1665 bros
146 1622 263 1662 duos.
327 1619 500 1660 Metam.
523 1619 644 1658 libros
667 1618 926 1670 quindecim,
961 1630 1063 1670 opus
1089 1618 1304 1671 divinum,
1342 1621 1574 1672 heroicique
1603 1621 1792 1661 carminis
1821 1616 2000 1672 dignitati
2030 1618 2152 1654 con-⁷

27 1676 187 1718 veniens
210 1705 221 1721 ,
259 1674 351 1714 licet
375 1673 415 1713 in
445 1685 495 1713 eo
529 1673 647 1713 nimis
679 1671 860 1712 lascivire
889 1672 1029 1713 dixerit
1053 1671 1344 1725 Quintilianus.
1393 1674 1642 1728 Tragoedias
1673 1685 1836 1726 quoque
1864 1670 2031 1712 adorsus
2054 1668 2132 1718 est,

28 1741 198 1782 quarum
220 1727 369 1770 Medea
393 1726 568 1767 maxime
589 1727 610 1765 a
633 1724 760 1765 Fabio
780 1725 1063 1777 Quintiliano,
1093 1726 1130 1766 ὅτ
1152 1726 1282 1767 Corn.
1308 1726 1463 1768 Tacito
1486 1729 1749 1780 approbatur:
1781 1727 1831 1766 ait
1860 1735 2037 1775 namque
2059 1721 2137 1761 Fa-

27 1783 112 1824 bius
143 1783 182 1822 in
215 1782 374 1822 decimo
393 1811 404 1830 ,
432 1779 571 1820 Ovidii
600 1778 756 1819 Medea
783 1779 939 1819 videtur
967 1780 1066 1820 mihi
1097 1780 1306 1822 ostendere
1334 1792 1534 1833 quantum
1565 1781 1624 1822 vir
1653 1783 1723 1822 illc
1752 1779 1916 1834 ingenio
1945 1777 2136 1830 praestare

30 1835 228 1888 potuerit:
267 1835 291 1874 fi
323 1833 486 1885 ingenio
518 1832 591 1873 suo
622 1843 841 1884 temperare
860 1864 872 1882 ‚
907 1845 1031 1883 quam
1064 1833 1271 1887 indulgere
1301 1835 1514 1879 maluisset.
1581 1834 1626 1875 In
1657 1837 1789 1875 malos
1817 1834 1959 1885 poe'tas
1989 1831 2137 1871 librum

31 1887 260 1939 composuit
272 1893 288 1933 ,“
311 1897 355 1927 ut
374 1886 649 1939 Quintilianus
672 1887 805 1926 refert.
861 1885 1084 1938 Epistolam
1105 1887 1426 1929 consolatoriam
1448 1889 1497 1929 ad
1522 1888 1678 1929 Liviam
1702 1888 1925 1940 Augustam
1954 1884 2003 1924 de
2025 1895 2139 1923 mor-

31 1953 71 1982 te
93 1940 209 1981 Drufi
234 1938 440 1990 Neronis,
471 1939 538 1991 qui
561 1940 708 1980 morbo
737 1940 778 1978 in
801 1938 1017 1979 Germania
1038 1941 1215 1990 perierat.
1272 1942 1437 1982 Bellum
1460 1942 1678 1982 Atiliacum
1699 1940 1916 1981 inchoavit.
1976 1936 2043 1976 Ad
2060 1935 2138 1975 Ti-

33 1995 186 2036 berium
215 1993 338 2033 libros
368 1992 487 2032 duos.
550 1991 617 2031 De
645 1992 842 2032 Tristibus
872 1992 1062 2044 quinque.
1122 1992 1186 2033 De
1215 1992 1352 2034 Ponto
1389 2004 1577 2045 quatuor.
1646 1994 1862 2034 Fastorum
1891 1988 2138 2030 duodecim:

9 2049 99 2089 -sed
122 2047 189 2087 nisi
213 2045 278 2085 sex
295 2045 528 2085 inmanibus
542 2045 733 2084 habentur
756 2054 989 2095 temporum
1010 2046 1177 2086 incuria.
1209 2047 1256 2087 In
1281 2047 1364 2088 lbin
1380 2046 1843 2088 invetfflivamtvaticinia
1861 2044 1987 2084 unico
2009 2041 2141 2082 absol-

32 2102 88 2141 vit
109 2101 224 2140 libro.
279 2098 556 2149 Triumphum
585 2097 777 2139 Caesaris,
832 2096 901 2138 De
930 2099 1098 2156 piscibus
1129 2111 1231 2150 opus
1264 2100 1491 2146 inchoavit,
1520 2111 1563 2141 ut
1583 2100 1794 2152 Oppianus
1823 2097 1972 2148 scripfit
2002 2095 2139 2146 lingua

35 2153 189 2196 Getica.
217 2205 225 2213 ι
248 2150 454 2191 Libellum
476 2151 526 2189 de
551 2150 664 2201 gestis
690 2150 945 2201 Imperatoris
973 2152 1077 2203 apud
1107 2152 1246 2193 Getas.
1311 2151 1536 2194 Nonnulla
1562 2153 1684 2193 etiam
1712 2152 1789 2192 alia
1822 2150 2018 2202 opuscula
2039 2148 2143 2188 Ovi-

36 2208 104 2248 dio
132 2206 388 2245 ascribuntur.
422 2215 523 2255 quae
550 2215 601 2242 an
634 2203 749 2254 ipsius
779 2202 927 2243 fuerint
958 2217 1042 2244 non
1071 2206 1235 2246 laboro:
1265 2206 1452 2246 videlieet
1481 2207 1531 2246 de
1553 2204 1701 2253 Nuce,
1732 2205 1782 2246 de
1812 2203 2062 2252 Philumela‚
2091 2200 2142 2241 de

36 2259 195 2301 Pulice:
224 2270 299 2298 nos
320 2268 454 2297 tamen
483 2257 580 2296 baec
600 2257 813 2303 babemus,
844 2269 940 2296 cum
963 2259 1094 2298 multa
1113 2258 1352 2299 interierint:
1382 2259 1449 2299 seu
1471 2259 1725 2300 librariorum
1746 2259 1909 2305 inertia,
1939 2255 2016 2296 five
2038 2265 2141 2294 tem—

37 2325 183 2365 porum
203 2311 419 2362 iniquitate.
475 2309 616 2362 Quem
637 2319 774 2349 autem
795 2310 894 2350 inter
919 2309 1130 2364 Elegiacos
1152 2314 1292 2363 po‘e'tas
1320 2315 1463 2353 locum
1485 2322 1642 2354 teneat:
1675 2325 1720 2353 ex
1743 2311 2000 2363 Quintiliano
2022 2307 2142 2348 facile

32 2366 156 2406 datur
175 2365 360 2418 intelligi:
389 2376 485 2404 cum
510 2364 577 2415 ait,
601 2363 741 2415 Elegia
760 2375 924 2415 quoque
946 2364 1130 2404 Graecos
1159 2378 1455 2417 provocamus,
1486 2367 1603 2417 cujus
1625 2366 1721 2407 mihi
1743 2366 1891 2416 tersus,
1920 2373 2040 2413 atque
2062 2362 2143 2400 ele-

42 2430 137 2480 gans
154 2418 324 2512 inaximg
344 2417 499 2512 videtuGr
517 2416 657 2511 rlrluclor
677 2417 884 2460 Tibullus,
942 2417 1045 2459 Sunt
1064 2419 1131 2470 qui
1151 2419 1405 2472 Propertium
1427 2421 1583 2460 malint.
1636 2419 1808 2461 Ovidius
1829 2428 2005 2469 utroque
2026 2414 2142 2456 lasci*²

42 2482 153 2513 vior:
193 2481 274 2512 icut
322 2484 428 2512 urior
499 2485 517 2512 a
555 2483 614 2512 us.

466 2590 1061 2641 HERCULES
1130 2592 1709 2641 CIOFANUS

577 2709 786 2774 Syndicis
810 2727 861 2758 ac
888 2689 1170 2767 Confiliariis
1194 2711 1511 2761 Sulmonis-S.
1548 2713 1612 2758 D.

49 2832 245 2937 DUo
269 2834 356 2885 jam
383 2836 566 2888 praestiti,
595 2837 735 2890 optimi
764 2839 910 2890 Cives,
940 2853 1041 2892 quae
1074 2841 1187 2881 vobis
1220 2838 1434 2894 gratissima
1463 2839 1538 2881 effe
1566 2840 1723 2882 debent.
1782 2839 1997 2888 Alterum,
2033 2835 2145 2887 quod

181 2887 431 2948 Sota-onem
447 2918 458 2938 ,
483 2901 748 2953 communem
771 2893 993 2935 PArarAM
1025 2894 1227 2948 descripfi,
1258 2895 1490 2948 collegique
1515 2907 1582 2946 ea,
1611 2906 1713 2946 quae
1734 2894 1822 2943 alii,
1852 2892 1920 2944 qui
1945 2890 1994 2931 de
2015 2902 2063 2930 ea
2085 2888 2148 2928 us-

49 2952 128 2991 que
145 2943 222 2982 huc
244 2939 615 2992 scr1pserunt‚,.‚non
640 2947 1020 2989 animadverterant:
1047 2961 1172 2999 eaque
1197 2960 1321 3000 quarn
1350 2947 1572 2989 brevissime
1599 2948 1734 3001 potui,
1762 2945 1971 2998 explicavi.
2028 2943 2148 2992 Alte-

50 3005 166 3056 rum„
194 2993 305 3046 quod
335 2993 493 3053 Ovum
523 2992 873 3060 Metamorphofin
904 3003 1007 3053 (quo
1029 3003 1217 3054 poemate
1237 3001 1333 3054 quid
1356 3002 1600 3056 ingeniolius
1622 3002 1707 3042 fieri
1735 2999 1918 3053 potest?)
1945 2996 2145 3039 Observa·

53 3051 223 3109 tionibus
243 3059 328 3088 non
350 3052 533 3108 prorius,
560 3054 627 3088 nin
649 3061 715 3089 me
732 3057 887 3095 ammiss
906 3055 1034 3104 fallit,
1061 3057 1266 3097 inutilibus
1288 3056 1493 3097 illustravi.
1552 3053 1712 3096 Utrum
1736 3057 1884 3095 horum
1903 3051 2052 3100 carius,
2078 3062 2145 3089 ac·

56 3101 280 3163 ceptiusque
299 3100 410 3141 vobis
432 3101 509 3143 effe
529 3101 689 3164 debeat,
716 3114 801 3144 non
821 3117 960 3149 meum
983 3110 1037 3150 est
1066 3109 1355 3161 pronunciare,
1384 3121 1632 3161 quamquam
1661 3108 1899 3161 sapientium
1929 3104 2144 3146 hominum

54 3154 244 3196 sententia
263 3156 464 3207 praeclare
483 3155 696 3197 definitum
715 3155 786 3204 est,
819 3160 901 3209 post
930 3161 1075 3204 DEUM
1107 3163 1299 3216 quicquid
1324 3162 1509 3203 homines
1527 3162 1717 3214 praestare
1739 3161 1920 3214 possunt,
1949 3159 1988 3198 id
2010 3165 2145 3198 totum

59 3207 267 3251 PATRIAE
296 3208 412 3250 tribui
428 3219 642 3263 ‘Dporterffl
699 3207 794 3253 NOS
821 3223 917 3254 vero
946 3227 1090 3274 omnes
1118 3217 1342 3270 plurimum
1367 3215 1510 3310 εξὺετε
1537 3215 1711 3259 Ovmio
1739 3214 1949 3261 fatendum
1972 3211 2048 3262 est,
2070 3208 2146 3303 squi

1070 3295 1076 3300 .
1443 3283 1468 3311 2
2091 3273 2150 3302 uo
