2547 3708
359 121 452 179 ποθ
882 103 1780 167 DEDICATloN‘Es
1849 103 1946 160 m-

359 205 631 280 voluptate',
665 202 830 265 virt-uti
864 213 1079 263 adhaesit.
1148 213 1398 259 Caeterum
1430 210 1651 275 quoniam
1683 208 1740 256 ab
1774 208 2137 258 eminentiffimis
2161 210 2270 258 viris
2286 214 2467 324 ¹{piat-ci·-
2521 261 2524 266 ,

359 277 513 346 pitur,
546 282 811 347 eligendum
845 281 932 327 esse
962 280 1018 327 ab
1048 277 1336 325 adolescente
1356 279 1579 338 majorem
1600 287 1711 320 natu
1734 276 1996 337 optimum,
2033 276 2081 322 δε
2101 276 2285 338 probati
2320 279 2472 330 imunir'

362 348 546 406 virum,
594 350 725 411 cujus
760 345 954 393 consilio
975 380 990 404 ,
1034 356 1178 406 atque
1210 341 1483 388 auetoritate
1513 339 1689 385 nitatur
1710 372 1726 398 ,
1770 354 1909 399 quern
1945 341 2102 402 magis
2123 354 2259 402 quam
2293 346 2466 406 patrem‘

362 413 494 459 omni
529 413 703 459 virtute
744 409 1074 457 ornatiffimum
1111 407 1278 470 eligere
1305 406 1493 464 debeas,
1525 403 1662 450 video
1687 402 1896 466 profeCm
1920 407 2183 464 neminem,
2219 409 2350 469 cujus
2373 408 2473 457 laue'
2524 436 2525 452 2

362 477 439 523 des
472 478 618 541 magis
647 492 725 539 per
748 474 789 521 se
813 489 950 521 notae
969 474 1101 531 sunt,
1135 487 1273 535 quam
1295 484 1349 517 ut
1371 468 1633 534 cujusquam
1659 469 1908 530 praec-onio
1934 482 2114 533 egeant.
2161 470 2249 517 Sed
2270 472 2381 519 haec
2405 473 2472 521 sa-‘
2524 498 2525 501 =

364 542 449 601 tis,
485 558 588 587 nam
612 557 732 603 equo
747 540 887 601 Lydo
915 541 961 584 in
990 553 1156 599 campo
1182 537 1387 583 currenti
1412 550 1508 580 non
1531 531 1789 580 abhibenda
1811 532 1915 580 sunt
1939 534 2142 580 calcaria.
2212 537 2473 600 Superiori-·

364 606 450 652 bus
487 605 644 651 dicbus
675 604 838 650 summi
861 604 947 649 viri
971 601 1211 660 nonnulli,
1251 601 1299 647 ὃς
1319 600 1375 646 de
1398 615 1471 644 me
1496 599 1815 661 quamoptime
1840 598 2025 656 meriti,
2060 599 2227 661 quibus
2251 601 2367 647 nihil
2386 600 2477 666 pol
2531 638 2533 645 ,

363 683 505 716 teram
541 685 730 732 negare,
764 669 818 715 ad
844 684 943 727 me,
977 679 1033 713 ut
1055 667 1166 724 scis,
1202 665 1395 712 attulere
1419 663 1641 710 nonnulla
1662 662 2097 725 Metamorphoseos
2122 664 2286 711 Ovidii
2309 668 2473 714 carmi<
2530 698 2532 720 2

365 751 422 779 na
459 733 824 797 interpretanda,
859 731 985 797 quod
1020 731 1229 794 quamvis
1263 730 1342 777 diu
1377 727 1667 786 recusaffem,
1702 743 1796 773 non
1832 728 1968 791 potui
2000 740 2155 775 tamen
2177 730 2270 777 ulla
2295 732 2476 779 rationeT
2530 735 2541 766 ³*

364 796 572 856 efficere,
607 799 719 860 quin
750 814 866 844 onus
901 797 994 844 hoc
1030 795 1257 854 subirem,
1290 809 1343 841 ut
1377 794 1423 840 ὃς
1443 793 1598 839 amicis
1622 808 1799 838 morem
1825 807 2059 857 gererem,
2096 793 2143 840 ὃς
2169 792 2480 847 enarrationes}
2531 801 2547 841 is

365 862 466 907 illae
499 863 676 925 jamdiu
713 863 986 910 intermifl'ae
1020 861 1262 923 prodirent
1293 862 1341 906 in
1362 859 1543 916 lucem,
1579 874 1671 921 quo
1693 856 2094 921 praeclariffimum
2118 875 2262 922 opus,
2298 859 2347 906 ὃς
2371 862 2481 923 per-3
2528 851 2547 881 4

364 928 500 986 quam
535 927 829 974 necessarium
865 927 919 973 ad
956 927 1202 989 poetarum
1238 924 1593 988 intelligentiam
1628 922 1683 968 ab
1710 922 1925 969 omnibus
1946 922 2092 986 poffet
2116 923 2346 987 intelligi,
2381 924 2429 972 &
2450 922 2485 988 ai
2528 870 2547 1016 ξ

366 1003 412 1035 te
436 991 750 1053 potissimum,
785 993 918 1053 cujus
941 991 1119 1038 fabulae
1139 1002 1188 1036 te
1215 991 1384 1036 mirum
1408 991 1454 1034 in
1475 987 1668 1033 modum
1694 986 1921 1034 delectant
1942 1005 1951 1032 :
1988 988 2311 1035 Enarrationes
2332 990 2480 1052 igitur*
2530 1018 2547 1037 ῃ

365 1054 460 1102 illas
494 1056 744 1119 postremas
776 1056 862 1103 tibi
895 1054 1129 1114 dedicavi,
1165 1070 1272 1117 quas
1295 1053 1325 1099 si
1349 1053 1563 1117 placuisse
1585 1051 1853 1098 intellexero
1879 1052 2147 1114 propediem
2176 1054 2223 1099 in
2247 1054 2485 1102 Ovidium·
2532 1103 2534 1106 ,

364 1118 421 1164 de
449 1120 628 1166 amandi
649 1133 744 1168 arte
767 1120 1109 1168 lucubrationes
1130 1119 1301 1166 nostras
1326 1117 1589 1182 expefilato.⁴
1619 1116 1738 1164 Vale
1755 1117 1978 1165 Venetiis.
1995 1133 2293 1164 mccccxcnr.
2330 1116 2485 1188 pridie}

369 1199 509 1231 nouas
524 1186 701 1246 Junias.
2472 1234 2481 1270 ,ἶ

465 1306 1033 1370 PETRUS
1199 1299 2390 1390 LAV1NIUS‚L2g0nensts‚
2466 1267 2486 1380 ’ᾗ

515 1406 705 1452 Artium
729 1404 974 1467 magister,
1008 1406 1157 1452 Poeta
1181 1420 1233 1450 ac
1257 1402 1401 1450 sacrae
1423 1403 1720 1468 Theologiae
1744 1406 2069 1452 Baccalaureus
2093 1405 2343 1466 formatus,
2481 1421 2488 1465 ς

818 1469 1007 1517 Ordinis
1033 1468 1437 1528 Praedicatorum,
1470 1484 1730 1517 conventus
1753 1470 2054 1518 Matiscenfis.

459 1548 903 1597 DOCTISSIMO
940 1548 1743 1609 ELOQUENTlsslMOQUE
1772 1549 2398 1611 JURISCONSULTO,

507 1634 592 1693 D.
721 1632 1296 1692 LAunio
1420 1630 2353 1710 LoNG1N1<30‚

426 1728 714 1778 Illustrissimi
736 1747 788 1777 ac
813 1728 1189 1778 observantiffimi
1213 1729 1401 1794 insignis
1422 1729 1709 1778 Matiscenfis
1733 1730 1966 1778 Ecclesiae
1989 1733 2205 1779 Praesulis
2230 1733 2442 1781 Genero-
2534 1712 2536 1728 ¹

568 1790 733 1842 fiffirrio
761 1796 975 1858 Nepoti,
1010 1794 1300 1859 ejusdemque
1329 1794 1560 1842 Ecclesiae
1583 1795 1930 1842 Archidiacono
1963 1797 2261 1860 Digniffimo.

378 1885 722 1996 Horrendus
755 1886 831 1933 ille
870 1887 1160 1935 tenebrarum
1196 1889 1415 1950 Princeps
1438 1922 1453 1947 ,
1502 1887 1762 1952 priusquam
1791 1890 1883 1935 Dei
1917 1891 2255 1953 omnipotentis
2290 1889 2484 1953 gloriam

534 1951 652 1996 coeli
678 1951 974 2011 enarrassent,
1011 1952 1059 1998 &
1075 1966 1193 1998 terra
1215 1952 1293 1998 diu
1316 1954 1370 1998 ad
1397 1966 1578 2015 patrum
1605 1967 1718 2001 vota
1736 1954 2017 2017 parturiens,
2053 1954 2294 2017 aliquando
2316 1954 2486 2018 germi-
2512 1960 2518 1964 '

377 2014 515 2060 nasset
555 2013 854 2074 salvatorem,
893 2017 1063 2062 Illustr.
1099 2033 1150 2063 ac
1187 2017 1443 2063 observant.
1479 2018 1715 2076 Domine,
1751 2019 2029 2080 multiplices
2061 2019 2246 2081 laqueos
2271 2018 2486 2080 peculiari
2535 2010 2537 2023 ’

377 2077 572 2124 versutia
596 2079 866 2142 disponens,
901 2080 958 2126 de
982 2080 1247 2142 posteritate
1272 2081 1409 2144 ipsius
1433 2082 1569 2143 primi
1593 2083 1791 2145 parentis
1817 2082 2161 2145 transgreffione
2186 2095 2378 2144 peccato
2401 2082 2492 2142 obs
2536 2111 2537 2126 η

380 2143 570 2188 noxiam
594 2142 654 2188 fic
680 2145 957 2207 oppresserat
972 2179 986 2204 ,
1013 2159 1066 2192 ut
1086 2147 1132 2192 in
1156 2162 1302 2209 regno
1325 2147 1579 2193 animarum
1601 2145 1891 2194 sacviffimam
1915 2146 2203 2209 tyrannidem
2227 2147 2494 2203 exerceret,‘

382 2206 431 2252 &
469 2206 630 2252 mundi
662 2207 798 2269 hujus
832 2209 1047 2256 dominus
1077 2223 1190 2257 tunc
1223 2212 1272 2257 ὃς
1307 2211 1551 2257 haberetur
1576 2211 1624 2256 ἓξ
1649 2211 1773 2257 esset.
1841 2212 2002 2272 Itaque
2026 2211 2283 2256 innumeras
2305 2209 2487 2257 fallendi
2536 2260 2539 2274 A

382 2284 498 2317 artes
534 2271 740 2333 ingenita
771 2272 1015 2325 calliditate
1053 2287 1370 2332 commentus,
1420 2274 1650 2336 cordaque
1685 2274 1949 2320 mortalium
1982 2275 2301 2337 expe&atione
2338 2290 2488 2326 rerum
2514 2278 2538 2334 ’ξ

384 2335 643 2381 suturarum
676 2334 852 2382 solicita
887 2338 1124 2384 horrendis
1151 2339 1336 2384 eludens
1364 2339 1657 2385 oraculorum
1692 2338 1986 2401 ambagibus,
2022 2338 2273 2402 perniciosa
2297 2338 2495 2402 quadani
2536 2346 2539 2401 ξ

386 2399 760 2462 superstitionum
797 2401 992 2463 caligine
1027 2403 1238 2448 Deorum
1266 2405 1561 2463 Dearumque
1590 2401 1944 2450 nefandiffimam
1981 2404 2236 2463 culturam,
2271 2417 2324 2450 ut
2357 2405 2492 2450 unius

387 2465 484 2510 veri
513 2465 602 2509 Dei
636 2465 848 2510 notitiam
878 2465 1108 2523 aboleret,
1142 2466 1391 2528 ingerebat.
1431 2467 1566 2512 Illinc
1595 2467 1827 2528 Delphica
1849 2467 1924 2514 illa
1946 2468 1992 2513 in
2016 2468 2240 2516 umbilico
2267 2462 2500 2515 terrarum?
2537 2469 2546 2527 ῥζ

391 2529 604 2586 oracula,
639 2529 881 2590 poetarum
915 2529 1192 2575 carminibus
1217 2530 1468 2588 celebrata,
1503 2530 1551 2576 ὃς
1578 2531 1857 2578 Dodonaeae
1881 2547 2089 2594 quercus.
2156 2533 2286 2579 Hinc
2308 2530 2499 2579 antrum*
2537 2533 2547 2588 {i

389 2591 658 2638 Euboicum
687 2592 734 2638 δι’.
761 2591 879 2639 tecta
906 2591 1187 2639 Nasamonia
1208 2594 1471 2641 callidiflimi
1495 2594 1635 2642 hostis
1656 2597 1860 2644 maliano
1887 2597 2048 2659 spiritu
2072 2596 2354 2644 resonabant.
2402 2582 2503 2658 Seffl
2537 2597 2547 2665 ξ

391 2655 552 2703 auetor
583 2656 696 2719 legis
726 2658 898 2720 gratiae
920 2656 1132 2704 Christus
1151 2658 1276 2718 Jesus
1308 2659 1355 2705 ὃς
1384 2661 1476 2705 Dei
1507 2659 1698 2707 verbum
1717 2694 1731 2719 ,
1764 2633 1849 2723 ²{ier
1880 2662 2005 2725 quod
2036 2661 2153 2709 facta
2189 2660 2289 2708 sunt
2312 2661 2491 2721 omnia,
2538 2674 2547 2692 *¹

393 2721 534 2784 primi
563 2723 761 2784 parentis
785 2721 986 2767 flebilem
1010 2721 1158 2768 casum
1185 2722 1445 2782 miseratus,
1480 2723 1528 2769 ὃ(
1554 2738 1604 2770 ut
1632 2725 1868 2772 hominem
1891 2727 2152 2790 perditum,
2185 2725 2404 2789 variisque
2426 2735 2497 2772 er-'
2538 2695 2546 2775 i'

395 2801 553 2831 rorum
579 2785 843 2847 ambagibus
869 2785 1099 2833 seducffiim
1115 2821 1129 2845 ,
1154 2787 1208 2832 ad
1235 2788 1443 2835 coelestia
1468 2804 1608 2852 regna
1630 2803 1890 2849 revocaret,
1925 2792 1973 2837 in
1995 2794 2125 2838 terris
2151 2782 2499 2849 communicat&
2538 2806 2539 2839 ξ

395 2849 613 2895 idiomate
640 2850 766 2895 Deus
802 2849 850 2895 &
874 2851 1018 2898 homo
1041 2852 1280 2914 apparuit,
1316 2855 1423 2915 qui,
1457 2869 1662 2899 errorum
1690 2854 1874 2900 discussa
1900 2855 2334 2919 caligine,›mundo
2360 2855 2493 2917 igno·
2538 2854 2540 2896 !

396 2915 566 2958 rantiae
588 2914 785 2960 tenebris
808 2914 980 2961 obsesso
1003 2917 1242 2962 veritatem
1265 2918 1595 2979 aperuit,&ad
1620 2918 1730 2964 illud
1754 2919 1980 2966 summum
2002 2919 2295 2967 beatitudinis
2321 2918 2493 2965 nostrae
2538 2920 2541 2977 ’ξ

401 2977 634 3037 objcstum
658 2979 744 3023 iter
768 2977 1005 3024 ostendens
1028 2980 1148 3042 leges
1171 2980 1279 3027 tulit
1295 2982 1487 3044 ,quibus
1502 2982 1709 3029 homines
1733 2984 1787 3030 ad
1812 2984 2054 3031 coelestem
2080 2985 2272 3047 patriam
2300 2983 2493 3030 deduce·
2539 2990 2541 3018 ³

398 3054 482 3087 ret.
551 3042 792 3088 Vitiorum
830 3040 1047 3104 siquidem
1081 3046 1325 3091 acerrimus
1351 3047 1652 3109 objurgator,
1684 3048 1739 3094 ad
1762 3049 1988 3096 virtutum
2014 3048 2328 3095 excellentiam
2353 3047 2492 3094 verbo

400 3106 450 3152 ὃς
481 3105 695 3168 exemplo
720 3106 1021 3167 exhortator,
1055 3125 1212 3155 eorum
1237 3112 1373 3157 etiam
1403 3126 1514 3173 quae
1535 3112 1587 3157 ad
1610 3112 1726 3160 bene
1753 3113 1975 3176 beateque
1994 3113 2241 3159 vivendum
2266 3112 2501 3159 conduce-

398 3185 450 3216 re
485 3169 577 3220 visa
613 3169 1050 3237 suntqpraeceptor,
1083 3172 1278 3237 denique
1308 3175 1440 3225 miffis
1469 3176 1517 3223 in
1550 3178 1710 3226 orbem
1746 3177 2003 3228 universum
2026 3176 2259 3241 discipulis
2284 3178 2498 3289 Decigurn'
2540 3241 2541 3245 Ἰ

2427 3252 2494 3284 ea-
2540 3250 2547 3282 2,
