2547 3708
371 121 467 167 ’3οέ
889 105 1952 160 ΒΕΒΙΟΑΤΙΟΝΕΞΕΤ

369 219 446 252 ma
469 219 608 268 opera
633 203 727 251 hoc
748 203 849 251 sane
873 206 1189 267 principatum
1213 214 1357 250 tenet.
1425 201 1482 248 In
1503 203 1600 265 ejus
1633 199 1759 247 libris
1794 199 1926 247 naevi
1957 197 2060 247 sunt
2091 214 2187 247 non
2222 213 2316 251 tam
2347 208 2486 271 ipfius
2512 211 2518 257 ὲ,

368 269 654 334 negligentia
690 278 966 334 (quanquam
989 271 1033 316 id
1060 268 1153 331 ipse
1175 269 1231 314 de
1251 269 1345 314 hoc
1374 282 1515 329 opere
1545 266 1740 312 nimium
1774 264 2014 328 deplorat)
2050 281 2186 326 quam
2220 280 2481 335 temporum
2514 292 2515 331 ᾗ

367 336 562 397 injuria,
599 353 651 383 ac
676 337 967 382 librariorum
991 335 1139 396 culpa.
1210 333 1390 382 Nullus
1411 346 1624 379 veterum
1650 332 1697 376 in
1719 330 1850 375 ‘hunc
1875 330 2120 392 quicquam
2138 364 2154 389 ,
2189 335 2312 393 quod
2335 336 2484 406 sciam,

367 400 561 464 scripfit.
633 401 810 448 Nostra
835 402 1022 447 demum
1051 411 1196 446 aetate
1221 399 1436 462 Raphael
1458 398 1640 459 Regius
1663 395 1850 458 egregie
1873 395 1921 439 in
1946 408 2001 440 eo
2023 398 2304 458 exponendo
2327 401 2367 447 se
2389 409 2486 468 ges.

369 465 442 513 fit.
510 466 658 529 Cujus
684 466 972 530 diligentiam
999 479 1182 512 tantum
1214 464 1337 511 abest
1372 477 1426 510 ut
1457 461 1675 524 culpem,
1709 473 1762 505 ut
1795 460 1934 505 etiam
1956 461 2256 509 vehementer
2279 468 2484 528 probem,
2516 473 2523 526 ξ,

368 530 579 578 Tametsi
601 544 653 578 ut
676 531 820 577 homo
843 531 1087 593 aliquando
1110 544 1253 577 errat:
1290 529 1418 593 quod
1441 543 1530 591 ego
1554 526 1754 572 civiliter
1776 523 1941 589 absque
1965 527 2095 571 omni
2120 530 2338 576 convicio
2369 534 2482 585 dun-
2517 546 2524 583 [

369 609 498 643 taxat
521 598 707 655 indico,
743 610 881 659 atque
908 597 1027 642 idern
1052 598 1100 643 in
1126 611 1201 642 me
1223 594 1324 641 fieri
1350 609 1545 658 precor,
1582 592 1725 637 modo
1751 590 1831 637 fiat
1855 592 1903 637 in
1936 590 2239 640 studiosorum
2276 597 2485 650 volunta·
2518 598 2547 660 fg:

2513 0 2547 96 i

2543 236 2547 247 1

2541 251 2547 263 ἃ

370 673 464 708 tem
489 677 541 707 ac
564 678 639 721 ea,
663 678 751 724 qua
770 662 816 707 in
839 662 949 708 alios
973 663 1040 708 uti
1067 661 1207 720 soleo,
1232 659 1466 706 modestia.
1504 657 1685 719 Accipe
1706 657 1880 729 igitur,
1904 656 2087 703 illustris
2109 658 2173 704 D.
2203 661 2487 725 Popp09has
2518 660 2547 716 ‚3²3

372 742 493 772 meas
529 725 873 773 lucubrationes
905 726 1136 773 suceifivis
1167 727 1292 773 horis
1324 723 1588 789 congestas,
1623 735 1792 768 meruit
1828 723 1950 768 enim
1985 722 2079 768 hoc
2115 724 2288 772 can-dor
2313 739 2418 777 tuus
2441 733 2488 782 in
2520 749 2528 781 ἶε

370 807 474 848 me,
513 804 563 836 ut
590 791 713 837 ausus
750 791 829 838 fim
865 806 911 838 te
944 793 1079 857 hujus
1105 792 1271 838 laboris
1300 789 1495 855 suscepti
1527 788 1811 835 defensorem
1846 788 2084 850 accipere,
2120 805 2254 853 quem
2282 790 2488 846 Christus
2522 778 2547 847 li

372 857 600 915 Optimus
630 858 869 904 Maximus
900 858 1033 904 nobis
1069 857 1147 903 diu
1180 857 1465 903 incolumem
1501 855 1614 901 velit
1637 887 1652 912 ,
1695 853 1855 899 multis
1884 853 2008 900 votis
2039 866 2172 917 opto.
2232 856 2346 904 Vale
2377 860 2494 912 felix
2538 859 2547 895 ι’

2525 916 2547 942 >i

368 919 418 966 ἃ.-
445 936 518 966 me
541 939 655 968 ama.
690 923 728 968 F
732 922 908 987 riburgi
944 922 1176 986 Brisgoae.
1201 924 1342 969 Anno
1368 919 1546 967 Christi
1567 919 1706 966 natali
1729 935 1986 966 MDxxxur.
2023 918 2143 966 Idib.
2150 922 2390 979 januariis.

497 1040 1002 1101 JOANNIS
1069 1039 1631 1089 RAENERII
1698 1038 2355 1090 DEDICATIO

1141 1160 1246 1194 ante
1275 1144 1690 1208 Metamorphoses.
1743 1198 1753 1205 ι

572 1238 1394 1287 ORNATISSIMO
1465 1236 2306 1286 ADOLESCENTI

365 1333 1343 1398 FRANcisco
1454 1333 2543 1397 LAURENCINO

1266 1445 1586 1510 Lugdunenfi.

364 1570 505 1679 M
527 1567 675 1614 Ecum
701 1567 809 1626 diu,
833 1567 1127 1630 multumque
1147 1566 1407 1629 cogitanti,
1434 1563 1682 1612 suaviffime
1705 1565 2157 1630 Francisce,qu;ibus
2178 1565 2336 1614 studiis
2361 1576 2490 1617 tuam
2540 1599 2544 1626 ÷

541 1649 647 1695 erga
674 1650 746 1679 me
770 1633 1136 1679 benevolentiam
1163 1645 1344 1691 tuerer,
1379 1646 1716 1694 augeremque:
1755 1631 1872 1677 nihil
1896 1634 2042 1696 magis
2066 1633 2285 1679 idoneum
2311 1631 2454 1680 visum
2472 1665 2493 1694 5

363 1714 503 1763 atque
537 1699 738 1757 libraria,
774 1699 1062 1762 literariaque
1098 1713 1297 1744 munera.
1369 1698 1477 1745 Scio
1514 1697 1634 1742 enim
1662 1709 1709 1742 te
1732 1696 1855 1743 nulla
1876 1713 2019 1760 aeque
2045 1713 2093 1743 re
2116 1714 2169 1743 ac
2193 1698 2336 1744 literis
2362 1698 2497 1745 oble&
2544 1709 2546 1743 ἑ

363 1763 503 1811 ftari:
542 1766 585 1809 in
623 1764 788 1826 quibus
823 1763 995 1824 ductu,
1032 1777 1168 1826 atque
1203 1762 1412 1826 auspiciis
1445 1762 1731 1809 literatiffimi
1766 1762 1850 1808 viri
1888 1764 2110 1827 Hugonis
2133 1762 2363 1822 Auberti,
2396 1779 2496 1827 qum
2538 1789 2539 1817 2

362 1843 665 1894 praeceptore
701 1829 800 1876 usus
824 1846 896 1888 es,
933 1842 1115 1876 tantum
1144 1843 1320 1891 praeter
1342 1842 1537 1875 aetatem
1560 1827 1706 1873 fecisti
1731 1828 2018 1890 progressum
2034 1862 2053 1887 ,
2084 1841 2138 1874 ut
2163 1827 2195 1874 fi
2216 1844 2309 1892 quo·
2332 1830 2495 1892 coepi-⁴
2538 1836 2539 1858 ³

360 1895 420 1942 sti
454 1895 566 1957 pede
601 1895 885 1957 perrexeris,
919 1894 972 1940 ad
1009 1893 1172 1940 summi
1206 1893 1387 1956 fastigia
1423 1894 1587 1955 templi
1617 1894 1861 1939 Minervae
1895 1893 2027 1940 brevi
2061 1907 2108 1940 te
2133 1894 2370 1940 evasurum
2398 1910 2498 1941 nonv
2540 1955 2541 1958 Ἰ

359 1960 588 2007 dubitem.
657 1960 818 2024 Itaque
855 1960 1064 2007 divinum
1099 1961 1191 2005 hoc
1217 1960 1380 2006 Ovidii
1411 1960 1607 2004 Metam.
1644 1974 1792 2018 optus,
1827 1973 1878 2003 ea
1909 1975 1934 2004 a
1969 1975 2043 2005 me
2066 1958 2308 2023 diligentia
2333 1975 2493 2006 emen-2

360 2025 552 2084 datum,
589 2038 643 2071 ut
673 2028 770 2086 iure
794 2025 1034 2072 adfirmare
1059 2024 1222 2088 pofl'im
1239 2059 1253 2083 ,
1288 2040 1382 2070 non
1407 2025 1454 2070 in
1480 2024 1606 2070 hune
1633 2022 1754 2068 diem
1780 2024 2079 2071 emaculatius
2104 2025 2313 2071 emifl'um
2331 2059 2347 2083 ,
2383 2037 2502 2071 cums·

358 2089 598 2138 Lactantii
620 2084 793 2137 Placidi
826 2092 876 2138 in
912 2090 1106 2154 lingulas
1128 2090 1320 2137 Fabulas
1352 2090 1666 2154 argumentiS,
1702 2088 1800 2135 suae
1840 2089 2061 2151 pristinae
2077 2090 2394 2152 genuinaeque
2420 2090 2490 2136 in·
2542 2119 2543 2130 2

358 2156 572 2219 tegritati
597 2155 845 2213 restitutis,
882 2157 1155 2202 nominatim
1183 2156 1267 2202 tibi
1296 2155 1433 2214 dico,
1467 2155 1684 2218 donoque
1704 2153 1793 2200 do:
1831 2169 2074 2216 rogoque,
2108 2167 2245 2215 atque
2271 2153 2490 2214 obsecro,
2542 2160 2543 2174 ¹

360 2233 418 2266 ut
451 2220 577 2282 saepe
614 2221 822 2266 manibus
856 2221 1026 2280 verses,
1062 2238 1113 2267 ac
1145 2222 1355 2267 evolvas:
1396 2219 1456 2267 fic
1492 2220 1614 2265 enim
1653 2219 1741 2264 mei
1778 2218 1898 2281 apud
1921 2231 1969 2263 te
1997 2220 2218 2264 memoria
2251 2235 2495 2282 nunquam

360 2285 606 2333 exolescet.
643 2285 806 2332 Solent
840 2288 962 2332 enim
990 2303 1085 2332 non
1107 2299 1287 2332 tantum
1317 2286 1377 2343 ii,
1411 2285 1490 2347 qui
1514 2299 1695 2330 novum¹
1714 2282 1898 2345 aliquod
1923 2299 2040 2345 opus
2064 2282 2173 2342 suo,
2212 2297 2264 2331 ut
2287 2284 2510 2345 dicitur,
2544 2304 2545 2318 ³

361 2352 526 2397 Marte
565 2349 803 2410 condunt,
840 2351 909 2396 sed
938 2353 985 2398 δε
1013 2352 1078 2397 illi
1103 2366 1287 2414 quoque
1311 2351 1388 2413 qui
1416 2350 1462 2395 in
1487 2348 1716 2395 veteribus
1739 2348 2032 2395 emendandis
2059 2365 2246 2411 operam
2274 2364 2492 2412 ponunt,
2544 2346 2545 2370 ³

363 2414 414 2462 ὃ(
444 2416 573 2462 locos
605 2416 781 2478 aliquos
817 2429 896 2461 aut
930 2416 1185 2474 illustrant,
1220 2429 1297 2462 aut
1335 2414 1610 2471 restituunt,
1644 2429 1830 2477 operam
1856 2412 2005 2472 suam,
2041 2427 2178 2477 atque
2201 2413 2493 2479 diligentiam

362 2480 693 2543 praestantibus
727 2481 864 2540 viris,
910 2497 1027 2543 quos
1066 2497 1254 2539 ornare,
1289 2493 1367 2526 aut
1401 2479 1622 2525 demereri
1658 2478 1856 2537 volunt,
1902 2495 2185 2542 nuncupare.
2255 2478 2495 2527 Laetantii

362 2559 516 2593 autem
545 2545 718 2592 Placidi
734 2580 753 2604 ,.
775 2547 861 2592 viri
885 2545 1130 2593 doetiffimi
1149 2579 1162 2603 ,
1186 2545 1469 2608 perindeque
1494 2542 1825 2607 diligentissimi
1858 2546 1953 2606 (qui
1981 2546 2116 2591 Statii
2140 2560 2328 2608 quoque
2356 2544 2494 2591 The-
2512 2586 2521 2596 ,

361 2610 495 2658 baida
517 2613 839 2664 interpretatus
860 2611 957 2663 est)
994 2624 1266 2673 argumenta
1290 2612 1338 2656 in
1366 2609 1495 2655 hasce
1519 2608 1691 2656 fabulas
1711 2621 1803 2654 tam
1828 2610 2071 2668 mendosa,
2096 2609 2293 2669 mutila,
2327 2611 2490 2656 incon·
2516 2661 2519 2663 ‚

361 2675 487 2736 dita,
520 2692 572 2722 ac
608 2667 849 2739 depravata
888 2677 934 2735 in
977 2676 1233 2733 omnibu8,.
1258 2678 1336 2740 qui
1360 2674 1820 2734 circumferebantur,
1856 2675 2097 2722 codicibus
2124 2688 2280 2721 erant:
2318 2687 2371 2721 ut
2396 2672 2491 2737 pas-

363 2740 446 2788 fim
485 2740 680 2805 insignes
711 2741 1028 2788 soloecismos.
1066 2739 1328 2805 hiulcasque
1366 2739 1606 2803 periodos,
1642 2739 2099 2804 chalcographorum
2138 2741 2316 2786 incuria
2352 2739 2515 2786 habe--

364 2820 491 2853 rent:
529 2823 581 2861 ac
617 2807 874 2870 plerunque
907 2805 991 2870 ipfi
1017 2805 1262 2853 Lactantio
1295 2822 1401 2856 cum
1439 2807 1607 2870 poeta,
1642 2807 1774 2867 cujus
1799 2805 1970 2853 fabulas
1993 2818 2162 2871 quanta
2185 2817 2367 2869 poterat
2389 2805 2492 2852 bre·-

360 2872 505 2917 vitate
538 2871 788 2935 compleffi
826 2872 1162 2931 constituerat,
1199 2889 1295 2918 non
1331 2873 1580 2918 convenire
1613 2870 1812 2916 dixiss'es.
1882 2871 2045 2918 Veteri
2070 2873 2217 2935 igitur
2239 2870 2495 2933 exemplari
2546 2878 2547 2887 ¹

360 2935 507 2999 adjuti
534 2938 799 2982 innumeros
823 2936 951 2982 locos
977 2939 1289 2996 correximus,
1326 2938 1558 2998 multaque
1586 2953 1698 2999 qaae
1725 2935 1915 2983 deerant
1939 2938 2205 3000 adjecimus.
2252 2934 2387 2992 Quid
2413 2950 2492 2983 ve-

361 3017 414 3046 ro
451 3000 603 3047 nostra
625 2991 870 3064 diligentia
901 3001 1035 3047 fimus
1059 3001 1365 3064 consequuti,
1401 3018 1506 3048 cum
1535 3017 1599 3048 rcs
1623 3001 1714 3065 ipsa
1739 2995 2013 3062 testabitur,
2050 3015 2149 3049 tum
2173 2999 2319 3046 editio
2349 3001 2490 3061 haec,

360 3063 395 3112 fi
429 3082 536 3112 cum
570 3066 665 3112 aliis
693 3066 909 3112 omnibus
944 3067 1111 3112 collata
1132 3066 1287 3114 fuerit.
1356 3068 1538 3129 Excipe
1567 3068 1739 3131 igitur,
1774 3066 1995 3130 generose
2017 3064 2286 3125 Francisce,
2322 3080 2490 3112 munu-

358 3129 536 3177 sculum
569 3132 691 3191 hoc,
728 3132 816 3176 mei
857 3136 903 3178 in
936 3146 982 3178 te
1029 3133 1217 3178 maximi
1251 3133 1474 3178 indicium
1509 3134 1690 3179 amoris.
1761 3132 1910 3192 Qiod
1933 3130 1972 3178 fi¹
1988 3147 2083 3177 rem
2112 3130 2204 3194 ipse
2227 3143 2385 3176 tecum
2409 3144 2488 3176 ex-

358 3195 599 3258 penderis,
623 3197 855 3260 intelliges
878 3198 1144 3244 mehercule
1167 3213 1260 3244 nou
1287 3199 1520 3262 indignam
1538 3233 1551 3258 ,
1567 3214 1704 3262 quam
1728 3197 1922 3261 plurimi
1947 3195 2083 3245 facias
2105 3194 2358 3257 habeasque
2381 3194 2489 3241 cha-¹

362 3260 591 3309 riffimam.
662 3262 791 3309 Vale.
2273 3260 2489 3310 GEOR·
