2547 3708
1625 105 1628 108 ’
1867 129 1872 131 ,
2377 114 2388 126 ι
2517 98 2527 129 ll

377 150 467 201 168
889 139 1948 194 DEDICATIONESaa·
2516 0 2547 177 1

508 242 661 291 Affater
680 244 750 288 ubi
771 239 857 302 cst?
893 240 950 285 ad
967 249 1005 284 te
1016 237 1211 299 fugitiva
1239 246 1443 283 revertere
1466 248 1600 284 mater
1613 258 1628 293 3
2292 249 2294 251 ·
2342 221 2347 225 ⁴
2539 179 2547 259 l

575 310 753 354 Peeiora
764 310 807 367 st
826 319 966 352 nomeu
977 302 1126 364 ferrea
1154 302 1249 348 mite
1274 302 1425 347 trahit.
1547 307 1553 313 '
2520 319 2547 357 4

510 372 707 435 Nesciat
730 371 800 416 hec
820 368 998 431 infensus
1021 368 1129 412 Iber.
1165 365 1459 427 odiostorhoste
1480 380 1533 412 esi
1953 384 1956 387 *
2539 363 2547 394 ἱ

576 441 709 482 Caeca
717 435 837 496 stibis
853 443 996 494 partes
1018 434 1158 487 illius,
1190 431 1258 475 ille
1280 440 1392 475 tuas.
2537 409 2547 446 ¹

514 503 714 550 Materno
734 498 911 561 elapsum
933 499 1010 543 vix
1032 510 1188 541 carcere
1199 494 1346 557 fovit,
1382 496 1436 547 &⁹
1460 496 1568 541 ultro

580 566 748 611 Obtulit
772 563 988 625 hospitium
1008 576 1112 606 come
1137 570 1324 605 cruentus
1348 560 1458 607 Iber.

515 632 670 680 ,Nobile
685 629 777 691 fers
800 626 1137 688 uostrispolium‚
1163 639 1261 686 gens
1283 626 1427 682 vicia,
1459 625 1651 685 pudoris:

580 694 784 741 Maxima
811 693 857 738 de
871 691 998 754 salvo
1012 692 1147 752 gloria
1169 698 1270 734 vate
1291 691 1370 735 tibi
1391 689 1458 750 est.

516 761 601 807 Sed
616 760 757 805 melius
777 758 915 803 domui
939 771 1033 801 mox
1053 754 1229 800 creditus
1252 754 1318 798 ille
1340 748 1538 800 Thurinae
1550 775 1565 810 3

581 825 688 888 Qia
703 832 823 882 patet
845 819 1133 881 adflieiisjam
1153 828 1274 863 vetus
1292 832 1372 877 ara
1393 821 1488 864 reis.

515 889 670 934 Exulis
692 887 792 933 haec
812 899 940 947 cepere
950 884 1104 947 fugam
1116 883 1349 943 penetralia
1372 887 1512 945 magui
1523 904 1540 940 3

583 949 734 1014 Totque
744 950 915 1014 sacrum
937 951 1094 996 meritis
1118 949 1323 994 detinuere
1348 958 1484 1008 caput.

516 1017 679 1079 Plauſsa
694 1049 708 1074 ,
744 1012 917 1062 -Thuaue
931 1047 947 1074 ‚
979 1014 1096 1060 choro
1122 1014 1290 1059 Clariae
1303 1014 1536 1073 penetralia
1556 1012 1734 1067 turbam
2460 1019 2515 1035 “-

581 1084 738 1129 Saeua
757 1083 821 1127 tui
844 1081 997 1127 Patris
1022 1080 1207 1136 nomine,
1228 1076 1382 1140 salucia
1402 1088 1487 1124 tuo.
2150 1073 2154 1077 '

518 1148 635 1194 Hinc
656 1149 784 1206 apices
794 1146 878 1207 fibi
899 1145 1018 1190 Celta
1038 1145 1133 1205 legit
1149 1141 1403 1204 proceresque
1427 1144 1631 1197 Senatu55

584 1213 649 1256 Et
671 1222 765 1273 toga
784 1223 1004 1269 purpureos
1016 1210 1202 1267 plurima
1210 1206 1356 1267 jaciat
1378 1223 1495 1253 avos.

523 1276 662 1322 Incola
680 1275 924 1335 posthabitis
944 1272 1043 1318 haec
1064 1272 1211 1333 obfidet
1235 1273 1351 1316 atria
1374 1271 1553 1332 Delphis
1564 1291 1582 1327 3

586 1339 828 1400 Posthabito
842 1339 991 1383 Paean
1014 1337 1090 1383 has
1110 1337 1305 1382 Helicone
1318 1334 1447 1397 fores.

522 1405 639 1451 Huic
663 1406 808 1450 Honor
832 1403 886 1455 ὅθ
909 1402 1064 1450 Virtus
1087 1401 1142 1454 ξεῖ)
1165 1403 1297 1447 Fama
1317 1401 1528 1462 domestica
1551 1405 1652 1446 teHo
1675 1400 1746 1462 est.

586 1469 717 1516 Mille
740 1469 831 1515 Dei
851 1468 1050 1513 celebrant
1075 1468 1250 1523 limina,
1284 1467 1394 1513 mille
1422 1468 1555 1512 Deae.

520 1534 622 1579 Hac
634 1537 684 1579 -T
677 1534 832 1591 hemis,
865 1532 944 1578 hac
964 1542 1107 1593 regnat
1130 1532 1178 1577 de
1197 1533 1351 1576 vertice
1369 1540 1471 1577 nata
1486 1540 1686 1591 paterno:

585 1597 740 1656 Hacst’
760 1597 1021 1643 condiderunt
1047 1611 1175 1641 aurea
1185 1593 1326 1656 saecla
1349 1596 1479 1641 domo.
1583 1603 1585 1605 ’
1853 1642 1861 1650 ,

527 1664 657 1709 Nunc
676 1678 827 1723 quoque
848 1660 969 1721 Naso
985 1659 1136 1722 fugam
1160 1675 1271 1706 meus
1288 1660 1362 1706 hoc
1369 1664 1412 1722 st
1432 1670 1563 1706 mutet
1586 1658 1739 1722 Asylo3
1796 1668 1798 1671 '

588 1728 677 1772 Nil
685 1727 798 1786 fleat
817 1725 1049 1788 Augustum
1070 1741 1148 1771 nou
1162 1726 1342 1785 patuiffe
1365 1727 1508 1771 larem.

1944 1785 2083 1833 Anno
2107 1799 2323 1832 MDcmx.

819 1921 1327 1983 EJUSDEM
1394 1916 2068 1986 PRAEFATio.

411 2063 416 2066 ·
490 2060 493 2063 ·
549 2038 677 2087 Ultis
701 2055 824 2087 nunc
849 2053 1003 2087 tecum
1036 2038 1153 2086 mihi
1179 2037 1233 2086 fit
1260 2038 1521 2103 agendum,
1556 2037 1759 2094 Leston
1794 2033 1826 2081 fi
1850 2034 1995 2080 totius
2018 2031 2218 2078 instituti
2246 2031 2334 2078 mei
2366 2032 2499 2093 ratio·
2530 2058 2535 2086 4

406 2114 408 2117 ’
571 2121 676 2150 nem
701 2104 834 2167 super
855 2105 1044 2156 Nasone
1067 2103 1465 2150 lucubrationibus
1497 2102 1662 2148 nostris
1687 2099 1912 2147 illustrato
1945 2096 2214 2144 exaete‘tibi
2240 2097 2379 2142 velim
2404 2093 2500 2142 red·

399 2169 558 2215 ditam.
629 2168 717 2215 Sed
741 2185 848 2214 cum
883 2169 1026 2215 domo
1059 2184 1255 2228 avocer,
1288 2183 1475 2231 operam
1509 2166 1875 2230 qualemcunque
1899 2160 2206 2224 Reipublicae
2226 2158 2537 2219 Foederato-*4

400 2249 502 2278 rum
528 2231 773 2295 Belgarum
800 2234 845 2279 in
869 2234 1034 2280 exteris
1067 2233 1334 2297 regionibus
1367 2244 1636 2288 navaturus,
1670 2231 1905 2275 serventur
1927 2225 2149 2288 praestat,
2185 2241 2299 2288 quae
2317 2224 2502 2272 dicenda
2529 2230 2536 2282 l

403 2313 528 2342 nunc
560 2296 813 2356 habebam,
847 2298 967 2343 curis
1000 2296 1232 2355 secundis,
1268 2305 1376 2359 quas
1402 2295 1626 2342 auctiores
1657 2289 2054 2355 castigatioresque
2085 2306 2197 2336 mox
2230 2289 2365 2337 dabo.
2431 2289 2536 2336 Exi

404 2373 521 2407 voto
550 2361 721 2425 quippe
743 2360 776 2407 fi
807 2361 994 2408 eeffisset
1028 2361 1292 2424 p'ropofitus
1326 2359 1483 2423 labqr,
1519 2360 1761 2420 otiumque
1798 2355 1937 2418 paulo
1972 2355 2151 2402 uberius
2177 2355 2224 2400 &
2246 2355 2500 2401 diuturnius
2533 2367 2536 2393 1

403 2425 667 2487 obtigiffet‚
703 2427 832 2488 quale
863 2425 1091 2488 sperabam
1127 2441 1178 2472 ac
1203 2437 1337 2471 vcerto
1364 2425 1478 2470 mihi
1506 2421 1863 2485 promittebam,
1898 2435 2004 2465 cum
2039 2420 2156 2466 hanc
2180 2419 2379 2467 Nasonis
2412 2418 2500 2464 edi-

405 2491 582 2535 tionem
609 2502 714 2536 ante
736 2489 972 2536 biennium
999 2488 1283 2552 auspicabar,
1317 2489 1450 2535 limae
1475 2489 1575 2550 plus
1607 2502 1727 2532 eram
1754 2485 2023 2532 admoturus
2056 2483 2359 2530 describendis
2384 2483 2435 2530 iis
2454 2487 2503 2529 a'c
2535 2495 2544 2527 ;.

395 2554 587 2600 ἶςὴειτῑεεε
609 2553 861 2611 illinendis‚
898 2568 1012 2615 quae
1034 2555 1088 2599 ad
1114 2553 1321 2599 divinum
1346 2554 1533 2615 poetam
1559 2551 1659 2598 satis
1686 2550 1826 2596 multa
1858 2565 1942 2595 nec
1965 2549 2160 2595 omnino
2189 2548 2373 2603 fortass'e
2393 2563 2501 2594 con·-
2536 2523 2547 2608 1

356 2667 359 2669 ,
405 2617 649 2664 temnenda
671 2618 749 2664 hic
776 2617 871 2664 illic
892 2629 1232 2664 annotaveram.
1300 2616 1480 2664 Verum
1503 2619 1624 2662 enim
1646 2631 1756 2662 vero
1779 2631 1884 2661 cum
1912 2615 1960 2660 in
1984 2613 2123 2678 pleno
2148 2615 2300 2675 operis
2320 2611 2501 2677 jam-in-
2536 2580 2547 2669 1

405 2681 562 2728 choati
583 2681 714 2728 cursu
738 2681 908 2728 isthaec
934 2683 1161 2747 cogitatio
1187 2680 1504 2744 interpellante
1526 2680 1710 2743 publica
1729 2680 2003 2726 auctoritate
2025 2678 2140 2725 mihi
2165 2677 2306 2724 fuerit
2325 2678 2502 2735 abrum—
2536 2674 2547 2729 ll

404 2746 581 2809 penda,
602 2761 660 2792 ne
682 2745 818 2809 ipsam
846 2746 1031 2809 quidem
1054 2745 1154 2793 satis
1179 2747 1405 2810 integram
1429 2745 1566 2794 habui
1591 2745 1912 2792 tumultuariae
1935 2744 1984 2790 ὃς
2006 2755 2275 2807 properatae
2298 2742 2502 2805 scriptio·
2536 2742 2547 2768 ³³

405 2812 474 2856 nis
492 2810 756 2857 facultatem
773 2845 788 2870 a
805 2827 893 2874 qua
917 2810 1048 2857 hasce
1073 2810 1426 2875 Observationes
1450 2826 1506 2856 ex
1533 2810 1790 2856 adversariis
1812 2811 1922 2856 meis
1949 2808 1996 2854 &
2019 2808 2182 2855 libellis
2208 2805 2502 2871 pugillaribus
2536 2824 2547 2860 {a

402 2878 574 2938 :raptim
599 2874 921 2938 depromptas,
956 2889 1093 2938 atque
1123 2876 1171 2921 in
1196 2875 1511 2934 inconditam,
1544 2891 1679 2937 quam
1713 2890 1836 2920 nunc
1870 2873 2166 2930 exhibemus,
2200 2873 2382 2919 massam
2407 2868 2502 2917 rudi
2536 2871 2539 2896 ³

404 2939 652 2998 Minerva,
687 2940 973 3002 plurimaque
994 2955 1103 2985 cum
1128 2939 1445 2999 festinatione,
1480 2940 1607 2998 nullo
1630 2938 1969 3002 propemodum
2002 2936 2310 2985 cum'delec‘tu
2335 2947 2502 2998 conge·
2536 2928 2539 2997 ’4

407 3002 492 3049 stas
514 3003 891 3066 coacervatasque
914 3004 1067 3066 praelo
1092 3005 1435 3069 typographico
1462 3004 1736 3050 mandarem.
1803 3005 1890 3051 Eas
1915 3003 2059 3066 igitur
2076 3001 2190 3064 juris
2223 3001 2429 3063 publici,
2459 3013 2503 3044 a·
2537 3008 2539 3055 ξ

406 3081 535 3113 mota
559 3066 835 3114 diuturniori
859 3084 1013 3126 mora,
1048 3068 1273 3115 faciendas
1296 3069 1437 3125 duxi3
1474 3073 1530 3116 ne
1555 3069 1765 3115 utilitatis
1786 3067 1997 3131 publicae
2018 3079 2071 3112 a‘c
2093 3066 2264 3128 patriae
2288 3066 2351 3112 rei
2374 3064 2503 3120 ratio,
2538 3079 2540 3121 ᾗ

402 3147 540 3197 quam
566 3133 754 3194 privatis
779 3133 1037 3180 commodis
1060 3131 1086 3179 a
1112 3149 1186 3179 me
1216 3135 1433 3197 anteponi
1464 3147 1681 3196 oportere
1707 3131 2019 3196 intelligebam
2037 3163 2062 3188 ,,
2089 3131 2405 3183 emolumento
2437 3127 2505 3173 in·
2538 3143 2540 3188 j

397 3197 600 3245 aerea-‘ac
635 3197 766 3246 lucro
803 3196 881 3247 suo
914 3197 1244 3263 bibliopolam,
1277 3198 1387 3248 dum
1419 3198 1525 3246 alibi
1562 3213 1651 3263 ego
1690 3198 1917 3245 haererem
1950 3207 2232 3257 occupatuS,
2266 3193 2504 3242 fraudaret.

2395 3256 2502 3307 Huc
2539 3267 2541 3313 f
