2547 3708
232 41 260 53 N

718 89 861 143 Pm}
887 89 934 155 J.
978 89 1041 141 M
1074 90 1119 141 A
1154 90 1185 142 s
1222 91 1253 143 s
1288 92 1337 143 o
1371 89 1446 143 N.
2061 106 2159 173 '¹15

48 195 176 250 Hinc
206 188 495 241 manifestum
529 186 621 248 est,
654 184 914 252 Epistolam
951 187 1127 235 hancce
1157 188 1314 248 hieme,
1348 201 1462 253 quae
1494 187 1708 252 proxime
1732 188 1934 256 Augusti
1966 190 2154 244 obitum

50 262 199 312 secuta
217 258 308 317 est,
343 253 675 314 Cur·o,-itidem
699 254 874 300 Po‘e'tae
896 255 944 311 ἠὲ,
980 253 1152 299 missam
1178 257 1203 298 a
1229 254 1413 300 Nostro
1441 251 1598 313 fuisse,
1632 256 1679 301 id
1703 258 1796 316 est,
1829 258 1903 303 vel
1934 273 2053 306 anno
2083 259 2155 306 su-

47 327 225 391 periore
248 321 506 379 desinente,
540 318 615 367 vel
641 318 734 366 hoc
763 318 1043 382 incipiente,
1076 317 1203 381 quod
1231 319 1378 381 magis·
1399 318 1514 364 mihi
1539 316 1706 382 placet.
1778 321 1875 368 Vix
1898 323 2021 367 enim
2051 325 2156 371 Na-

48 392 96 440 so
119 402 194 438 tot
218 388 433 434 Carmina
457 384 506 431 &
529 384 696 431 Latine
721 383 769 430 &2
792 383 964 431 Getice
985 398 1167 429 exarare
1190 395 1296 429 ante
1322 383 1562 446 superioris
1592 387 1697 431 anni
1733 384 1873 434 finem
1910 387 2154 449 potuisset,

49 466 165 519 quot
186 466 290 499 ante
315 451 515 499 vidimus
547 449 604 496 ab
635 464 687 495 ea
710 448 998 512 conscripta,
1031 462 1085 494 ex
1112 465 1207 511 quo
1235 460 1453 506 noverat,
1488 450 1749 513 Augustum
1777 450 2027 510 decessisse,
2062 451 2156 499 scil.

0 564 1 576 ,
48 521 102 567 ab
125 530 322 565 excunte
345 515 609 563 citissimum
626 515 866 576 Septembri.
903 515 1138 560 Praeterea
1160 526 1318 561 monet
1333 515 1550 561 Severum
1565 516 1772 579 Epistola
1798 517 1863 565 ΙΙ.
1883 516 1925 563 se
1945 516 2015 563 his
2037 529 2156 564 tem-

49 583 236 648 poribus
260 584 401 628 rarius
422 597 555 645 quam
579 592 684 627 ante
705 577 948 641 scripfiffe3
986 593 1099 624 vers.
1119 592 1280 641 23-30.

174 649 257 696 Du
278 651 446 694 venium
460 646 574 708 faffi²
587 667 603 702 3
627 645 781 706 studiis
805 659 957 704 quoque
967 641 1125 703 fruenu
1148 647 1305 706 remiſs:

239 714 428 759 Ducitur
454 713 508 764 &²
533 712 672 772 dignis
697 708 847 755 littera
871 724 966 754 rara
987 713 1111 766 meis,
1146 708 1240 755 &a

109 778 174 824 ΙΙ.
211 778 472 825 AESTATE
506 790 617 821 vero
643 771 831 836 hujusce
859 772 966 818 anni
992 772 1120 818 Naso
1143 773 1371 835 Epistolum
1395 775 1457 821 X.
1477 773 1678 838 ejusdem
1698 775 1835 825 Libri
1861 775 1953 826 IV.
1977 777 2157 839 Albimq

43 858 153 890 vano
175 845 335 890 Pedoni
359 841 396 902 †
417 839 572 898 dedit,
607 854 714 885 cum
742 836 804 884 fic
826 836 1122 884 exordiatur:

172 908 272 956 Hic
297 907 401 954 mihi
428 907 647 951 Cimmerio
663 903 733 949 bis
755 903 891 949 tertia
911 904 1077 949 ducitur
1101 902 1239 950 aestas

238 975 429 1029 Littoie,
457 971 617 1030 pellitos
646 971 755 1015 iuter
776 967 952 1030 agenda
975 969 1118 1014 Getas.

43 1035 233 1085 Scilicet
257 1035 456 1084 Ovidius
480 1050 599 1081 anno
624 1033 687 1080 U.
703 1032 760 1078 C.
776 1032 1091 1080 DCCLXIl.
1124 1033 1179 1080 ad
1209 1032 1351 1080 finem
1374 1044 1612 1094 vertente,
1646 1045 1700 1082 ut
1720 1033 1852 1099 supra
1873 1035 2153 1085 demonstra-

41 1102 216 1160 vimus,
251 1104 451 1164 relegutus
475 1100 570 1157 est,
607 1097 810 1162 adeoque
821 1097 949 1161 ſsxtu
983 1098 1039 1145 ab
1075 1098 1167 1146 hoc
1199 1100 1401 1146 termino
1422 1101 1552 1162 aestus
1578 1101 1626 1146 in
1661 1100 1866 1147 medium
1890 1118 2061 1149 annum
2086 1101 2158 1150 U.'

42 1165 520 1214 C.DCCL>4V111.
553 1162 798 1211 certiffime
833 1163 970 1209 cadit.
1040 1163 1137 1211 Sub
1172 1165 1358 1212 initium
1385 1181 1496 1213 vero
1531 1166 1698 1227 aestatis
1730 1182 1780 1212 ea
1815 1165 1944 1213 fuisse
1977 1166 2154 1214 calamo

41 1232 253 1277 mandata
275 1230 440 1278 exinde
463 1228 704 1288 discimus,
741 1227 868 1292 quod
891 1227 1071 1274 Noster
1092 1229 1238 1290 dicit,
1259 1231 1430 1294 ftxtum
1464 1232 1642 1278 hancce
1671 1230 1896 1292 aestatem,
1930 1247 2043 1295 quae
2067 1229 2156 1294 ipfi

42 1306 141 1342 tum
167 1296 446 1354 ducebatur,
480 1296 679 1358 agendum
704 1293 789 1341 fibi
812 1295 932 1341 inter
951 1293 1096 1341 Getas
1125 1295 1226 1342 esse.

44 1514 230 1564 Amo
275 1482 904 1597 82}AEY·.¹5;.?a”iissX¹X·

189 1666 257 1714 T.
291 1666 629 1716 STATILIO
663 1667 946 1728 TAURO,
980 1668 1040 1715 L.
1077 1666 1468 1717 SCRIBONIO
1503 1664 1777 1714 LIBONE
1812 1663 1997 1714 COSS.

39 1783 79 1833 I.
104 1785 368 1897 NULm
394 1800 715 1851 praeterquam
740 1789 850 1835 huic
873 1803 992 1835 anno
1016 1787 1274 1853 assignanda
1296 1788 1422 1835 venit
1445 1786 1628 1848 Epistola
1641 1786 1727 1833 IX.
1749 1784 1947 1833 Lib.IV.
1971 1801 2020 1830 ex
2035 1783 2159 1832 Pon-⁷

254 1863 324 1911 to,
358 1869 493 1915 quam
520 1853 723 1901 Ovidius
745 1855 944 1900 Gruecmo
966 1853 1158 1901 Consuli
1182 1855 1230 1901 in
1254 1854 1554 1918 posteriorem
1576 1854 1681 1899 anni
1704 1864 1879 1913 partem
1913 1848 2154 1912 designato

40 1914 191 1974 milit,
224 1930 448 1980 exoptans
479 1931 533 1964 ut
569 1934 621 1964 ea
655 1918 803 1981 posset
832 1921 1037 1966 Romam
1068 1932 1172 1966 ante
1204 1920 1390 1978 venire,
1426 1934 1564 1981 quam
1600 1917 1676 1964 ille
1699 1916 1857 1965 Fasces
1892 1914 2156 1963 assumsisset:

40 1978 338 2038 Consulares,
373 1997 484 2028 vers.
514 1989 609 2041 3—6.

168 2045 382 2108 Miffizque
408 2046 479 2092 Di
489 2046 662 2106 fuciunt
683 2050 899 2094 Auroram
921 2059 1107 2094 occurrat
1131 2049 1191 2094 ucl
1207 2051 1351 2108 illam,

231 2112 312 2156 Bis
318 2110 439 2172 st‘nos
462 2109 620 2158 Fasces
647 2129 749 2173 quae
769 2115 849 2159 tibi
872 2130 1017 2176 prima
1039 2113 1181 2159 dabit.

169 2176 259 2233 Ut,
292 2178 482 2236 quonium
499 2181 583 2235 fine
606 2193 667 2223 me
686 2189 826 2240 tanges
850 2180 1058 2238 Capitolia
1093 2177 1338 2237 CONSUL,

232 2241 293 2286 Et
306 2241 418 2302 fiam
438 2241 585 2286 turbae
598 2255 700 2302 pars
726 2258 792 2303 ego
815 2245 928 2289 nullu
951 2254 1074 2298 tuue3

169 2306 221 2351 In
250 2307 422 2351 Domini
434 2304 587 2368 subeut
602 2318 774 2366 partes,
810 2308 864 2360 {9³
879 2307 1057 2368 praestet
1077 2309 1202 2353 cimici

233 2370 429 2429 Officium
439 2370 551 2432 juſj'o
573 2373 715 2418 littera
740 2373 876 2434 nostru
897 2373 976 2418 die.

41 2432 222 2480 Deinde
245 2448 450 2498 tempus,
491 2453 583 2500 quo
609 2438 835 2484 Graecinus
859 2435 1035 2483 Consul
1064 2435 1246 2484 futurus
1270 2448 1394 2495 erat,
1430 2447 1557 2500 patet
1584 2450 1641 2482 ex
1667 2450 1782 2485 vers.
1813 2440 1981 2496 57-60.

167 2501 319 2547 Altera
343 2503 553 2559 laetitiae,
589 2518 656 2548 uec
681 2503 817 2549 cedens
837 2504 974 2563 cuuffiz
992 2505 1151 2563 priori,

235 2566 475 2612 Successor
495 2570 607 2613 temti
631 2566 770 2614 frater
797 2569 956 2615 horroris
976 2571 1068 2613 erit.

166 2631 290 2677 Num
312 2633 391 2678 tibi
411 2631 597 2678 finitum
620 2632 826 2692 summo,
864 2635 1087 2692 Graecine,
1123 2634 1414 2679 DECEMBm

235 2696 488 2758 Imperium
509 2731 524 2756 ,
551 2698 677 2758 JANI
701 2698 874 2761 suscipit
896 2700 963 2744 ille
985 2697 1085 2757 die,
1120 2697 1213 2745 &c.

39 2756 285 2820 Significat
308 2776 474 2825 nempe
502 2764 676 2823 Poeta,
712 2766 962 2811 Graecinum
983 2761 1239 2810 Consulatu
1273 2761 1539 2809 funEturum
1566 2759 1621 2808 ad
1648 2759 1788 2808 finem
1812 2758 1952 2823 usque
1977 2758 2157 2806 Decem-

39 2823 122 2869 bris
144 2821 299 2882 fuisse,
336 2841 540 2886 moxque
554 2828 741 2889 fratrem
767 2830 988 2877 Kalendis
1015 2830 1241 2888 Juuuuriis
1262 2829 1302 2873 ei
1327 2827 1650 2874 successurum.
1706 2827 1858 2872 Frater
1880 2839 2032 2871 autem
2056 2826 2153 2887 ejus

35 2885 216 2939 *ovidio
249 2888 420 2936 dicitur
444 2891 687 2940 FLAccus
722 2912 836 2942 vers.
863 2902 942 2949 69.
966 2909 1048 2954 75.
1084 2896 1161 2958 qui
1188 2895 1355 2940 merito
1388 2892 1536 2940 doffleis
1571 2890 1889 2953 compluribus
1919 2891 2025 2936 viris
2054 2892 2154 2952 jam

38 2948 212 2999 dudum
237 2953 354 3002 visus
376 2955 440 3000 est
467 2956 522 3001 L.
542 2957 965 3008 POMPONIUS
987 2959 1305 3007 FLACCUS
1328 2960 1432 3005 anni
1457 2959 1661 3022 proximi
1690 2955 1752 3004 U.
1768 2955 1825 3002 C.
1844 2954 2153 3002 DCCLXX.

44 3012 490 3067 Consul-ordinarius
514 3021 562 3066 in
587 3022 730 3069 Fastis
768 3023 982 3088 signatus.
1053 3025 1184 3072 Alius
1214 3024 1400 3089 quidem
1425 3026 1595 3072 Flaccus
1616 3020 1921 3069 Consulatum
1942 3037 2062 3068 anno
2085 3019 2152 3130 g.

98 3142 119 3166 *
145 3142 247 3208 Viqe
265 3148 355 3189 ibid.
376 3162 477 3190 vers.
504 3164 536 3192 1=
560 3163 621 3190 1¹·
638 3163 699 3192 12·
724 3163 773 3204 43
804 3152 868 3201 46.
897 3165 943 3193 ac
965 3152 1085 3204 Epist.
1109 3153 1234 3195 XVI.
1254 3165 1357 3196 vers.
1377 3163 1413 3207 7.
1436 3151 1475 3196 8.
1501 3152 1610 3195 unde
1629 3152 1779 3207 liquet,
1803 3151 1959 3197 Carum
1978 3149 2029 3192 de
2044 3118 2151 3199 Hem

49 3191 126 3232 cule
139 3194 289 3242 Poema
313 3203 519 3255 scripsisse,
552 3214 670 3255 atque
692 3204 874 3245 Nasonis
892 3206 1074 3248 sodalem
1098 3207 1228 3251 fuisse.

100 3253 120 3299 †
146 3247 182 3291 Is
201 3261 296 3297 tunc
319 3259 512 3311 temporis
533 3253 717 3312 Thesstda
739 3259 961 3315 condebat,
990 3274 1092 3303 vers.
1121 3272 1167 3315 71
1192 3262 1255 3314 76.
