2547 3708
715 164 774 220 P.
847 160 1260 219 OVIDH
1330 158 1870 221 NASONIS

534 262 723 334 thue
750 278 935 332 parum
963 259 1106 322 miti,
1146 258 1236 312 sed
1265 276 1376 314 non
1404 263 1624 332 impune
1652 260 2034 327 Prometheus,

607 337 796 390 Aerias
822 335 1063 387 volucres
1092 332 1343 403 sanguine
1368 332 1504 387 fixus
1531 334 1647 387 alas.
1949 358 1951 361 ·

392 426 494 483 295
537 410 648 463 Aut
681 408 822 463 velut
849 404 1160 470 EtracideS,
1199 423 1397 478 magno
1426 420 1507 460 ter
1535 405 1599 458 ab
1623 404 1869 462 Hercule
1892 407 2137 480 quintu3‚

300 624 385 667 287.
413 623 596 673 Esumma
625 621 796 673 Theffalus
818 619 935 670 Offae]
966 625 1018 657 De
1032 620 1172 668 summo
1199 630 1289 669 qua-

246 681 333 713 tuor
353 675 467 723 scripti
492 677 526 712 &
551 675 688 720 primae
708 674 902 711 editiones.
932 671 979 709 fic
1002 673 1144 709 Met.x.
1164 677 1290 707 Oetam

246 726 300 763 bis
323 726 523 763 masculino
542 736 676 772 genere
706 725 818 767 dixit,
847 732 885 760 ut
916 725 953 760 in
979 723 1129 771 optimis
1150 722 1197 759 est
1219 734 1284 758 co-

248 776 401 814 dicibus.
429 778 466 813 &
487 786 566 813 tum
590 775 632 812 τὸ
656 789 749 812 mons
775 774 1061 822 subintelligitur.
1090 773 1136 810 fic
1153 772 1285 820 othrys

249 827 345 874 apud
378 827 539 864 Graecos
573 827 768 863 foeminini
796 824 938 874 generis
968 825 1016 861 est
1037 851 1048 869 ,
1095 823 1285 861 masculini

247 877 343 964 {pud
367 879 571 915 Romanos.
624 877 771 915 Herus.
799 882 851 913 De
865 878 1008 925 summa
1036 875 1126 913 duo.
1157 874 1233 912 vid.
1255 885 1288 912 X.

276 928 345 964 det.
362 932 442 976 πός.

303 977 389 1026 289.
419 983 499 1016 Aut
519 977 616 1016 velut
646 977 829 1027 Euryale]
860 977 1038 1026 Euryalus
1068 976 1152 1014 Ioni
1172 974 1288 1020 filius,

248 1029 335 1077 quia
356 1028 465 1067 filiam
487 1030 586 1067 suam
610 1030 765 1076 stuprare
787 1029 904 1066 voluit
919 1057 927 1071 ,
954 1027 974 1065 a
999 1027 1220 1076 serpentibus
1232 1026 1294 1064 ab·

249 1082 414 1128 sumptus
434 1081 502 1125 est,
530 1081 632 1129 quod
656 1079 754 1117 idem
778 1079 902 1117 Gallus
927 1079 1052 1117 canit:

300 1144 433 1181 sonides
454 1143 507 1179 uti
524 1140 657 1191 cupiens
671 1149 730 1188 pro
748 1141 882 1188 conjuge
903 1151 990 1177 nata
1004 1168 1014 1185 ‚

353 1195 480 1231 Vinum
504 1196 604 1240 causa
615 1193 691 1237 sm:
705 1219 715 1236 ‚
743 1191 913 1239 anguibus
935 1192 1005 1240 esca
1028 1192 1148 1230 datur.

247 1274 494 1313 INTERPRES.
521 1273 628 1311 Gallo
642 1271 771 1311 itidem
797 1271 989 1319 indignum
1012 1271 1205 1309 distichon.
1232 1269 1294 1309 In·

245 1333 385 1374 terpres
423 1325 517 1374 apud
539 1325 732 1362 Zarottum
749 1351 759 1367 ,
788 1335 910 1370 neque
934 1323 1033 1359 enim
1058 1323 1177 1360 codex
1189 1333 1295 1360 meus

248 1377 324 1414 hoc
344 1377 474 1420 habet,
502 1375 703 1424 Euryalum
738 1372 900 1411 Theffali
922 1371 1161 1411 successorem
1184 1372 1292 1422 figni-

247 1426 348 1464 ficari
365 1427 506 1471 scribit,
528 1428 591 1475 qui
617 1437 700 1463 cum
726 1426 931 1462 inferorum
965 1423 1135 1461 sacrificia
1165 1424 1292 1473 negle-

247 1476 374 1522 xisset,
404 1481 447 1515 ab
467 1478 642 1526 anguibus
656 1476 908 1514 Eumenidum
924 1474 1120 1512 devoratus
1140 1474 1191 1512 fit.
1233 1475 1290 1510 U-

247 1535 425 1578 trumque
450 1528 524 1566 fine
554 1528 721 1566 authore.
775 1527 878 1565 Nihil
908 1527 1000 1564 mihi
1029 1524 1218 1575 praeterea
1237 1525 1292 1563 le—

249 1579 349 1617 &tum
371 1579 467 1627 apud
487 1588 628 1616 veteres
642 1606 652 1623 ‚
672 1577 774 1627 quod
792 1578 979 1616 huicloco
1001 1578 1059 1613 fax
1083 1577 1152 1614 efle
1173 1576 1293 1624 poffit.

246 1630 449 1669 SALVAGN.
503 1630 646 1667 Lucem
667 1630 752 1667 huic
771 1629 860 1666 loco
877 1627 1077 1665 adfundere
1095 1628 1294 1666 Palmerius

244 1691 399 1720 conatus
429 1681 478 1719 est
501 1681 697 1718 Exercitatt
745 1680 789 1717 ad
812 1680 1012 1727 Scriptores
1050 1679 1224 1717 Graecos.
1254 1691 1289 1728 p.

247 1743 334 1781 373.
362 1733 422 1770 ubi
446 1744 490 1770 ex
512 1731 709 1769 Pausaniae
729 1731 789 1768 lib.
811 1743 856 1768 11.
879 1742 937 1779 30.
966 1729 1094 1778 probat
1109 1757 1118 1773 ‚
1146 1729 1285 1778 Eurya-

247 1783 327 1821 lum
370 1781 474 1821 fuisse
510 1790 672 1820 tutorem
701 1783 885 1831 Cyanippi
916 1782 1006 1828 regis
1036 1781 1287 1828 Argivorum,

248 1834 312 1882 qui
345 1834 557 1883 Cyanippus
590 1833 652 1869 hic
671 1833 884 1881 intelligitur
904 1859 913 1875 ‚
955 1833 993 1868 ὅ(
1014 1832 1075 1881 qui
1101 1831 1175 1868 fine
1194 1832 1290 1869 libris

247 1884 363 1928 obiit,
390 1884 477 1921 teste
506 1883 651 1921 Pausan.
678 1882 764 1920 ibid.
790 1894 866 1930 cap.
892 1881 949 1919 18.
977 1891 1138 1919 mortem
1164 1891 1288 1920 autem

249 1935 575 1973 extraordinariam
610 1934 672 1971 hic
701 1934 804 1970 innui
837 1945 856 1970 a
897 1932 1046 1970 Nasone
1077 1941 1199 1980 putat:
1230 1933 1290 1970 sed

247 1986 393 2024 turbant
423 1985 554 2028 verba,
583 1996 670 2022 nam
697 1983 722 2020 fi
742 1984 785 2021 ab
805 1983 965 2031 Euryalo
995 1991 1119 2021 tutore
1137 1995 1293 2032 regnum

247 2035 389 2084 accepit
413 2035 640 2084 Cyanippus,
660 2034 845 2071 intricatus
865 2034 924 2071 ille
951 2034 1045 2070 ordo
1067 2033 1262 2072 verborum
1279 2063 1290 2079 ‚

248 2087 311 2136 qui
328 2091 496 2134 [ceptrum
522 2085 666 2133 Euryale
687 2085 768 2131 cepit
794 2085 837 2120 ab
866 2083 948 2127 illo,
977 2095 1061 2121 cum
1085 2083 1215 2122 debeat
1236 2086 1294 2121 ille

250 2137 404 2185 intelligi
439 2137 528 2174 alius
562 2145 672 2183 atque
698 2135 887 2182 Euryalus.
915 2134 1062 2172 codices
1093 2145 1183 2172 vero
1220 2136 1293 2173 hoc

250 2189 457 2225 innomine
482 2187 723 2224 vehementer
744 2187 904 2225 variant,
935 2184 1099 2226 Euriboi‚
1127 2185 1262 2221 Eurioli
1281 2213 1292 2230 ‚

249 2238 391 2280 Eriloci‚
407 2237 554 2280 Eridani,
571 2236 731 2279 Aureoli,
750 2234 872 2277 Erieli,
888 2234 1032 2270 Eurilici
1046 2262 1055 2277 ‚
1071 2234 1204 2271 Eruloci
1217 2236 1289 2272 &c.

249 2289 437 2326 habentes.
476 2287 573 2325 Vide
596 2287 815 2335 Catalogum
866 2285 1165 2333 Argonautarum
1205 2294 1289 2323 ante

251 2340 390 2376 Valerii
412 2338 530 2376 Flacci
560 2338 809 2385 Argonautica
836 2336 872 2373 in
897 2335 1061 2384 Euryalo.
1089 2336 1181 2372 haec
1198 2347 1289 2374 vero

252 2389 467 2438 explicanda
495 2389 719 2426 felicioribus
740 2388 1000 2435 relinquamus.
1031 2385 1159 2423 ssmm.

303 2452 388 2488 291.
420 2439 475 2477 Vel
493 2451 556 2476 tua
576 2438 768 2486 maturet]
800 2439 926 2476 Minos
949 2437 1153 2474 Daedalum
1176 2438 1211 2475 in
1236 2437 1290 2476 Si-

253 2492 375 2529 ciliam
398 2489 500 2528 classe
523 2491 729 2539 persecutus
755 2489 776 2527 a
799 2489 930 2526 Cocali
948 2488 1085 2525 filiabus
1104 2500 1196 2538 aqua
1219 2489 1290 2526 fer-

251 2551 367 2580 vente
390 2541 507 2579 subito
530 2542 735 2590 refrigerata
759 2540 1065 2588 perfususinteriit
1080 2568 1088 2581 ‚
1118 2549 1157 2577 ut
1172 2540 1292 2578 scribit

252 2593 413 2631 Ioannes
445 2593 604 2630 Tzetzes
633 2591 798 2628 chiliade
820 2605 846 2629 1.
874 2590 948 2627 hist.
976 2601 1029 2639 ²9·
1071 2601 1147 2627 rem
1171 2591 1292 2630 ἀλλη-

253 2645 396 2688 γορικῶς
425 2654 624 2690 exponens.
677 2642 866 2680 Zenobius
897 2642 1035 2679 calidae
1057 2640 1143 2678 loco
1168 2643 1289 2689 picem

253 2695 407 2732 infusam
428 2695 548 2731 tradit.
600 2693 714 2730 Paulo
742 2693 842 2729 aliter
865 2693 1052 2730 Diodorus
1080 2692 1139 2729 lib.
1160 2704 1213 2728 1v.
1232 2692 1291 2729 Bi-

254 2744 381 2782 blioth.
410 2745 550 2781 Verum
570 2745 780 2781 Athenaeus
809 2745 906 2780 lib.1.
936 2743 1188 2789 Deipnosoph.
1210 2755 1289 2790 cap.

256 2795 294 2832 8.
318 2795 419 2842 prisci
442 2797 555 2832 moris
577 2793 678 2831 fuiffe
699 2794 830 2836 tradit,
859 2803 897 2830 ut
921 2794 1093 2830 honestae
1124 2795 1293 2841 Virgines

257 2845 535 2883 advenientium
548 2845 731 2892 hospitum
745 2844 1038 2892 pedeslavarent>
1049 2846 1293 2892 quamobrem

261 2896 390 2933 Cocali
410 2895 495 2933 filias
523 2896 717 2933 occasione
745 2896 875 2942 publici
900 2896 1013 2932 moris
1041 2896 1114 2931 usas
1133 2895 1227 2937 elle,
1255 2904 1294 2933 ut

257 2946 393 2984 Minoa
412 2946 668 2983 interficerent.
723 2947 852 2982 Obiter
874 2949 983 2982 etiam
1012 2947 1151 2982 Minois
1173 2958 1191 2982 a
1216 2947 1289 2982 Co-

260 2998 327 3035 cali
347 2995 483 3033 filiabus
503 2997 610 3033 occisi
627 2998 827 3033 meminere
842 2997 980 3032 (Ionon
993 2997 1085 3041 apud
1104 2997 1290 3041 photium,

260 3049 402 3086 Narrat.
417 3060 477 3083 xv.
505 3047 738 3083 l’auilmiasin
757 3047 940 3090 Achaicis,
955 3047 1056 3083 Silius
1079 3047 1290 3083 [talicuslib.

259 3112 329 3138 xiv
367 3097 539 3134 Eusebius
563 3098 598 3133 in
629 3097 818 3134 chronicis.
873 3098 980 3134 Nulla
998 3108 1119 3134 aurem
1145 3099 1288 3134 mentio

262 3148 391 3186 Cocali
416 3147 566 3185 filiarum
601 3149 694 3196 apud
718 3148 955 3184 Herodotum
979 3162 1016 3184 sn
1038 3147 1265 3196 Polyhymnia
1281 3176 1290 3191 ,

264 3202 301 3237 fx
324 3200 552 3236 Plutarchum
576 3198 612 3234 in
645 3198 762 3246 Thefto
782 3227 791 3242 ,
829 3198 970 3235 tametsi
1004 3199 1159 3235 Minoae
1180 3200 1298 3236 caedis

264 3251 583 3291 nwidirnmemor.
610 3250 724 3288 Porro
736 3251 1007 3298 marterar‘efata
1019 3249 1157 3290 dietum
1172 3276 1183 3296 ‚
1203 3260 1298 3299 quo-v

2243 482 2386 539 Cae·-

1345 618 1466 656 modo
1512 629 1693 657 maturare
1737 629 1883 657 mortem
1929 621 2025 669 apud
2072 622 2295 663 Ciceronem
2321 632 2385 673 pro

1344 668 1531 714 Cluentio,
1574 670 1771 709 AEmilium
1808 671 1967 709 Probum
1997 672 2035 709 in
2065 674 2233 713 Chabria.
2288 677 2384 714 Item

1345 730 1527 758 maturare
1554 734 1668 759 necem
1694 723 1791 771 apud
1821 723 2022 761 Horatium
2058 724 2144 763 Ode
2166 738 2198 772 7.
2236 726 2296 764 lib.
2320 739 2386 766 ιη.

1340 770 1544 812 SALVAGN.

1393 834 1480 872 293.
1508 829 1618 872 thue
1632 831 1761 871 parum
1785 823 1921 876 mitis.]
1950 826 2193 864 Prometheus
2221 828 2386 868 Caucaso

1346 874 1496 917 affixus,
1526 876 1588 912 ubi
1606 875 1710 921 jecur
1739 875 1816 924 ejus
1844 886 2023 924 perpetuo
2043 881 2231 915 renascens
2251 881 2388 928 Aquila

1347 924 1549 972 depascitur
1570 952 1580 968 ,
1614 925 1717 973 quod
1735 926 1869 973 ignem
1894 926 1915 964 a
1948 928 2037 965 love
2067 929 2292 967 occultatum
2308 931 2389 968 sub-

1348 974 1525 1019 duxiffet,
1555 977 1592 1012 δε
1613 975 1828 1014 hominibus
1850 977 2087 1017 distribuisset.
2141 980 2275 1018 Fabula
2297 991 2387 1021 nota

1348 1038 1393 1064 ex
1416 1025 1583 1063 Hesiodo
1600 1053 1609 1069 ,
1638 1026 1824 1075 Aeschylo
1848 1055 1859 1072 ,
1899 1029 1937 1066 &
1964 1030 2037 1067 aliis
2062 1031 2199 1078 paffim.
2254 1033 2389 1071 Parum

1348 1077 1448 1166 milt'ils
1467 1077 1510 1114 ab
1532 1077 1677 1116 Ovidio
1694 1077 1850 1123 dicitur,
1878 1080 1977 1128 quia,
1992 1089 2030 1118 ut
2051 1082 2099 1119 ait
2114 1083 2290 1123 Horatius
2301 1083 2390 1124 Ode

1353 1136 1386 1176 3.
1414 1140 1423 1166 1
1452 1141 1503 1167 .1.

1456 1199 1528 1246 Post
1547 1199 1657 1249 ignem
1675 1201 1828 1240 aetheria
1848 1202 1948 1239 domo

1404 1249 1617 1289 Subdue‘tum
1632 1279 1642 1296 ‚
1685 1254 1808 1291 macies
1841 1267 1883 1295 ω’
1901 1267 1995 1291 nova
2010 1253 2162 1302 febrium

1462 1304 1572 1340 Terris
1593 1303 1737 1341 incubat
1759 1305 1872 1342 cohors
1885 1332 1896 1347 ,

1401 1354 1594 1402 semotique
1610 1354 1706 1402 prius
1725 1358 1831 1393 tarda
1851 1354 2015 1403 neceffitas

1450 1404 1550 1441 Lethi
1572 1405 1731 1454 corripnit
1747 1407 1912 1456 gradum.

1348 1471 1514 1511 Sanetius
1554 1473 1753 1521 legendum
1797 1481 1931 1522 purat,
1972 1484 2101 1525 parum
2136 1479 2271 1524 μῆτις,
2309 1490 2390 1520 non

1348 1524 1467 1569 mitis,
1496 1524 1532 1562 id
1551 1524 1620 1569 est,
1648 1537 1774 1573 parum
1797 1525 1977 1573 prudens,
2005 1538 2066 1565 aut
2087 1541 2214 1577 parum
2235 1531 2391 1570 Prome-

1347 1575 1463 1611 theus.
1501 1575 1652 1622 Μήτιμα
1676 1578 1776 1614 enim
1799 1577 1893 1623 apud
1912 1577 2074 1615 Graecos
2098 1581 2141 1617 ess
2166 1581 2358 1620 consilium
2374 1611 2387 1630 ‚

1349 1625 1563 1673 prudentia,
1595 1627 1814 1665 consultatio
1835 1654 1845 1668 ‚
1861 1628 2047 1675 &Jupiter
2066 1629 2170 1679 saepe
2190 1631 2286 1679 apud
2305 1634 2393 1671 Ho-

1351 1687 1495 1713 merum
1521 1686 1674 1715 vocatur
1705 1680 1871 1717 Μητιέτκ
1899 1678 2001 1720 Ζεύς.
2054 1680 2123 1719 Sed
2151 1682 2226 1719 hoc
2253 1683 2391 1724 Sanetii

1345 1728 1513 1774 putidum
1543 1728 1612 1771 est,
1641 1730 1680 1766 &
1709 1728 1887 1774 Φορτικόν.
1943 1730 2084 1768 Verum
2118 1732 2154 1769 hi
2176 1732 2250 1769 duo
2271 1734 2391 1772 Naso-

1345 1779 1401 1815 nis
1424 1779 1544 1816 versus
1566 1780 1801 1827 expungendi
1836 1780 1926 1817 mihi
1958 1780 2130 1819 videntur
2147 1811 2157 1827 ,
2184 1792 2262 1821 tum
2285 1784 2391 1834 quod

1346 1829 1471 1866 absunt
1491 1829 1510 1866 a
1543 1830 1766 1868 membranis
1799 1831 2112 1870 San-Victorianis
2131 1835 2299 1881 optimae
2318 1848 2393 1874 no-

1345 1887 1404 1916 tae
1428 1907 1445 1936 ‚*
1476 1888 1554 1918 tum
1587 1881 1689 1929 quod
1723 1881 1854 1919 eadem
1875 1882 2095 1930 imprecatio
2116 1886 2291 1932 repetitur
2315 1887 2392 1926 ele-

1347 1940 1490 1977 gantius
1518 1932 1560 1969 ad
1592 1932 1734 1969 versum
1758 1945 1838 1980 545.
1868 1932 2038 1972 SALVAG.
2075 1935 2196 1972 Scribe
2215 1936 2322 1982 miti,
2349 1939 2391 1976 δε

1349 1982 1443 2018 refer
1469 1982 1514 2019 ad
1546 1983 1588 2019 τὸ
1613 1983 1796 2031 sanguine.
1824 1983 1967 2020 Herus.
1997 1986 2060 2033 qui
2084 1986 2193 2022 etiam
2219 1997 2306 2024 orae
2327 1988 2391 2027 ad-

1347 2032 1528 2079 scripserat
1548 2033 1617 2079 legi
1640 2032 1739 2080 posse
1753 2060 1762 2076 ,
1792 2039 1902 2081 thue
1917 2044 2042 2082 parum
2058 2046 2209 2073 metuens
2223 2065 2232 2081 ‚
2247 2038 2392 2084 sednon

1349 2081 1460 2130 impu-e
1481 2110 1490 2126 ‚
1528 2084 1667 2119 deorum
1682 2110 1691 2126 ‚
1721 2092 1760 2121 ut
1784 2084 2003 2123 Prometheus
2024 2086 2065 2123 fit
2095 2099 2141 2123 ex
2160 2085 2287 2134 glossa.
2316 2102 2390 2126 me-

1349 2142 1449 2170 tuens
1464 2143 1539 2171 erat
1559 2135 1595 2171 in
1609 2146 1685 2171 uno
1705 2133 1857 2172 Heinfii.
1872 2143 1999 2181 parum
2014 2135 2106 2181 fidus
2119 2136 2288 2174 Francof.
2308 2151 2391 2176 mu-

1349 2184 1396 2220 tis
1433 2185 1585 2221 Moreti.
1612 2196 1703 2219 mox
1731 2211 1740 2225 ,
1781 2182 1900 2220 arbore
1922 2183 2012 2227 fixus
2046 2185 2186 2223 Sarrav.
2213 2190 2390 2237 sanguino

1342 2234 1441 2282 pasce
1464 2243 1522 2268 tuo
1550 2243 1722 2280 quatuor.
1750 2241 1879 2280 corpore
1892 2233 1987 2281 pasce
2000 2245 2058 2271 tuo
2085 2236 2172 2274 due.

1398 2294 1482 2331 295.
1513 2287 1592 2319 Aut
1617 2282 1715 2318 velut
1745 2284 1962 2334 Etrecides.]
2000 2285 2209 2332 Etracides‚
2237 2291 2390 2337 quintus

1347 2333 1513 2371 decimus
1542 2335 1585 2371 ab
1615 2333 1801 2371 Hercule.
1831 2332 1851 2370 a
1874 2335 2045 2382 Spadone
2067 2365 2077 2380 ,
2107 2338 2164 2375 cui
2182 2333 2302 2378 'virilia
2326 2343 2390 2379 ab-

1347 2384 1520 2441 sciderat,
1550 2386 1587 2422 in
1618 2395 1718 2422 mare
1744 2385 1953 2434 projeetus,
1981 2388 2082 2436 quod
2103 2390 2219 2437 tangit
2239 2390 2390 2440 Dem02

1347 2445 1479 2474 crltus:

1400 2503 1595 2540 Herculides
1613 2503 1753 2540 cuidam
1771 2503 1941 2553 genitalia
1961 2507 2117 2544 membra
2138 2508 2282 2554 recidit,

1449 2555 1615 2603 Sciljaque
1635 2555 1791 2592 membra
1813 2559 1898 2595 necis
1919 2562 2020 2605 causa
2031 2564 2132 2603 suere
2144 2557 2224 2608 fibi.

1348 2640 1592 2679 Instemus.
1630 2641 1717 2690 quid
1750 2642 1869 2679 falsius
1900 2640 2123 2678 authoritate
2157 2638 2391 2688 Democriti;

1346 2693 1433 2739 quid
1463 2691 1622 2730 insulsius
1652 2693 1715 2729 illo
1740 2691 1922 2729 disticho?
1959 2691 2146 2736 Johannes
2177 2691 2389 2742 l-lartungus

1349 2742 1529 2788 praeclare
1550 2744 1595 2780 de
1627 2744 1699 2779 hoc
1727 2743 1816 2780 loco
1848 2743 1907 2779 sibl
1934 2742 2083 2778 meritus
2103 2741 2269 2787 videtur,
2299 2756 2388 2783 cum

1350 2795 1507 2831 Decuria
1525 2806 1568 2829 rr.
1598 2805 1722 2838 cap.7.
1747 2795 1779 2834 §.
1803 2807 1835 2830 z.
1863 2791 1978 2839 ipsum
2013 2793 2166 2837 exponit
2210 2793 2284 2830 hoc
2305 2807 2389 2833 mo-

1348 2844 1421 2888 do,
1450 2845 1554 2888 <Quod
1578 2847 1702 2879 Po'e'ma
1729 2844 1884 2880 omnium
1918 2841 2178 2887 obscuriffimzem
2198 2843 2262 2889 est,
2288 2846 2389 2882 Scho-

1349 2894 1513 2943 liographi
1531 2896 1615 2929 mire
1638 2895 1931 2941 tergiversantur,
1963 2906 2067 2939 neque
2089 2893 2263 2941 explicant
2283 2898 2317 2945 se
2331 2906 2389 2931 ta-

1350 2959 1450 2987 men,
1479 2944 1644 2993 qmdstt‚
1674 2945 1764 2991 qemi
1785 2946 1856 2987 zie,
1890 2943 2072 2980 Autvclut
2092 2943 2290 2981 Atracides.
2321 2947 2387 2982 Hic

1349 2998 1433 3033 dum
1465 2996 1613 3044 afferunt
1642 2996 1828 3043 portentossz
1859 2993 2031 3043 quaedam
2071 2995 2267 3040 interpretes
2301 2996 2390 3041 alii,

1347 3048 1471 3096 reliqui
1491 3045 1595 3092 diffim
1626 3047 1735 3081 lantes
1769 3055 1952 3081 transeunt
1977 3072 1986 3087 ‚
2022 3043 2112 3078 nihil
2130 3043 2214 3079 lucis
2244 3047 2391 3086 accedit.

1349 3098 1404 3144 1st
1421 3109 1537 3134 autem
1558 3097 1612 3132 ille
1641 3096 1819 3131 Atracides
1830 3102 2004 3137 Caeneus,
2033 3092 2094 3135 qui
2111 3093 2262 3131 decimus
2281 3098 2390 3146 qain-

1346 3158 1401 3185 tus
1419 3149 1484 3194 pail
1520 3148 1689 3183 Herculem
1723 3148 1890 3182 recitatur
1916 3146 2007 3181 inter
2032 3142 2258 3189 αὐτόχειρας.
2313 3154 2389 3194 Hy-
2410 3175 2424 3188 ,

1351 3200 1449 3246 ginns
1462 3199 1700 3245 enimsedecim
1714 3208 1892 3233 enumerat
1905 3223 1912 3237 ‚
1936 3193 1996 3237 qui
2007 3192 2178 3230 violemus
2191 3208 2315 3232 manus
2326 3196 2388 3241 sibi

1354 3250 1552 3289 intulerunt
1574 3276 1585 3295 ‚
1625 3250 1665 3286 de
1683 3248 1806 3299 quibus
1837 3246 1992 3296 Hyginus
2015 3255 2094 3296 cap.
2112 3255 2200 3295 242.
2230 3249 2388 3297 consula-

2313 3308 2390 3344 gur,
