2547 3708
728 112 1460 174 PERJ.MASSON.
2050 131 2139 185 103

108 220 258 286 Igitur
279 212 459 272 Vallcy’us
483 209 729 257 Paterculus
753 206 878 254 testis
903 205 1117 252 oculatus
1151 221 1258 251 cum
1282 206 1395 254 Lib.
1421 207 1487 253 11.
1513 204 1575 251 C.
1603 218 1709 267 104.
1742 207 1979 267 narrasset,
2013 207 2053 255 se
2085 209 2143 255 ab

43 286 285 349 adoptione
309 276 461 326 fiberii
483 275 665 321 miffum
689 288 795 318 cum
820 287 876 317 eo
896 269 1183 317 PraefeEtum
1207 271 1433 334 Equitum
1457 271 1504 316 in
1519 270 1848 331 Germaniam,
1884 273 2141 320 coelestiffi-

44 364 223 399 morum
246 349 342 406 ejus
367 356 588 405 operum,
615 352 690 398 per
712 352 838 383 annos
861 339 1063 382 continuos
1094 350 1268 394 novem,
1305 336 1603 398 spectatorem
1631 336 1678 382 ὅ(
1702 336 1962 399 adjutorem
1989 337 2141 384 fuisse:

44 413 200 463 deinde
225 425 323 472 cap.
355 421 456 454 121.
488 403 674 461 scribit,
708 401 954 448 Tiberium
983 415 1040 446 ex
1076 398 1391 446 Germaniam
1419 402 1573 447 Urbem
1602 402 1841 464 reversum,
1861 401 1959 462 jam
1983 404 2145 461 pridem

0 501 1 504 ¹
43 481 242 534 debitum,
262 473 342 537 de
359 472 656 518 continuatione
676 469 868 513 bellorum
886 467 1064 512 dilutum
1077 497 1092 521 ,
1126 481 1175 510 ex
1186 466 1419 512 Pannoniis
1429 465 1726 528 Dalmatisqite
1743 467 1858 528 egiſjc}
1876 467 2148 525 triumphum.

47 544 124 590 isti
149 554 301 586 autem
325 552 467 583 novem
488 536 616 591 anui,
652 531 708 577 ab
732 547 852 577 anno
872 530 937 578 U.
959 529 1018 575 C.
1045 528 1184 575 DCC
1195 529 1353 576 LVII.
1377 530 1424 575 ὃς
1445 530 1631 593 quidem
1656 532 1714 578 V.
1730 532 1832 577 Kal.
1846 532 2017 591 Julius,
2053 546 2146 593 quo

43 608 116 653 die
139 604 357 652 Tiberius
379 601 435 647 ab
460 596 676 662 Augusto
700 595 790 642 fuit
815 595 1075 657 adoptatus,
1116 593 1329 653 deducii,
1364 594 1397 641 fi
1420 595 1619 642 labentes
1639 594 1861 641 duntaxat
1887 596 2150 658 intelligan-

43 686 145 730 tur,
178 685 232 716 ut
256 669 388 731 plane
408 663 588 727 judicio
614 661 689 706 Cl.
713 661 918 706 virorum
945 658 1146 714 debent3
1180 659 1292 705 hinc
1318 659 1493 705 necesse
1528 661 1643 718 erit,
1679 673 1731 706 ut
1755 660 2048 723 Triumphus
2074 659 2151 706 ille

46 738 137 782 hoc
167 750 286 781 anno
315 732 378 778 U.
402 731 460 776 C.
487 724 797 776 DCCLXV.
825 726 918 787 jam
944 723 1105 769 adulto
1129 722 1176 769 &
1199 722 1254 770 ad
1278 722 1418 769 finem
1440 737 1658 787 vergente
1679 724 1840 771 duetus
1867 724 1934 772 fit.

109 799 185 846 Cl.
211 796 467 846 Bucherius
491 794 551 851 (a)
575 791 675 836 illos
695 805 837 835 novem
863 804 988 835 annos
1011 788 1157 833 veluti
1180 788 1382 834 labentes
1405 788 1654 848 assumens,
1689 790 1869 836 eosdem
1895 789 1950 836 ad
1971 789 2150 835 sextum

45 877 124 912 aut
146 865 360 928 quintum
386 856 584 906 mensem
612 866 885 918 promovet,
919 867 1057 915 atque
1082 853 1274 914 proinde
1299 853 1512 916 colligit,
1546 855 1868 917 Triumphum
1905 855 2036 901 illum
2072 856 2154 901 vix

45 943 151 976 ante
175 925 479 974 Decembrem
512 933 590 966 aut
613 917 937 966 Novembrem
965 916 1154 981 hujusce
1186 919 1290 963 anni
1327 918 1526 980 potuiffe
1560 918 1681 965 duci.
1750 920 1877 966 Alibi
1907 920 1973 981 (b)
1999 932 2155 965 tamen

46 992 253 1040 observat
269 1024 283 1048 ,
317 988 543 1036 Ovidium
567 985 617 1030 in
629 983 886 1046 Triumphi
909 981 1216 1044 descriptione
1243 998 1431 1041 canere,
1465 982 1715 1046 platearum
1729 984 1842 1046 saxu
1868 983 2066 1030 silicesve
2088 1000 2156 1030 7²0-

46 1062 152 1106 ratis
174 1053 369 1116 erubuiffiae
388 1056 484 1113 rofis
506 1053 587 1113 (c).
621 1047 763 1096 Unde
787 1047 872 1111 ipsi
894 1047 1106 1106 videtur,
1123 1048 1174 1096 V
1167 1064 1311 1095 eruum
1323 1048 1478 1110 saltem
1499 1052 1599 1096 unni
1620 1060 1801 1111 tempus,
1811 1053 1855 1111 β
1878 1066 1956 1096 nou
1979 1049 2155 1107 AEsta-

47 1126 132 1182 tis,
155 1122 265 1184 stitis
283 1120 473 1167 indicari.
1358 1155 1359 1158 ,
1983 1158 1986 1159 ⁷

115 1187 294 1235 Verum
325 1199 363 1230 1.
389 1179 506 1229 nihil
526 1178 590 1226 est
614 1177 814 1238 necesse,
847 1189 899 1225 ut
925 1177 1155 1226 Ovidium
1189 1176 1301 1224 adeo
1330 1177 1480 1225 strffi'ce
1509 1177 1566 1224 de
1590 1182 1687 1239 rofis
1718 1177 1852 1241 ipfis,
1884 1178 1957 1225 vel
1981 1179 2159 1236 vernis,

52 1252 124 1300 vel
144 1250 349 1308 aestivis,
384 1248 768 1308 interpretemur3
806 1259 913 1289 cum
939 1241 1077 1307 poffit
1107 1242 1165 1288 de
1186 1243 1368 1303 floribus
1403 1245 1447 1289 in
1479 1258 1647 1307 genere
1679 1243 1906 1306 intelligi,
1941 1242 2159 1306 quemad-

51 1315 242 1364 modum
268 1312 411 1386 Trist.
433 1311 545 1359 Lib.
571 1310 661 1357 IV.
687 1307 763 1355 El.
785 1309 851 1355 ΙΙ.
871 1307 928 1354 de
952 1307 1226 1371 Triumpho
1242 1342 1258 1368 ,
1293 1325 1432 1372 quem
1463 1310 1520 1354 de
1543 1308 1794 1356 Germania
1831 1307 2164 1370 augurabatur,

51 1396 243 1439 canens,
277 1391 341 1425 ait
367 1392 481 1425 vers.
503 1390 585 1437 47.
614 1390 692 1436 50.

176 1447 268 1494 Hos
278 1443 406 1505 super
427 1445 471 1488 in
491 1456 615 1488 curru
628 1473 644 1498 ,
679 1438 832 1502 Caesizr
845 1472 862 1498 ,
893 1441 1050 1485 viuere
1072 1439 1233 1486 veheris

244 1511 487 1570 Purpureus
506 1508 648 1568 populi
668 1507 749 1551 rite
765 1518 841 1565 per
862 1521 935 1551 ora
956 1507 1047 1563 tui,

181 1576 363 1642 ¹Quaque
383 1574 463 1620 ibis
484 1572 673 1618 munibus
697 1570 1041 1630 circumplaudere
1062 1579 1228 1616 tuorum
1239 1590 1256 1625 3

248 1641 438 1700 Undique
447 1637 615 1698 juduto
638 1635 756 1682 flore
777 1645 930 1698 tegente
953 1637 1062 1681 vius.

58 1722 102 1754 2.
135 1705 270 1765 Rosue
292 1704 481 1751 fuerunt
508 1718 606 1749 non
630 1699 773 1747 modo
796 1715 960 1747 vernae
982 1715 1035 1747 ac
1063 1698 1279 1758 aestivae,
1312 1697 1387 1745 sed
1411 1697 1459 1744 &2
1481 1698 1703 1756 hibernae,
1735 1711 1848 1760 quae
1872 1697 1945 1744 vel
1972 1713 2028 1744 ex
2054 1697 2169 1744 AE-

24 1817 41 1822 ,,
57 1784 209 1836 gypto
235 1769 570 1826 afferebantur,
604 1766 679 1813 vel
700 1767 748 1812 in
771 1766 864 1828 ipsa
887 1764 1022 1812 Urbe
1036 1766 1197 1812 Roma
1218 1764 1558 1823 educabantur,
1591 1764 1662 1817 uti
1683 1764 1757 1809 vel
1780 1777 1837 1808 ex
1858 1762 2068 1810 M‘urtiuli
2091 1778 2170 1825 pa-

58 1850 128 1883 tet
152 1835 362 1882 Lib.lV.
387 1830 973 1897 Epig.XX1X.Lib.VI.
997 1830 1372 1893 Epig.-LXXX.
1397 1827 1880 1891 &LinXilLEpig
1898 1826 2170 1874 CXXVII.

124 1902 364 1946 Praeterea
387 1899 508 1944 aliud
538 1907 867 1960 argumentum
884 1929 900 1954 ,
935 1911 1029 1959 quo
1053 1896 1287 1942 Bucherius
1310 1894 1376 1955 (d)
1401 1893 1493 1958 ipse
1514 1892 1770 1956 Triumphi
1795 1908 1964 1938 annum
1998 1891 2174 1938 confir-

63 1977 189 2021 mat,
223 1963 345 2010 illam
369 1977 555 2026 quoque
575 1962 668 2007 loci
691 1959 913 2007 Ovidiani
937 1961 1365 2022 interpretationem
1393 1958 1634 2004 convellit.
1669 1957 2051 2015 „Germanicum
2070 1989 2084 2014 ,
2106 1956 2169 2001 ait

62 2063 97 2090 „
132 2028 208 2075 (ΣΙ.
232 2029 305 2074 vir
320 2062 336 2087 ‚
369 2025 548 2073 nonnisi
572 2031 712 2071 exuc‘z‘o
736 2024 944 2086 consulatu
980 2029 1135 2086 (quem
1159 2023 1252 2069 scil.
1280 2023 1372 2069 hoc
1395 2039 1514 2068 anno
1535 2022 1740 2085 gerebat)
1777 2022 1824 2067 in
1837 2020 2036 2067 Galliam
2052 2021 2178 2066 Ger-

63 2128 98 2154 „
134 2094 390 2140 maniamve
414 2091 653 2154 Belgicam
685 2089 741 2136 ab
765 2088 978 2153 Augusto
1000 2087 1220 2146 missum,
1253 2087 1401 2133 afferit
1436 2087 1684 2133 Suetonius
1711 2085 1863 2150 Calig.
1887 2085 2004 2146 Cap.
2027 2085 2176 2132 VIII.

65 2193 99 2219 „
134 2157 372 2218 Qiorsum
395 2170 489 2203 tam.
511 2154 637 2200 sero?
674 2152 781 2200 Nifi
805 2152 929 2217 quod
950 2165 1050 2199 tum
1070 2153 1279 2216 primum
1302 2151 1519 2198 Tiberius
1541 2162 1568 2197 a
1588 2152 1836 2197 Germania
1859 2149 2053 2195 rediisset
2069 2181 2085 2207 ,
2119 2147 2179 2195 de

65 2258 100 2283 ,‚
132 2221 379 2271 Pannoniis
412 2217 728 2279 Dalmatisque
762 2217 949 2263 demum
981 2216 1301 2279 triumphasset
1324 2250 1340 2275 ,
1373 2215 1559 2278 ejusque
1588 2215 1831 2277 triumpho
1869 2214 2180 2260 Germanicus

66 2323 99 2348 „
134 2303 246 2335 tunc
273 2283 447 2332 Consul
467 2281 767 2340 interfuiffet,
803 2281 896 2328 &c.
969 2282 1079 2327 Nec
1104 2281 1204 2327 sane
1229 2281 1413 2327 videtur
1437 2280 1657 2327 Tiberius
1680 2279 1878 2342 potuiffe
1912 2280 2172 2325 exercitum

65 2355 112 2399 in
125 2353 374 2400 Germania
394 2347 660 2396 adhucdum
685 2346 934 2393 rebellante
958 2345 1050 2393 fine
1063 2347 1200 2393 Duce
1221 2345 1477 2410 relinquere
1500 2359 1741 2408 antequam
1766 2346 1921 2406 copias
1947 2346 1994 2389 in
2024 2343 2180 2389 hiber-

67 2434 124 2465 na
143 2416 412 2471 deduxisset.
521 2420 524 2424 ’

132 2482 344 2530 Tandem
380 2496 488 2526 cum
521 2477 722 2527 Ovidius
753 2475 972 2541 nusquam
1005 2475 1129 2523 istius
1152 2475 1411 2539 Triumphi
1443 2476 1708 2522 meminerit
1743 2476 1839 2520 Lib.
1864 2475 1902 2520 I.
1936 2469 2179 2531 eie-Ponto,

70 2563 206 2612 quem
228 2547 360 2609 supra
380 2545 581 2592 vidimus
605 2542 726 2590 haud
756 2555 862 2590 ante
896 2542 1142 2590 hibernum
1179 2542 1314 2604 hujus
1337 2541 1441 2587 anni
1466 2555 1648 2604 tempus
1673 2539 1849 2586 editum
1874 2538 2025 2585 fuiss'e:
2063 2539 2176 2583 hinc

72 2612 328 2674 comedim-e
350 2610 488 2670 licet,
523 2610 719 2656 Poetam
741 2609 821 2656 vix
847 2620 952 2665 ante
986 2607 1121 2670 hujus
1153 2606 1257 2652 anni
1294 2605 1434 2652 finem
1468 2605 1523 2651 de
1549 2606 1732 2652 Tiberii
1758 2603 2028 2666 Triumpho
2052 2601 2183 2647 audi-

71 2671 206 2735 viffe,
240 2691 378 2739 atque
401 2674 597 2739 proinde
619 2668 848 2720 huneviik
871 2685 977 2719 ante
1005 2671 1205 2718 hiemem
1231 2672 1316 2717 effe
1341 2670 1547 2716 duGtum.
1615 2668 1724 2716 Nisi
1756 2669 1989 2728 dicamus,
2026 2665 2185 2713 Naso-

74 2757 179 2788 nem
202 2740 312 2787 dum
336 2740 564 2803 Epistolas
586 2739 695 2785 Lib.
718 2739 756 2784 I.
793 2737 1066 2801 colligeret,
1100 2734 1288 2798 satisque
1307 2735 1362 2781 ad
1386 2735 1556 2797 justum
1578 2735 1801 2781 volumen
1834 2734 2048 2790 haberet,
2084 2730 2188 2776 illas.>

73 2806 128 2853 ad
149 2806 409 2869 sequentem
428 2805 597 2850 librum
620 2803 832 2862 servaffe,
866 2801 1031 2866 quibus
1052 2802 1100 2848 T
1106 2794 1388 2863 riumphum
1401 2799 1626 2846 laudabat.

140 2863 230 2918 IV.
266 2869 340 2916 Ut
365 2881 419 2914 ut
443 2867 529 2926 fit,
562 2884 670 2914 cum
700 2868 817 2914 nihil
851 2868 966 2914 certi
991 2867 1076 2912 hac
1102 2867 1149 2912 in
1171 2881 1217 2911 re
1248 2864 1440 2911 definire
1471 2866 1725 2921 valeamus,
1758 2861 1858 2909 satis
1882 2861 2021 2908 fuerit
2044 2873 2179 2906 autu-

79 2936 210 2982 mass‘e
237 2967 254 2994 ,
298 2932 496 2980 Poetam
528 2932 726 2993 potuisse
763 2931 1029 2979 citiffimum
1064 2929 1144 2977 sub
1177 2931 1314 2991 hujus
1351 2930 1457 2977 anni
1496 2930 1674 2975 exitum
1714 2942 1966 2974 memorare
1998 2925 2181 2972 Tiberii

79 2998 431 3063 Triumphum,
464 2995 725 3058 praesertim
745 2996 895 3058 Epist.
918 2998 957 3044 Ι.
982 2994 1090 3043 Lib.
1105 2995 1168 3042 ΙΙ.
1192 2996 1324 3042 Haec
1345 2996 1467 3043 enim
1487 2996 1653 3058 scripta
1673 2992 1855 3041 videtur
1878 2990 1956 3039 ubi
1978 2991 2184 3055 primum·-

79 3076 86 3081 ·
154 3098 168 3106 .
2124 3054 2189 3099 de·

73 3152 84 3167 .
131 3125 198 3176 (a)
217 3124 327 3180 Belg.
350 3124 532 3166 Roman.
553 3120 646 3163 Lib.
668 3120 740 3162 111.
761 3121 813 3162 C.
838 3134 875 3175 3.

141 3178 203 3228 (b)
225 3178 315 3220 Eod
352 3178 444 3219 Lib.
465 3177 516 3218 C.
543 3189 579 3220 2.
603 3177 639 3223 §.
656 3187 716 3230 ¹3·
736 3187 823 3228 pag.
850 3187 938 3229 ¹03·

144 3231 203 3279 (e)
232 3229 317 3272 Lib.
342 3232 395 3273 Π.
418 3243 467 3271 ex
486 3230 607 3271 Pont.
626 3228 700 3279 Ep.
724 3227 756 3268 Ι.
778 3239 879 3268 vers.
904 3229 966 3280 36.

141 3281 209 3334 (d)v
233 3281 343 3340 Beig.
367 3284 497 3327 Rom.
517 3281 610 3353 Lib.
630 3281 705 3324 ΠΙ.
722 3280 774 3323 C.
803 3293 838 3336 3.
863 3280 898 3331 5.
917 3280 957 3322 8.
