2547 3708
373 190 434 222 ες)
1166 167 1685 217 P.OV1D11

367 264 441 304 suo
472 274 587 317 ortu,
618 265 687 306 sua
717 264 922 310 doctrina,
952 264 1106 314 suoque
1138 261 1326 315 ingenio,
1353 271 1436 312 quo
1468 259 1570 300 alios
1601 258 1740 309 po'e'tas
1762 256 1953 309 superasse
1975 258 2217 311 affirmatur,
2249 260 2468 310 ΡΑΤΜΑΜ
2489 286 2512 294 ·«

366 317 514 369 ipsam,
548 332 648 371 quae
676 318 744 359 sua
774 318 1008 369 antiquitate
1039 316 1203 356 celebris
1225 315 1260 356 ἃ
1282 313 1538 372 illustris-est,
1569 312 1704 350 multo
1726 312 2015 362 celebriorem,
2044 316 2261 365 multoque
2281 316 2467 360 illustrio-

367 383 455 411 rem
475 371 656 412 reddidit.
713 372 850 424 Quare
863 373 886 411 fi
908 381 1079 410 conatus
1102 381 1243 418 meos,
1272 367 1622 419 diligentiamque,
1654 375 1733 423 qua
1753 363 1790 403 ἃ
1813 364 2053 414 Parium,
2082 365 2120 405 &
2139 365 2351 410 OV1D10M
2383 373 2468 424 (ab-

368 424 412 464 fit
437 424 627 476 jactantia
653 424 794 476 dieto)
826 423 1037 474 illustravi,
1066 423 1180 462 vobis
1202 431 1371 474 gratam,
1404 426 1447 457 ut
1466 416 1606 468 spere,
1636 417 2002 472 elie-cognover03
2029 430 2200 470 meaque
2221 433 2470 477 opera,qua·-

366 477 594 529 liscumque
625 477 757 518 futura
787 478 861 527 est,
891 477 948 517 uti
971 477 1140 527 voletis,
1170 486 1253 515 tarn
1273 473 1370 514 mibi
1391 480 1551 532 gratum
1572 479 1694 521 atque
1710 469 1942 531 jucundum
1962 470 2060 522 erit,
2089 475 2257 535 quamdi
2279 476 2365 526 quis
2384 490 2485 522 mae

363 531 472 570 xima
503 532 540 570 in
573 544 640 570 me
667 531 859 570 beneficia
890 529 1134 570 conttiliffet.
1194 529 1283 576 Ac,
1313 536 1510 576 quoniam
1536 523 1881 576 ,observationum
1913 536 2094 565 mearum
2123 536 2270 566 merito
2292 529 2474 582 superius·

362 584 618 624 mentionem
656 584 752 633 feci,
782 585 833 624 est
857 585 967 633 quod
990 581 1227 632 quibusdam
1247 581 1373 631 vulgo
1396 576 1600 628 quaefitis,
1629 576 1810 617 inanium
1829 577 2054 618 admodum
2074 578 2296 622 litterarum
2314 584 2469 634 persua-

361 636 473 677 fione
494 636 637 676 infiatis
658 649 704 676 ac
726 636 888 676 tumidis
902 665 913 685 ,
944 635 1235 684 summumque
1257 631 1297 672 in
1320 631 1507 671 Graecos
1529 629 1739 682 scriptores
1757 630 1899 670 odium
1919 631 2148 673 habentibus
2171 634 2372 678 filenrium
2393 638 2480 681 im-‘

359 701 535 740 ponam,
565 690 651 740 qui,
683 690 707 729 ii
730 689 824 740 quid
844 690 884 728 in
905 687 959 728 eis
979 688 1119 739 judicii
1137 686 1254 733 ess'et,
1283 697 1385 736 quae
1402 697 1425 724 a
1448 696 1516 723 me
1535 683 1585 723 ad
1603 695 1694 724 earn
1711 696 1798 724 rem
1819 684 2057 736 pertinentia
2079 695 2219 727 notata
2239 689 2351 741 sunt,
2378 703 2466 735 non

362 742 499 782 solum
530 743 754 794 improbare
787 755 872 782 uon
899 751 1161 786 conarentur,
1197 738 1264 780 sed
1282 740 1347 778 vel
1368 737 1480 777 inviti
1502 736 1670 777 summis
1693 738 1815 798 plane·
1831 737 2010 778 laudibus
2043 739 2184 790 (quod
2206 741 2379 795 respuo)
2409 746 2466 786 ef-

360 797 463 835 ferre
495 795 694 839 deberent.
751 794 865 848 Quid
894 795 1004 836 enim
1033 795 1182 847 quaeso
1204 791 1443 846 praeclarius
1476 790 1612 842 (idem
1630 790 1681 830 de
1702 791 1892 831 omnibus
1912 788 2097 832 vet’erum
2120 793 2336 836 auctorum
2357 798 2464 842 libris

357 848 575 888 dicendum
607 850 692 901 est)
722 862 744 889 a
773 850 865 889 viris
897 849 1081 903 singulari
1102 848 1248 888 virtute
1269 844 1476 899 praeditis,
1504 843 1616 895 quod
1636 844 1815 904 studioiis
1836 847 2037 896 majorem
2064 846 2202 887 afferat
2227 849 2469 905 utilitatem,

352 902 530 952 praestari
563 902 713 952 poten?
746 899 906 942 Nonne
934 903 974 942 in
1003 901 1238 953 antiquitate
1273 898 1525 940 emendanda
1540 906 1660 947 atque
1678 898 1909 939 illustranda
1928 900 2205 941 recentiorum
2227 903 2464 957 hominum,

354 955 421 1004 qui
445 955 655 995 clarissima
680 957 900 996 litterarum
923 957 1078 996 lumina
1103 956 1140 995 &
1159 954 1344 1004 fuerunt,
1374 952 1412 992 &
1434 952 1545 1002 sunt,
1575 950 1763 1008 Politiani
1779 981 1790 1000 ,
1809 949 1993 1011 Barbari,
2017 953 2151 1004 Pierii,
2173 953 2336 1008 Bembi,
2361 957 2462 1001 Pan·
2511 977 2517 981 ·

354 1008 525 1060 tagatbi,
553 1009 749 1058 Victorii,
776 1010 1012 1063 Augustini,
1043 1008 1249 1058 Manutii,
1278 1005 1433 1053 Sirleti,
1461 1004 1643 1053 Mureti,
1673 1003 1854 1055 Cujacii,
1885 1004 2066 1059 Sigonii,
2094 1007 2316 1061 Ciacconi,
2343 1009 2464 1053 Urfi-
2508 1027 2519 1046 ·-

352 1061 417 1109 ni,
447 1060 631 1114 Bargaei,
663 1062 803 1113 Statii,
836 1062 1013 1113 Gifanii,
1044 1062 1253 1109 Turnebi,
1284 1058 1494 1107 Lambini,
1524 1056 1737 1110 Scaligeri,
1769 1057 2050 1110 aliorumque,
2083 1073 2188 1112 quos
2209 1064 2384 1116 longum
2402 1065 2464 1107 sa-

350 1126 402 1153 ne
431 1113 523 1154 ess'et
553 1127 788 1156 enumerare
804 1147 815 1168 ,
845 1117 1050 1169 diligentia
1082 1115 1327 1156 &industria
1346 1115 1554 1153 collocata
1572 1111 1624 1152 est
1645 1110 1879 1171 praecipua?
1910 1111 2102 1163 Quorum
2123 1127 2190 1165 per
2210 1117 2388 1170 vestigia,
2418 1119 2464 1161 in.
2510 1118 2527 1133 ²

349 1167 488 1218 primis
519 1178 657 1209 autem
679 1169 858 1210 Manutii
892 1170 929 1210 &
952 1170 1133 1221 Mureti,
1163 1169 1231 1220 qui
1251 1170 1336 1220 jam
1368 1165 1565 1206 exhortati
1585 1176 1650 1205 me
1671 1166 1783 1210 sunt,
1813 1174 1856 1205 ut
1878 1164 1916 1204 id
1935 1177 2040 1205 onus
2062 1166 2328 1222 susciperem,
2358 1172 2457 1217 mihi
2510 1194 2517 1201 1

345 1233 502 1272 repere,
534 1233 732 1273 quantum
754 1236 867 1264 meae
900 1224 1001 1263 vires
1038 1223 1265 1275 patiuntur,
1290 1219 1516 1261 nonlicet?
1546 1231 1592 1259 ea
1611 1230 1707 1257 vero
1732 1218 1932 1280 quaeeipse
1952 1220 2125 1273 collegi,
2152 1235 2334 1274 quaeque
2351 1228 2462 1266 mul·
2510 1233 2512 1238 “

347 1283 392 1313 to
424 1276 711 1327 locupletiora,
741 1277 1041 1329 ¹illustrioraque
1061 1276 1235 1327 reddidi,
1259 1274 1348 1326 jam
1366 1274 1436 1321 iis,
1458 1285 1562 1324 quos
1584 1271 1713 1312 modo
1737 1272 1971 1323 nominavi,
2002 1271 2198 1315 Manutio
2221 1277 2257 1317 &
2281 1276 2462 1320 Mureto
2508 1300 2513 1303 ⁸
2546 1279 2547 1282 ’

342 1329 508 1378 probata
537 1329 641 1369 sunt.
702 1329 926 1381 Utriusque
954 1331 1071 1384 igitur
1102 1329 1296 1382 (quando
1318 1340 1368 1367 eo
1389 1327 1438 1367 ad
1460 1325 1692 1377 hujusmodi
1715 1325 1930 1387 bominum
1950 1327 2216 1388 temeritatem
2239 1340 2359 1382 atque
2381 1332 2458 1373 im-

345 1381 579 1431 pudentiam
611 1383 879 1424 cohibendam
912 1396 1013 1436 opus
1046 1384 1123 1424 effe
1151 1382 1368 1435 intelligo)
1400 1380 1438 1420 &
1467 1381 1585 1420 verba
1614 1379 1651 1420 &
1680 1379 1956 1419 testimonium
1986 1381 2218 1441 tubjiciam,
2247 1393 2292 1424 ut
2312 1396 2364 1426 ex
2385 1385 2459 1439 iis,

348 1434 490 1487 optimi
512 1435 630 1477 Cives
644 1468 655 1489 ,
684 1450 736 1478 an
757 1436 928 1479 studium
949 1450 1090 1480 meum
1113 1437 1253 1478 frustra
1274 1438 1316 1477 iit
1340 1435 1537 1487 positum,
1564 1445 1655 1486 prae
1676 1432 1838 1473 caeteris
1859 1433 2128 1487 cognoscatis.

1176 1504 1368 1546 Paurus
1390 1501 1670 1544 Manutius.

396 1567 564 1613 Lectis
595 1572 803 1626 diligenter
822 1575 860 1616 ἅ
880 1575 1111 1616 examinatis
1133 1574 1327 1615 Herculis
1348 1571 1513 1612 Ciofani
1535 1569 1841 1623 Sulmonenfis,
1871 1571 1911 1612 in
1935 1570 2074 1613 Ovidii
2097 1561 2452 1627 Metamorphoiin

341 1620 720 1678 Observationibus,
751 1629 803 1668 ita
834 1630 983 1681 statuo,
1013 1628 1218 1681 praestanti
1249 1626 1434 1667 doctrina
1463 1624 1625 1665 refertas
1651 1626 1750 1677 esse,
1777 1638 1824 1665 ex
1847 1624 2019 1677 Latinis,
2052 1625 2301 1678 Graecisque
2321 1630 2461 1681 po'e'tis-
2508 1647 2517 1656 Ξ
2541 1607 2546 1633 ’Δ

341 1678 559 1719 collectas:
590 1679 751 1732 scriptas
787 1691 923 1723 autem
945 1682 1096 1723 Latino
1130 1682 1317 1722 sermone
1348 1692 1476 1732 puro,
1506 1680 1700 1732 eleganti,
1737 1690 1903 1737 ornato:
1934 1688 1978 1718 ut
2008 1679 2141 1740 lector
2172 1681 2335 1722 summa
2355 1695 2455 1725 cum

338 1729 510 1770 utilitate
540 1744 624 1773 non
659 1735 912 1776 mediocrem
941 1749 1080 1788 capere
1115 1738 1370 1787 voluptatem
1390 1731 1519 1785 poffit.
1581 1732 1645 1776 De
1670 1732 1914 1783 quOJudicii
1938 1744 2016 1771 mei
2036 1733 2336 1783 testimonium,
2366 1748 2460 1777 non.

335 1792 420 1822 tam
452 1785 539 1835 ejus
573 1787 795 1839 amicitiae,
825 1802 927 1841 quae
958 1790 1055 1830 mihi
1075 1802 1172 1830 cum
1192 1788 1277 1841 ipso
1296 1788 1513 1827 CIOFANO
1535 1785 1766 1835 intercedit,
1796 1797 1920 1836 quam
1945 1786 2118 1826 veritatis
2142 1787 2289 1840 gratia,
2318 1798 2453 1830 extare

338 1837 476 1887 volui3
507 1838 674 1880 minime
694 1842 900 1895 dubitans,
930 1844 1027 1895 quin
1049 1855 1218 1892 omne8‚
1250 1841 1317 1893 qui
1336 1839 1441 1881 reete
1460 1841 1508 1880 de
1530 1840 1668 1879 litteris
1690 1838 1940 1888 existimant,
1971 1851 2135 1879 mecum
2156 1840 2341 1881 sentiant.

391 1889 460 1930 Μ.
483 1891 730 1936 ANTONJUS
755 1896 998 1938 MURETUS
1025 1897 1155 1946 idem,
1187 1895 1298 1946 quod
1319 1895 1464 1935 Paulus
1489 1891 1790 1943 Manutius,de
1813 1892 1869 1932 his
1896 1891 2258 1934 Observationibus
2275 1894 2448 1946 judico:

333 1952 454 1993 atque
473 1957 535 1984 eas
562 1948 739 1995 pluribus
760 1951 888 1990 verbis
912 1950 1137 2000 laudarem,
1167 1949 1236 1989 nili
1262 1948 1304 1987 in
1325 1948 1378 1988 eis
1399 1956 1481 1986 tam
1507 1946 1619 1997 saepe
1640 1946 1833 1986 laudarer.

388 1996 496 2036 illud
519 1998 539 2036 a
562 2000 674 2040 vobis
699 2002 820 2041 etiam
841 2013 960 2054 atque
981 2003 1102 2043 etiarn
1123 2011 1240 2055 pet0‚
1270 2011 1313 2041 ut
1339 2001 1549 2041 PATmAE
1570 1999 1902 2051 descriptionem,
1927 2012 2051 2051 quam
2072 2011 2183 2040 nunc
2203 1999 2335 2041 rursus
2357 2005 2449 2054 plu·
2508 1992 2512 1994 ⁷

333 2048 440 2089 ribus
472 2051 585 2100 auxi,
616 2053 728 2094 hilari
755 2056 895 2096 animo
924 2057 961 2096 &
993 2057 1108 2096 vultu
1137 2054 1354 2106 accipiatis.
1414 2054 1575 2101 valete,
1607 2065 1753 2103 meque
1784 2054 1947 2107 diligite.
1985 2065 2075 2096 xtt.
2095 2054 2185 2093 Kal.
2207 2052 2311 2104 Sept.
2334 2067 2454 2095 anno.

332 2103 382 2140 ab
402 2102 499 2142 orbe
516 2105 726 2157 redempto
747 2119 1092 2151 Cio‚D.LXXV111.
1119 2110 1167 2149 ab
1180 2107 1307 2151 Urbis
1322 2106 1494 2152 ROMAE
1516 2106 1739 2158 primordio
1762 2118 1872 2149 anno
1894 2117 2182 2149 cia.cia.ccc.
2200 2116 2304 2147 xxx.
2328 2119 2450 2149 rnen·

335 2155 436 2195 tibus
460 2167 518 2195 iv.
545 2158 584 2196 A
607 2169 825 2202 sur-mone
849 2175 945 2202 vero
973 2162 1146 2203 condito
1162 2173 1247 2204 cta.
1263 2173 1347 2204 cio.
1369 2160 1485 2213 sup‘ra
1506 2171 1633 2201 occ.

813 2275 1957 2327 HERCULISCIOFANI

469 2397 1400 2460 DESCRIPTIO
1512 2396 2306 2461 SULixtoNIS,

330 2544 394 2643 S
413 2542 583 2592 Uiruo,
610 2546 803 2588 Corfinio
837 2560 888 2586 00.
921 2548 1064 2589 abhinc
1084 2548 1219 2595 annis,
1248 2548 1284 2588 ὃτ
1309 2559 1359 2588 eo
1383 2545 1554 2597 amplius
1575 2545 1734 2598 diruto,
1764 2546 2028 2601 Pelignorum
2050 2547 2300 2602 Metropolis
2321 2549 2341 2590 a
2364 2550 2441 2593 So-

426 2609 551 2639 LYMO
573 2610 753 2641 AENEAE
777 2602 928 2642 comite
948 2602 985 2643 ὅ(
1007 2602 1193 2642 conditus
1215 2603 1253 2642 ὃς
1278 2600 1565 2642 denominatus
1586 2601 1661 2653 est,
1686 2611 1729 2642 ut
1749 2602 1906 2643 testatur
1925 2601 2099 2643 Ovidius
2123 2603 2189 2643 lib.
2218 2615 2279 2644 tv.
2301 2603 2442 2646 Fasto-
2504 2641 2508 2645 .

331 2665 448 2702 rum,
476 2665 568 2691 cum
590 2654 665 2694 ait:

517 2705 647 2758 Hsrjjm
669 2717 752 2746 erat
773 2708 939 2763 Solymus
961 2710 1135 2765 Phrygia
1153 2724 1269 2749 comes
1290 2722 1387 2749 unus
1411 2707 1457 2748 ab
1475 2706 1546 2748 Ida
1560 2739 1571 2760 ,

569 2761 606 2797 A
626 2774 695 2813 qno
715 2760 900 2801 Sulmonis
922 2765 1067 2802 moenia
1087 2778 1218 2803 nomen
1235 2762 1386 2805 habent.

331 2810 456 2862 Quod
486 2813 704 2853 confirmat
728 2813 847 2855 Silius
872 2815 1033 2857 Italicus
1057 2817 1122 2856 lib.
1152 2829 1208 2857 tx.
1241 2817 1306 2858 ubi
1336 2815 1514 2866 loquitur
1534 2816 1583 2856 de
1604 2815 1788 2868 Satrico,
1818 2816 1920 2858 Cive
1941 2816 2234 2869 Sulmonense‚
2264 2819 2332 2870 qui
2351 2820 2437 2872 pri-

329 2876 402 2903 mo
431 2866 541 2905 bello
561 2865 739 2911 Punico,
769 2880 878 2909 anno
910 2870 958 2909 ab
978 2882 1017 2910 v.
1044 2882 1082 2910 c.
1104 2881 1303 2911 CDxcvn.
1332 2882 1429 2910 cum
1451 2869 1518 2910 M.
1542 2871 1670 2910 Atilio
1694 2870 1857 2924 Regulo
1887 2871 1927 2911 in
1951 2871 2133 2912 Africam
2155 2872 2338 2923 trajecit,
2369 2886 2440 2915 ca--
2481 2889 2488 2899 ¹

329 2927 419 2969 ptus
449 2920 582 2969 postea
613 2932 709 2959 cum
730 2919 779 2960 R.
802 2924 978 2962 exercitu
1010 2923 1031 2962 a
1050 2922 1255 2975 Xantippo
1276 2923 1702 2964 Lacedaemoniorum
1735 2924 1861 2973 duce,
1894 2925 2227 2975 Autololumque
2248 2923 2346 2977 Regi
2378 2928 2442 2967 ob-

328 2969 520 3011 virtutem
542 2971 655 3012 dono
679 2973 814 3022 datus,
845 2975 1077 3016 servitutem
1098 2976 1297 3018 serviebat.
1338 2978 1372 3017 ls
1397 2975 1572 3017 Satricus
1595 2988 1806 3029 utramque
1829 2979 2008 3032 linguam
2030 2978 2067 3018 &
2088 2977 2275 3018 Latinam
2296 2979 2334 3019 <St
2356 2979 2433 3020 Pu-

329 3024 465 3065 nicam
497 3027 672 3075 callens,
702 3039 818 3079 cum,
849 3027 953 3068 duce
973 3028 1201 3070 Hannibale
1227 3031 1267 3070 in
1291 3030 1449 3070 Italiam
1480 3031 1681 3082 reversus,
1711 3031 1856 3083 patriae
1881 3031 2063 3072 visendae
2083 3030 2272 3081 cupidus,
2303 3030 2432 3073 Man-

329 3077 410 3117 cini
430 3077 517 3129 ejus
546 3079 642 3131 filii,
672 3092 794 3131 quem
813 3094 899 3122 non
919 3092 1059 3134 norat,
1090 3084 1210 3123 oceili
1241 3083 1305 3123 sibi
1327 3096 1438 3124 arma
1457 3083 1690 3134 adaptasset,
1723 3086 1770 3124 ab
1789 3086 1917 3125 altero
1939 3085 2071 3137 postea
2088 3082 2199 3132 filio,
2228 3084 2436 3137 Solymo,
2483 3080 2488 3089 ’

329 3130 397 3181 qui
431 3134 569 3184 paullo
600 3134 761 3185 propius
795 3135 960 3185 patriam
985 3137 1169 3177 excubias
1189 3136 1380 3188 faciebat,
1410 3150 1477 3188 per
1501 3150 1680 3179 errorem
1700 3137 1960 3187 interficitur,
1990 3136 2250 3188 moriensque
2270 3135 2451 3179 Roma-·

328 3195 407 3224 nos
428 3185 642 3237 admonet,
673 3197 715 3228 ut
736 3189 937 3238 proelium
959 3189 1156 3231 differant.
1213 3190 1354 3243 Quam
1375 3190 1537 3242 quidem
1559 3192 1885 3233 admonitionem
1902 3190 2122 3242 Solymus,
2160 3193 2214 3234 ob
2231 3191 2349 3244 patris
2371 3191 2436 3233 su?

330 3238 498 3282 eaedem·
513 3238 553 3280 se
573 3240 709 3294 ipsum
729 3241 989 3298 interimens,
1018 3244 1060 3286 in
1078 3246 1223 3299 clypeo
1246 3244 1434 3298 scriptam
1453 3245 1626 3298 reliquit.
1668 3245 1753 3289 Silii
1771 3247 1868 3288 haec
1887 3245 2007 3286 verba
2023 3243 2137 3285 sunt:
2325 3297 2371 3340 X

1422 3313 1428 3321 ·
2360 3312 2433 3340 an-

2532 2305 2547 2360 pl
