2547 3708
529 242 672 299 Bella
700 257 878 312 geram
905 253 1086 293 tecum
1104 276 1120 297 ,
1162 253 1262 291 nec
1287 251 1431 289 mors
1461 233 1590 288 mihi
1615 231 1762 287 finiet
1786 234 1917 297 iras,‚'
1954 264 1957 265 ν

612 316 772 368 Saeva
799 312 889 366 sed
914 313 968 365 in
994 327 1173 365 manes
1198 308 1440 364 manibus
1470 323 1612 360 arma
1639 305 1796 359 dabo.

544 388 707 441 Tunc
735 401 954 457 quoque
978 401 1101 438 curn
1130 383 1287 438 fuero
1310 397 1502 434 vacuas
1529 377 1754 449 dilapsus
1779 378 1834 431 in
1859 395 2030 442 aura3‚

615 458 886 513 Exanimis
913 474 1092 510 manes
1118 456 1296 510 oderit
1321 453 1505 507 umbra
1532 465 1668 505 tuos.

408 550 499 605 145
543 531 950 603 Tuncquoque
974 527 1234 582 factorum
1261 525 1473 580 veniam
1499 540 1710 578 memor
1737 523 1921 578 umbra
1945 537 2159 581 tuorum
2175 526 2194 588 ,’

619 605 865 676 Insequar
895 607 947 656 δε
973 602 1150 657 vultus
1174 599 1312 657 offea
1334 597 1507 653 forma
1533 610 1669 653 tuos,

210 172 279 220 40

313 876 464 892 ⁸¹³⁸-
493 872 544 906 Tu
572 872 714 909 Romule
733 871 892 922 Vestaque
911 870 1047 913 mater}

313 921 416 967 Quo
435 921 579 968 Tuscum
593 923 741 961 Tiberim
763 936 806 963 <7
824 930 979 961 Romana
992 921 1129 967 palatia
1137 921 1276 971 servasi

259 984 394 1021 Flavus
411 994 534 1042 autem
560 1015 571 1031 ,
599 996 650 1031 ‚ut
680 988 718 1026 &
740 988 801 1025 lib.
827 1000 861 1025 v.
894 987 1004 1026 Trist.
1027 988 1128 1038 Eleg.
1148 1001 1174 1026 1.
1202 990 1298 1036 Qot

257 1034 509 1092 flavas'Tibrts
528 1051 661 1076 arenas.
714 1038 927 1087 Quomodo
958 1039 1067 1076 etiarn
1103 1039 1234 1077 dicitur
1254 1039 1298 1076 ab

261 1086 424 1143 Horatio
446 1087 505 1125 lib.
528 1100 553 1125 1.
583 1089 668 1129 Ode
693 1099 724 1137 3.
752 1091 842 1130 item
858 1087 881 1128 ,Ξι
906 1089 1065 1137 Virgilio
1085 1090 1209 1129 libax.
1230 1089 1299 1127 AE-

257 1136 358 1174 ne1d.
397 1136 538 1176 Verum
562 1151 648 1178 curn
669 1140 837 1178 Tiberim
860 1140 1000 1178 constet
1020 1140 1214 1180 albicantes
1234 1141 1299 1178 ha·

258 1185 343 1224 bere
361 1198 481 1244 ’aquas
501 1216 511 1232 ‚
547 1201 591 1228 ex
616 1202 739 1240 eoque
762 1191 935 1228 Albulam
966 1190 1056 1229 olim
1090 1200 1294 1236 vocatum,

259 1248 337 1274 non
359 1239 550 1287 indignum
581 1240 651 1279 effe
679 1241 845 1290 quaesitu
873 1241 1015 1290 putavit
1039 1243 1126 1281 Adr„
1146 1242 1296 1281 Turne-

260 1287 326 1325 bus
344 1287 534 1344 Adversar.
556 1290 617 1330 lib.
638 1304 735 1330 xxix„
756 1304 833 1341 cap.
855 1302 892 1340 7.
919 1303 983 1332 ‚cur
1000 1291 1120 1336 flavus
1137 1293 1295 1342 appelle—

257 1346 341 1383 tur,
369 1351 405 1376 in
426 1351 502 1397 quo
521 1353 598 1380 non
628 1351 704 1380 tarn
733 1342 995 1382 attendendam
1029 1344 1200 1382 vocabuli
1220 1346 1297 1382 vim

257 1388 439 1445 quosdam
465 1399 513 1429 ait
531 1393 822 1443 censere‚quam
844 1394 1191 1443 transsumptionem
1220 1397 1298 1433 exi·

258 1439 476 1479 firmandam
492 1454 600 1497 :cum
621 1445 719 1483 enirn
739 1446 911 1486 homines
927 1444 1010 1482 flavi
1024 1446 1300 1494 pulcrividean-

259 1497 348 1547 turs,-
370 1502 415 1528 ex
449 1504 495 1531 eo
524 1495 651 1532 dicunt
679 1495 817 1533 factum
840 1494 910 1533 effe
933 1503 972 1533 ut
984 1494 1112 1543 flavus
1132 1497 1300 1545 pulcrum

260 1540 447 1598 significet.
497 1545 584 1592 Qua
613 1547 771 1584 notione
795 1546 966 1587 vCatullus
991 1559 999 1583 :
1035 1547 1168 1584 Flavus
1194 1561 1302 1597 qaam

262 1591 361 1653 mollox
374 1596 568 1641 praecurrit
588 1595 742 1646 flumine
765 1597 888 1636 Mella.
949 1597 1018 1635 Sed
1037 1599 1075 1636 δί
1099 1598 1304 1647 Hesychius

263 1641 386 1689 ξανθον
405 1671 416 1689 ,
450 1644 590 1692 flavum
612 1648 657 1691 >ὃς
682 1647 843 1696 pulcrum
872 1649 1150 1697 interpretatur:
1179 1650 1298 1687 verius

260 1701 386 1731 tamen
414 1695 595 1734 existimat
622 1697 672 1735 ob
699 1710 847 1736 arenam
882 1699 931 1739 ita
963 1699 1117 1744 vocari,
1144 1707 1184 1738 ut
1202 1700 1299 1748 apud

262 1744 462 1801 Maronem
480 1773 490 1790 ,
518 1758 561 1787 ω’
587 1748 705 1786 mesltd
723 1748 841 1793 flavus
856 1749 979 1787 arena.
1032 1749 1178 1789 Tiberis
1200 1758 1298 1788 certe

263 1796 418 1833 naturali
446 1796 509 1834 suo
540 1798 666 1836 colore
697 1799 817 1843 albus;
849 1800 986 1848 vulgari
1017 1802 1189 1843 omnium
1213 1801 1301 1849 Epi-

262 1846 368 1883 theto
391 1847 584 1892 caeruleus,
614 1858 762 1897 propter
792 1859 950 1894 terram,
982 1862 1093 1899 quarn
1127 1851 1216 1889 radit
1239 1852 1302 1889 fla-

263 1907 332 1953 vus
351 1897 471 1953 &len-i
487 1899 607 1946 pluvia
619 1900 783 1939 turbidus
805 1901 875 1944 est,
904 1908 944 1938 ut
963 1901 1048 1939 scite
1071 1902 1162 1940 dixit
1179 1903 1301 1941 Geor—

264 1958 344 1995 gius
363 1946 543 1986 Fabricius
560 1951 706 1987 Romae
719 1951 800 1989 suae
822 1962 899 1999 cap.
912 1963 964 1989 vi.
993 1952 1194 1992 SALVAGN.
1224 1954 1303 1992 Fla·-

265 2010 333 2034 vas
354 2010 463 2049 aquas
490 2011 583 2037 unus
602 2000 824 2038 Vaticanus.
851 2001 961 2039 reete.
996 2002 1033 2039 id
1054 2004 1154 2040 enim
1177 2016 1303 2053 perpe-

266 2056 373 2085 tuum
394 2049 535 2097 Tyberi
557 2051 602 2088 est
620 2051 825 2098 epitheton.
853 2062 976 2099 neque
996 2051 1097 2089 aliter
1119 2054 1306 2092 Maffeili-

267 2097 332 2135 ber
353 2125 363 2142 ,
392 2109 470 2147 quo
494 2100 572 2138 usus
605 2100 653 2138 est
676 2102 867 2138 Ciofanus.
902 2100 993 2138 Dixi
1016 2102 1116 2140 Met.
1146 2103 1206 2142 lib.
1228 2117 1308 2145 xxv,

266 2147 320 2191 fils.
339 2160 421 2196 447.
450 2149 596 2188 Hms.

316 2220 405 2258 142.
433 2217 476 2249 172
495 2212 654 2262 aranea]
693 2214 750 2251 Sic
772 2213 820 2251 est
839 2213 876 2253 in
898 2214 1032 2253 eodem
1054 2215 1158 2254 libro.
1178 2227 1307 2256 emen-

270 2261 368 2352 date?
396 2263 566 2303 CiorAN.
594 2266 765 2304 Immanis
786 2264 872 2304 editi
893 2267 1030 2315 priores
1051 2268 1088 2305 δὲ
1104 2266 1308 2316 scriptiali·

270 2324 349 2362 quo
370 2342 379 2353 .

333 2390 399 2426 142
429 2384 548 2419 Arma
570 2380 698 2431 daha]
751 2380 872 2421 Scribe
894 2407 904 2425 ‚
942 2380 1053 2420 dabis.
1082 2391 1182 2420 mors
1202 2383 1313 2421 nimi-

273 2441 369 2470 rum.
392 2431 656 2478 Bononienfis,
682 2431 830 2471 dabunt.
859 2435 1003 2470 HEINS.

331 2504 413 2542 143.
440 2498 535 2529 Tunc
562 2505 693 2544 quoque
719 2505 798 2530 cum
822 2493 922 2539 fuero
940 2505 1072 2531 vacuas
1101 2491 1250 2542 dilapsus
1276 2493 1315 2530 in

276 2543 412 2592 auras]
441 2543 497 2580 Ex
511 2554 640 2583 eorum
660 2543 852 2588 sententia,
864 2555 973 2592 quam
988 2544 1090 2583 Plato
1101 2545 1138 2582 in
1148 2544 1316 2582 Phaedo-

278 2604 325 2629 ne
347 2593 407 2631 sub
436 2593 587 2642 persona
619 2593 768 2632 Cebetis
798 2594 842 2632 ad
872 2595 1058 2633 Socratem
1090 2594 1315 2643 perstrinxit,

278 2654 355 2690 quo
375 2645 461 2681 loco
493 2644 631 2682 multos
661 2647 698 2681 in
728 2656 850 2682 errore
881 2646 1010 2683 versari
1040 2646 1149 2691 dicit,
1178 2654 1218 2683 ut
1239 2657 1315 2683 cre-

276 2692 363 2747 dant
381 2696 542 2732 animam
562 2696 612 2732 ita
629 2693 673 2732 ab
690 2696 904 2733 hominibus
923 2696 1058 2741 efflari,
1086 2705 1313 2743 uttanquam

281 2744 405 2781 fumus
425 2745 623 2788 dilabatur,
653 2744 755 2787 Εὑθῡς
770 2745 1094 2791 ἀπαλλαττομένη
1117 2750 1181 2784 τοῦ
1198 2748 1315 2791 σώμαι-

283 2806 343 2836 τος
356 2822 366 2838 ,
394 2796 533 2844 inquit,
563 2794 677 2839 ὥσπερ
704 2797 845 2840 πνεῦμα
865 2791 887 2836 ἢ
904 2799 1039 2839 καπνὸς
1055 2796 1314 2833 διασκεδασθεῖ-

277 2857 327 2901 cop
347 2844 896 2892 οἴχεται,ἕικπς-ομένκρδιαιὶγη
917 2848 934 2884 ἒ
954 2857 1082 2896 corpore
1092 2847 1210 2895 soluta
1223 2876 1232 2890 ‚
1247 2848 1313 2896 spi-

281 2906 371 2932 ritus
384 2923 395 2940 ,
421 2906 484 2932 aut
511 2896 604 2939 fumi
620 2896 730 2942 instar
749 2895 904 2944 dissipata
924 2898 998 2935 abit
1017 2898 1170 2936 evolans.
1204 2899 1317 2937 SALV-

280 2951 376 2993 Cum
398 2960 530 2984 vacuus
541 2950 643 2994 fuero
661 2946 736 2984 duo
754 2946 845 2984 libri.
872 2947 1022 2996 delapsus
1041 2957 1123 2986 tres.

327 3022 421 3073 '144
449 3012 600 3062 Merca]
646 3018 772 3050 Manes
792 3012 880 3052 editi
902 3012 1016 3059 olim,
1044 3014 1082 3052 &
1112 3015 1219 3054 multi
1235 3016 1319 3063 scrif

283 3074 350 3116 pti.

338 3143 420 3180 145.
450 3136 544 3169 Tunc
565 3143 695 3183 quoque
714 3130 893 3177 fastorum
920 3129 1065 3167 veniam
1085 3141 1214 3166 memor
1237 3143 1317 3167 um-

282 3181 344 3218 bra
361 3182 543 3233 tuorum]
593 3182 803 3220 Credebant
822 3180 996 3217 nimirum
1019 3180 1199 3218 ultionem
1221 3181 1318 3218 vitae

280 3232 754 3325 {zpeffiggfdgsuamomem
783 3230 885 3281 Dido
913 3230 1019 3281 apud,
1039 3229 1236 3281 Virgilium
1255 3230 1317 3281 lib3

2272 722 2392 779 Sive

1407 870 1456 902 Et
1473 877 1551 906 cum
1569 860 1699 911 frigida
1723 874 1814 898 mors
1832 861 1956 900 anima
1971 859 2149 906 seduxerit
2169 866 2291 900 artus,

1409 915 1580 953 Omnibus
1607 913 1731 951 umbra
1759 912 1835 952 locis
1864 913 1965 951 adero
1986 939 1997 958 ,
2032 911 2130 949 dabis
2161 907 2308 959 improbe
2322 909 2399 958 poe-J

1535 979 1611 1003 nas.

1353 1018 1532 1058 Horatius
1554 1015 1674 1065 Epod.
1691 1028 1728 1054 v.

1403 1079 1505 1127 {Qin
1532 1077 1591 1114 ubi
1606 1080 1716 1127 perire
1725 1078 1834 1127 jussus
1854 1078 2067 1129 exspiravere
2080 1106 2091 1124 ‚

1461 1132 1660 1167 Noc‘lurnus
1681 1142 1856 1166 occurram
1869 1132 1995 1176 furor3

1402 1186 1594 1228 Petamque
1614 1179 1738 1216 vultus
1755 1179 1880 1216 umbra
1902 1181 2019 1218 curvis
2036 1177 2232 1228 unguibus}

1457 1234 1560 1280 Qae
1581 1231 1636 1268 vis
1658 1236 1808 1268 Deorum
1827 1230 1870 1277 est
1892 1231 2070 1268 Manium.

1354 1295 1489 1343 Neque
1511 1307 1601 1333 vero
1622 1303 1765 1332 tantum
1786 1294 1881 1342 apud
1902 1294 2056 1339 Poe'tas,
2085 1293 2144 1331 sed
2164 1294 2274 1331 etiam
2295 1292 2394 1341 apud

1353 1346 1443 1383 alios
1465 1345 1663 1394 Scriptores
1683 1344 1898 1394 hujusmodi
1921 1346 2044 1382 minae
2063 1344 2144 1388 sunt
2164 1345 2374 1391 frequentes
2386 1342 2402 1379 :⁴

1356 1396 1495 1436 Seneca
1525 1399 1624 1434 enirn
1659 1407 1693 1445 3.
1722 1396 1906 1433 Controv.
1936 1397 1999 1432 Dii
2024 1408 2142 1432 manes
2164 1393 2287 1444 Popilii
2309 1392 2400 1440 senis

1357 1445 1469 1496 occist,
1496 1458 1540 1487 (φ
1559 1447 1694 1485 inultae
1712 1447 1821 1495 patris
1843 1446 1986 1483 umbrae
2003 1456 2034 1482 te
2050 1453 2313 1496 persequuntur.
2350 1444 2400 1481 Et

1358 1499 1609 1546 Quintilianus
1650 1498 1819 1535 Declam.
1843 1508 1925 1545 3¹4·
1960 1503 2048 1534 Sunt
2072 1496 2153 1532 illae
2183 1508 2284 1540 vero,
2309 1506 2400 1544 quae

1359 1559 1511 1586 extremo
1531 1548 1646 1598 miseri
1656 1549 1782 1598 spiritu
1800 1547 2016 1585 dicebamur,
2039 1546 2149 1583 Dabis
2172 1545 2282 1590 mihi,
2295 1544 2400 1593 scele-

1360 1610 1437 1637 rate
1449 1628 1459 1645 ‚
1475 1608 1617 1650 poenas,
1641 1599 1822 1649 persequar
1836 1598 2043 1648 quandoque
2062 1608 2104 1636 (9¹
2122 1609 2311 1633 occurram.
2339 1595 2401 1633 Sic

1357 1651 1552 1688 Cleonices
1578 1651 1791 1699 imaginem,
1811 1649 2022 1687 Pausaniam
2055 1647 2258 1685 occisorem
2281 1655 2402 1684 terro·

1356 1701 1451 1739 ribus
1481 1700 1622 1739 affid‘uis
1653 1699 1869 1749 perturbasse
1899 1699 2008 1737 tradit
2039 1698 2247 1736 Plutarchus
2260 1696 2323 1734 lib.
2352 1696 2400 1735 de

1356 1752 1430 1790 seta
1451 1753 1618 1790 ⁴numinis
1645 1750 1818 1789 vindicta.
1872 1750 1931 1788 Sic
1960 1750 2149 1798 Virginiae
2181 1758 2307 1785 manes
2336 1758 2401 1796 per

1357 1803 1493 1841 domos
1520 1802 1763 1851 >adpetendas
1789 1813 1932 1849 *poenas
1959 1808 2110 1848 vagatos
2129 1799 2247 1836 scribit
2268 1798 2399 1836 Livius

1356 1853 1415 1891 lib.
1439 1866 1503 1891 111.
1526 1854 1618 1891 Dec.
1639 1866 1667 1891 1.
1695 1853 1752 1890 Sic
1771 1853 1876 1890 Nero
1889 1850 1983 1889 visus
2006 1850 2054 1888 est
2074 1848 2246 1897 exagitari
2266 1856 2401 1885 mater-

1358 1904 1404 1942 na
1426 1904 1566 1953 specie,
1595 1911 1635 1942 ut
1655 1904 1852 1941 Suetonius
1883 1901 2054 1950 prodidit.
2097 1899 2214 1937 Parco
2242 1899 2401 1937 aliorum

1359 1955 1538 2004 exemplis
1553 1983 1564 1999 ‚
1590 1955 1678 2003 quin
1701 1954 1811 1991 etiarn
1833 1953 1938 1991 Plato
1957 1951 2104 1997 ·Dia1.9.
2124 1950 2169 1988 de
2185 1949 2314 1997 Legib.
2334 1951 2402 1995 ait,

1360 2006 1595 2043 interfectum
1617 2006 1653 2042 vi
1674 2005 1869 2041 hominem
1900 2003 2017 2040 statim
2048 2001 2126 2049 post
2148 2008 2310 2038 mortem
2329 2001 2402 2039 ira-

1361 2056 1432 2100 sci,
1460 2067 1501 2094 ac
1522 2064 1671 2104 propter
1692 2055 1896 2095 violentam
1915 2061 2076 2093 mortem
2098 2051 2306 2091 turbatione
2323 2051 2403 2098 ple-

1363 2118 1454 2150 num
1481 2134 1493 2154 ,
1530 2107 1692 2150 maxime
1732 2106 1758 2145 fi
1795 2106 1934 2144 occisor
1965 2102 2128 2152 praesens
2154 2102 2262 2141 fuerit
2283 2100 2402 2152 ipsum

1362 2166 1497 2197 terrere
1515 2168 1626 2205 atque
1644 2157 1798 2198 turbare.
1826 2156 1935 2191 Certe
1953 2154 2164 2201 sanguinem
2178 2153 2264 2200 ,qui
2285 2154 2323 2189 in
2334 2151 2405 2190 ho·

1363 2208 1464 2244 mine
1485 2207 1606 2244 occiso
1626 2205 1785 2249 refrixit,
1813 2205 1994 2254 planeque
2015 2203 2126 2240 fluere
2146 2202 2250 2241 desiit
2265 2230 2275 2246 ‚
2301 2201 2326 2238 fi
2347 2202 2405 2241 in·

1362 2264 1416 2296 tra
1436 2258 1577 2307 aliquot
1597 2258 1703 2295 horas
1727 2256 1940 2294 interfector
1961 2253 2133 2296 accedat,
2157 2252 2177 2290 ὲ
2194 2252 2404 2292 vulneribus

1366 2309 1556 2346 dimanare
1584 2308 1767 2357 frequenti
1790 2306 2014 2355 experientia
2040 2303 2324 2354 comprobatum
2345 2304 2409 2342 est.

1366 2359 1568 2398 Sat-vaes.
1595 2365 1760 2396 Fatorum
1779 2358 1948 2395 Francos.

1421 2410 1506 2460 146.
1536 2412 1698 2460 Insequar
1717 2419 1760 2449 ξφ
1780 2409 1902 2445 villius
1922 2408 2002 2459 offea
2017 2409 2136 2455 forma
2155 2404 2270 2455 moin]
2310 2406 2407 2456 Offea

1363 2464 1503 2511 forma,
1517 2460 1837 2512 quemadmodum
1859 2461 1955 2508 apud
1969 2458 2167 2510 Virgil.lib.
2186 2470 2245 2494 111.
2258 2455 2410 2496 AEneid.

1372 2519 1477 2550 Cava
1487 2514 1554 2562 sub
1572 2512 1722 2561 imagine
1736 2511 1873 2559 formae
1886 2538 1897 2554 ,
1923 2509 2027 2559 quod
2050 2509 2223 2546 Homero
2242 2506 2406 2553 εἴδωλον,

1372 2564 1535 2612 Euripidi
1549 2560 1752 2611 Φοίντιισμοι
1770 2560 1923 2605 dicitur,
1945 2560 2039 2609 Caj0
2059 2559 2194 2596 Mattio
2214 2556 2309 2605 apud
2319 2555 2411 2593 Gel-

1371 2615 1463 2652 lium
1479 2642 1488 2659 ,
1502 2615 1619 2664 speciei
1630 2612 1875 2663 simulacrum.
1896 2611 1937 2648 In
1951 2609 2127 2659 aliquibus
2141 2605 2408 2655 exemplaribus

1371 2665 1540 2714 scripturn
1563 2665 1703 2713 reperi,
1733 2663 1825 2713 Offia
1845 2662 1974 2704 larva,
2001 2657 2200 2708 quomodo
2218 2655 2339 2707 legiffe
2350 2655 2406 2712 vi·

1371 2716 1476 2754 detur
1502 2718 1758 2764 Hieronymus
1791 2713 2019 2761 Angerianus
2039 2737 2050 2755 ‚
2089 2717 2130 2747 ut
2158 2716 2257 2757 patet
2288 2719 2335 2746 ex
2351 2707 2406 2746 his

1369 2767 1635 2817 Erotopaegnii
1655 2767 1722 2805 sui:

1419 2819 1455 2856 si
1470 2833 1537 2855 non
1559 2818 1730 2867 legitimae
1747 2815 1938 2864 complerim
1958 2820 2110 2862 tempora
2132 2810 2254 2855 vitae,

1475 2869 1606 2907 Errabo
1624 2879 1705 2906 ante
1721 2867 1827 2904 oculos
1847 2862 1927 2914 offea
1945 2863 2050 2901 larva
2067 2873 2155 2900 tuos.
2297 2909 2304 2915 ι

1372 2919 1520 2958 Totum
1542 2920 1641 2956 enim
1675 2918 1805 2955 Ovidii
1823 2916 1949 2954 locum
1976 2914 2101 2964 paucis
2121 2914 2322 2950 immutatis
2341 2910 2407 2954 exi

1371 2971 1492 3019 preffit
1512 2971 1565 3007 his
1584 2967 1760 3006 verfibus:
2144 3011 2152 3018 ·

1366 3018 1370 3021 ’
1424 3019 1610 3071 Qidquid
1629 3033 1682 3056 ero
1700 3019 1848 3056 moriens
1861 3046 1870 3061 ‚
1892 3028 2004 3054 tecum
2024 3010 2175 3052 crudelia
2187 3039 2198 3056 ‚
2226 3021 2338 3049 tecum

1480 3072 1575 3107 Bella
1593 3084 1735 3118 geram,
1762 3082 1807 3110 ,ω’
1825 3068 1941 3120 flagris
1958 3065 2052 3116 flebis
2072 3062 2183 3108 inusta
2203 3062 2299 3100 meis.

1424 3120 1459 3159 Si
1480 3121 1570 3158 nihil
1585 3120 1738 3157 evadam
1751 3149 1762 3166 ,
1790 3120 1881 3157 nihil
1898 3119 1957 3155 hoc
1976 3113 2168 3162 torquebere
2181 3140 2191 3158 ‚
2219 3111 2312 3150 crede
2321 3117 2337 3157 ,⁴
2395 3124 2399 3152 g

1477 3172 1586 3209 Crede
1608 3171 1720 3215 mihi,
1750 3170 1873 3206 vultus
1888 3167 2066 3216 persequar
2085 3177 2188 3214 usque
2207 3173 2293 3201 tuos,

1432 3223 1590 3272 Coriabor
1611 3222 1737 3270 Stygiis
1756 3221 1848 3257 exire
1863 3216 2068 3267 paludibus,
2099 3213 2159 3261 etfi

1480 3280 1593 3312 Parca
1611 3281 1735 3322 negat,
1762 3278 1897 3320 rumpet
1916 3275 2069 3321 Tartara
2091 3263 2202 3315 laesus
2219 3277 2358 3353 amor-‚L

2362 3318 2417 3354 at³
