2547 3708
32 0 39 102 1
461 86 469 94 ·
659 75 1468 138 .PERJ.MASSON.
1577 119 1580 122 .
2092 100 2167 152 69.

61 187 135 235 Ex
157 182 319 248 quibus
346 175 475 226 simul
505 171 683 223 collatis
713 169 1001 218 manifestum
1027 171 1121 230 est„
1157 173 1320 220 Ludos
1344 174 1588 238 quotannis
1618 173 1673 221 ad
1698 174 1786 222 IV.
1822 176 1986 226 IDUS
2022 179 2154 226 MA-

64 243 164 307 JA'S
196 250 244 294 in
266 245 405 292 Circo
427 238 676 287 celebratos
703 242 882 283 Romae
912 234 1069 295 fuiss‘e,
1103 251 1160 281 ex
1184 254 1277 298 quo
1299 241 1448 285 Murti
1471 241 1613 285 Uitori
1635 240 1894 302 Templum
1924 243 2155 304 Augustus

29 306 33 388 s
55 302 137 361 ⁴suo
159 313 208 359 in
231 310 352 356 Foro
375 305 616 352 dicaverat.
686 300 832 361 Qiod
855 299 1002 347 valide
1035 300 1342 348 confirmatur
1364 318 1420 349 ex
1446 304 1610 350 Veteri
1635 303 1912 350 Kalend-ario
1937 306 1995 365 (a)
2010 340 2026 364 ,
2061 323 2154 369 quo

57 378 112 427 ad
145 373 337 422 eundem
375 369 496 416 diem
537 368 646 431 haec
683 365 917 430 signantur
942 382 951 411 :
990 364 1152 411 LUD.
1191 366 1416 412 MART.
1455 368 1532 413 IN
1575 367 1759 415 CIRC.
1810 369 1918 415 Nec
1956 368 2152 429 ibidem,

58 436 141 488 nec
162 438 255 486 aliis
281 432 661 482 Kalendariorum
697 431 962 495 fragmentis
987 429 1041 475 ad
1075 428 1219 475 ullum
1253 445 1431 494 praeter
1464 431 1593 478 illum
1624 432 1743 479 diem
1770 432 1897 479 Ludi
1933 447 2155 480 notantur

57 505 201 556 Musti
220 500 342 547 sacri.

114 567 191 617 Ut
217 581 328 612 vero
353 561 671 610 difficultatem
698 560 782 606 hac
804 560 851 605 in
872 573 919 604 re
942 573 999 604 cx
1023 558 1209 623 Vellejo
1235 572 1409 607 motam
1437 560 1580 609 solvat
1593 561 1984 609 Eminentiffimus
1999 562 2155 609 Nori-

57 630 142 680 fius
165 629 251 693 (b),
286 629 397 675 haec
419 627 601 691 quidem
623 624 816 688 regerit:
854 656 888 682 „
900 622 1127 682 Quamvis
1152 624 1389 688 Vellejus,
1425 625 1625 673 Caninio
1647 626 1863 685 Consule·
1883 629 2153 686 nominato,

53 730 87 757 „
119 694 376 758 Templum
401 692 568 739 Martis
592 689 850 735 dedicatum
872 687 1123 746 recenseat,
1158 705 1253 734 non
1276 702 1432 735 tamen
1457 690 1560 752 post
1584 692 1688 737 Kul.
1711 693 1857 750 Julius
1883 693 1946 753 (c)
1971 692 2152 738 dedica-

51 794 86 822 „
119 761 188 808 tio
215 757 393 823 pera&a
412 755 525 803 fuit:
548 754 674 800 Nam
691 751 1032 800 Gladiatorium
1059 765 1240 798 tantum
1267 770 1432 800 munus
1452 770 1505 800 ac
1528 755 1822 802 Naumachia
1845 756 2005 803 eodem
2020 756 2153 803 Con«

50 822 100 885 „‘'
124 823 268 872 sulum
281 821 496 884 Collegio
523 817 787 881 signantur,
809 816 962 863 addita
984 816 1138 880 postea
1151 818 1347 881 Templi
1370 817 1541 865 Martis
1564 819 1935 880 consecratione,
1972 837 2027 868 ne
2054 837 2149 868 rem

47 922 82 948 „
117 891 213 949 ejus
240 889 341 933 anni
378 882 713 930 memorandam·
748 879 943 927 omififfe
978 880 1225 927 videretur.
1295 884 1362 929 At
1395 898 1502 928 cum
1539 885 1655 930 mihi
1690 884 1744 930 fit
1780 884 2064 947 persuasum,
2099 903 2151 933 ea

45 951 296 1014 speciacula
337 947 599 1012 pertinuiffe
641 945 695 993 ad
734 946 873 1010 ipsam
913 945 1107 1008 Templi
1152 946 1491 994 dedicationem
1517 969 1534 1003 3
1583 948 1686 994 ideo
1713 951 1808 1014 jam
1853 950 1965 996 olim
2011 951 2150 997 malui

46 1017 223 1075 dicere,
259 1014 493 1078 Vellejum
527 1009 669 1058 modo
701 1006 891 1058 voluifl'e
924 1026 974 1056 ea
1008 1012 1230 1070 temporis
1260 1024 1370 1058 nota
1401 1014 1548 1072 Juliue
1575 1013 1936 1077 relegationem,
1970 1015 2026 1060 de
2062 1032 2151 1078 qua

47 1082 138 1128 hoc
161 1081 270 1128 loco
297 1079 539 1143 praecipue
561 1077 687 1140 agit,
723 1074 925 1139 signare,
958 1091 1009 1121 ac
1037 1074 1328 1139 significare,
1362 1092 1460 1132 eam
1487 1077 1591 1139 post
1615 1077 1695 1124 ista
1720 1077 1970 1141 spectacula
1996 1081 2149 1126 conti·

48 1146 191 1210 gisse,
225 1160 332 1190 cum
357 1157 520 1206 nempe
539 1142 633 1203 jam
659 1139 896 1204 Augustus
920 1142 945 1186 a
972 1140 1074 1186 Kul.
1090 1144 1185 1200 j‘ul.
1209 1142 1282 1189 vel
1306 1142 1360 1188 ab
1389 1142 1483 1188 aliis
1505 1141 1852 1206 quibuscunque
1875 1143 2149 1191 anteceden-

46 1208 454 1270 tibus‚Caninium
481 1204 705 1269 collegam
731 1207 779 1251 in
802 1203 1053 1252 Consulatu
1079 1205 1295 1265 haberet,
1328 1218 1373 1252 at
1398 1220 1503 1253 ante
1517 1209 1765 1268 Septembris
1788 1207 1997 1266 exitum,
2032 1226 2149 1272 quo-

43 1273 180 1338 usque
202 1287 447 1337 perstovem
471 1269 637 1317 menses
660 1269 963 1317 Consulatum
988 1268 1159 1333 geffi-ffe
1183 1271 1366 1318 videtur
1391 1270 1454 1329 (d)
1473 1271 1726 1335 Augustus.
1762 1271 1898 1328 Qiae
1923 1274 2149 1335 interpre-

43 1340 157 1449 tactltio
182 1335 362 1402 prorsus
380 1335 550 1400 Velleji
571 1336 817 1382 contextui
838 1333 1137 1382 consentanea
1161 1335 1423 1396 videbitur,
1438 1334 1471 1382 fi
1493 1338 1696 1384 animum
1719 1334 1896 1384 1.,εᾶοΥ
1916 1349 2147 1384 attentum

42 1418 67 1448 a
119 1402 314 1450 eundem
336 1413 502 1449 vertat.

105 1466 255 1513 Aliam
281 1482 423 1530 porro
448 1464 770 1513 difficultatem
797 1464 964 1530 objicit
983 1466 1102 1524 Dio,
1137 1466 1248 1513 haec
1276 1465 1331 1512 ad
1352 1466 1412 1513 A.
1437 1466 1499 1514 V.
1522 1464 1706 1527 C.744.
1743 1464 2020 1528 Claudiique
2050 1468 2145 1528 pri-

41 1546 169 1578 mum
187 1530 411 1590 scribens,
435 1530 545 1577 Lib.
559 1530 671 1577 LX.
695 1548 741 1593 p.
757 1535 869 1591 667.
893 1532 986 1578 Hos
1009 1531 1172 1577 honores
1186 1533 1431 1591 parentibus
1440 1531 1533 1594 suis
1557 1533 1766 1589 tribuens,
1798 1531 1879 1592 iffi>
1901 1531 2150 1590 nihilpruee

38 1606 103 1643 ter
118 1598 283 1642 nomina
305 1597 476 1657 Imperii
494 1598 660 1656 uccepit.
694 1597 820 1660 ⁴‚Quae
840 1599 946 1643 enim
969 1596 1190 1658 Equestria
1217 1597 1460 1643 Certumiuu
1484 1595 1587 1642 Kal.
1610 1595 1789 1657 Augusti
1823 1597 1912 1657 (qui
1937 1595 1992 1655 est
2021 1607 2147 1641 nutu-

35 1662 87 1706 lis
111 1660 297 1718 Claudii)
331 1661 599 1718 exhibentur,
633 1660 935 1722 institutusunt
948 1671 1194 1722 propterea,
1228 1662 1335 1723 quod
1354 1677 1402 1708 eu
1424 1662 1488 1708 die
1524 1660 1797 1707 MARTIS
1833 1661 1993 1707 AEdes
2016 1661 2146 1723 conſs-

37 1734 154 1771 cratu
177 1725 286 1786 fuit.
332 1725 406 1772 Ex
442 1741 534 1788 quo
569 1724 676 1771 loco
709 1725 964 1772 Bucherius
998 1724 1213 1785 deducit,
1248 1741 1403 1773 revera
1425 1725 1594 1773 Adurtis
1617 1724 1877 1787 Templum
1902 1725 2007 1770 Kul.
2033 1729 2146 1786 Aug.

13 1789 16 1791 “
38 1789 131 1836 An.
154 1789 216 1835 V.
237 1789 294 1836 C.
316 1804 430 1851 752..
464 1788 726 1836 dedicatum
748 1789 848 1836 effe.
894 1791 960 1838 At
987 1807 1096 1838 cum
1120 1790 1386 1839 Historicus
1409 1791 1484 1837 ille
1511 1791 1703 1836 omnino
1728 1789 1813 1835 hac
1839 1791 1886 1835 in
1915 1803 2044 1852 parte
2068 1793 2145 1835 ad-

38 1851 236 1900 versetur
257 1854 413 1903 ovidio
438 1852 486 1900 &
506 1855 791 1914 KalenduriO,
825 1855 992 1919 quibus
1017 1856 1345 1918 locupletiores
1374 1856 1459 1902 hac
1491 1855 1540 1901 in
1573 1870 1620 1901 re
1645 1853 1778 1901 testes
1804 1853 2040 1900 defidemri
2068 1870 2146 1900 ne-

38 1930 239 1981 queunt,
274 1920 376 1964 ideo
409 1918 560 1964 dicere
593 1919 778 1978 malim,
811 1919 885 1966 vel
917 1922 1101 1966 Dionem
1135 1920 1283 1983 ipsum
1313 1920 1445 1967 fuisse
1480 1920 1844 1976 hallucinatum,
1878 1919 1952 1965 vel
1989 1921 2146 1980 potius

37 1980 255 2027 mendum
290 1983 338 2028 in
370 1985 464 2043 ejus
496 1981 643 2029 verbis
669 1982 861 2042 cubare,
894 1999 946 2029 ac
971 1984 1080 2030 loco
1104 1986 1234 2030 vocis
1257 1984 1426 2031 Martis
1462 1983 1779 2045 reponendum
1803 1981 1889 2027 effe
1917 1983 2145 2029 Numinis

35 2045 146 2091 alius
169 2061 356 2093 nomen.
390 2045 608 2093 ProfeEto
633 2047 679 2092 in
702 2046 790 2092 alio
811 2049 976 2094 veteris
997 2049 1244 2095 Kalendurii
1268 2048 1383 2112 frag.
1409 2047 1529 2108 apud
1546 2048 1717 2093 Gruter.
1743 2062 1788 2109 p.
1818 2058 1922 2107 134.
1955 2045 2010 2092 ad
2036 2047 2145 2093 Kal,

34 2108 347 2156 AVGVSTI
382 2110 602 2172 legimus:
641 2111 797 2156 SPEI.
822 2111 917 2158 AD
947 2111 1206 2160 FORVM
1243 2111 1723 2160 HOLlTORIVM
1760 2109 2027 2156 NATAL.
2052 2112 2142 2158 TI.

35 2171 331 2233 CLAVDII
365 2172 798 2222 GERMANICI.
1617 2220 1622 2226 ,

97 2237 171 2284 Ex
205 2237 337 2286 dietis
366 2239 512 2301 igitur
547 2238 666 2284 clare
701 2237 801 2283 satis
825 2250 978 2300 patet,
1013 2242 1167 2287 Artem
1189 2243 1460 2288 Amatorium
1494 2239 1549 2286 ab
1577 2238 1756 2287 Ovidio
1788 2237 1918 2285 fuisse
1941 2237 2107 2286 editam
2126 2274 2142 2299 ,

34 2301 239 2364 Templo
278 2302 462 2365 quidem
490 2302 660 2349 Martis
691 2302 785 2368 jam
811 2302 1108 2350 Naumachia
1141 2305 1322 2369 aliisque
1355 2303 1619 2368 speetaculis
1651 2303 1896 2362 dedicatO,
1931 2302 2006 2349 seu
2039 2307 2143 2366 post

33 2364 124 2425 LV.
158 2366 319 2416 IDUS
357 2367 571 2427 MAJAS
606 2366 744 2429 hujus
767 2370 901 2426 anni,
938 2367 1009 2414 sed
1032 2382 1136 2416 ante
1156 2371 1304 2431 Juliae
1327 2371 1657 2433 relegationem
1676 2368 1757 2430 (e),
1782 2384 1834 2414 ac
1859 2369 2142 2429 Septembris

33 2429 189 2478 finem.
256 2431 389 2489 Quae
419 2430 637 2480 sententia
657 2431 931 2494 jamdudum
964 2433 1229 2481 dostiffimis
1263 2435 1436 2499 placuit
1469 2434 1605 2492 viris,
1639 2449 1752 2496 quos
1779 2434 1898 2478 inter
1919 2433 2141 2493 Keplerum

31 2494 180 2545 laudat
206 2495 526 2545 Illustriffimus
542 2494 759 2544 Norifius
783 2495 865 2556 (f),
900 2499 976 2561 qui
1005 2498 1053 2544 &
1077 2499 1265 2546 eandem
1291 2501 1370 2547 suo
1395 2499 1575 2546 calculo
1601 2498 1796 2561 probat:
1832 2497 1974 2555 „Eos
2000 2513 2108 2544 vero
2124 2533 2138 2557 ,

31 2590 65 2616 „
96 2560 186 2619 ait,
219 2560 388 2609 Libros
422 2561 567 2625 (Artis
591 2561 810 2619 Amandi)
847 2575 953 2610 ante
974 2562 1232 2612 damnatam
1256 2566 1428 2627 Juliam
1452 2563 1648 2627 scriptos
1673 2564 1919 2627 opinatur,
1944 2563 2138 2685 (Keplej

1351 2631 1374 2677 I
1417 2643 1436 2692 3
1993 2643 2122 2687 „rus

89 2735 150 2786 (a)
182 2734 282 2777 Vide
302 2739 462 2787 Gruter.
482 2754 571 2796 pag.
591 2735 758 2784 cfrxxm.

89 2789 152 2838 (b)
173 2786 245 2829 De
266 2788 513 2834 Cenon-Pis.
531 2807 571 2845 p.
591 2795 680 2851 183.
1089 2827 1094 2829 .

84 2841 147 2892 (c)
177 2841 362 2892 Aquibus
392 2845 583 2886 nimitum
607 2847 670 2889 Ill.
692 2849 763 2891 ille
784 2849 843 2891 vir
865 2852 999 2892 censet
1024 2850 1227 2892 Consules
1249 2849 1464 2898 suffeelos,
1496 2850 1555 2890 his
1580 2849 1747 2904 Augusti
1778 2847 2050 2900 temporibus,
2078 2849 2135 2889 fa-

29 2891 114 2933 sces
136 2893 284 2948 geffiffe
314 2894 539 2958 semestrem
564 2901 674 2950 quod
703 2902 744 2943 in
773 2902 986 2946 Fastorum
1017 2902 1250 2959 fragmentis
1281 2904 1550 2954 superstitibus
1581 2904 1809 2954 videamus,
1839 2904 2068 2943 nonnullos
2096 2903 2137 2943 id

24 2956 149 2996 genus
168 2946 372 3009 COssffflf-'S
390 2950 438 3010 ab
456 2948 594 2990 Usdem
613 2951 708 2993 Kal·
729 2955 817 3006 Jul.
840 2957 1124 3012 Magistratum
1144 2958 1256 2998 inire.
1317 2956 1476 2998 Verum
1505 2957 1648 2998 exinde
1677 2966 1791 2997 certo
1815 2955 1984 2996 minime
2005 2955 2137 3008 sequi·

27 3002 766 3104 tu23)n}{:{t131m‘aliqundelprobatuu
793 3010 900 3052 hune
920 3024 1085 3053 morem
1107 3012 1270 3067 fingulis
1294 3012 1524 3053 constanter
1545 3010 1658 3052 annis
1681 3007 1906 3051 obtinuisse.

213 3067 224 3093 1
256 3085 264 3093 .
312 3067 375 3095 ani
444 3068 535 3108 emp
558 3085 565 3092 .
588 3069 625 3108 p.
679 3068 742 3109 27.
2019 3100 2024 3104 ,

82 3102 274 3156 (θῖΕᾶΥῦ
293 3117 386 3150 ante
405 3109 524 3158 hujus
551 3069 820 3155 annigexitum
839 3115 986 3160 faelam
1016 3122 1098 3161 alio
1129 3121 1268 3172 probat
1305 3127 1547 3171 argumento
1570 3116 1639 3158 Cl.
1661 3116 1711 3160 Ν
1713 3117 1878 3170 misius,
1906 3115 1956 3157 de
1979 3114 2132 3156 Cenot,

27 3153 152 3261 Pilgn).
171 3158 766 3271 {nggktpae-rlnigcpnolsggecuti
787 3165 926 3213 sumus
939 3200 951 3220 ‚
979 3171 1068 3224 Jani
1085 3172 1255 3226 Templ.
1273 3172 1412 3216 Refer.
1431 3184 1467 3223 P·
1484 3168 1575 3225 328.
