2547 3708
620 142 1526 200 PRAEFATIONEs
2028 181 2123 231 aff

32 265 112 306 ω,
142 246 193 293 u't
225 255 278 288 te
303 239 537 294 audirent,
572 236 871 294 confluxere,
906 235 959 282 acl
989 235 1210 285 summam
1249 241 1317 286 tui
1354 238 1488 301 ipsius
1523 238 1869 290 admirationem
1902 244 2119 296 adduxit:

33 326 168 376 quos,
201 322 307 352 cum
335 302 472 349 verba
495 299 689 359 facereS,
723 303 822 363 quis
849 314 1052 364 repertus
1077 303 1141 349 est
1164 303 1428 367 hujusmodi
1460 305 1602 352 laudis
1636 319 1729 353 tam
1752 307 1947 372 cupidus
1970 312 2124 360 obtre-

30 378 201 431 «stator,
227 371 306 433 (ἰώ
329 365 505 414 infidas
527 365 689 423 iverit,
724 381 911 423 omnes,
946 364 1163 414 suavitate
1186 369 1368 432 dicendi
1396 383 1553 432 captos
1575 369 1600 416 ἐ
1623 384 1707 418 tuo
1731 390 1810 420 ore
1831 389 1927 420 non
1949 389 2121 438 pepen-

27 437 159 488 diffe?
195 437 320 482 Inter
342 447 457 495 quos
480 445 552 476 me
572 446 742 489 unum,
778 447 873 477 non
895 430 1023 477 valde
1055 432 1222 478 celebri
1257 435 1527 481 conditione
1560 435 1795 485 hominem
1819 472 1835 498 ,
1870 436 1940 484 sed
1972 451 2125 487 tamen

27 505 80 553 ab
104 505 269 550 horum
297 496 549 544 studiorum
578 510 744 557 genere
767 513 862 542 non
893 495 1071 558 prorsus
1102 497 1455 558 abhorrentem,
1489 498 1616 545 fuisse
1642 504 1744 562 ajo,
1781 503 1829 550 &
1849 503 2010 550 laetor.
2044 505 2126 567 qui

28 565 266 617 mirificam
289 563 410 609 illam
438 576 562 605 tuam
587 576 680 605 non
705 561 1001 607 mediocriter
1023 561 1186 608 imbibi
1208 564 1519 627 eloquentiam
1534 599 1548 624 ,
1584 582 1813 632 quamque
1833 567 1964 631 supra
1987 584 2126 631 quam

26 633 116 682 dici
144 628 304 693 poffit,
337 642 432 672 non
457 625 602 671 solum
629 623 829 689 suspexi,
864 637 999 688 atque
1023 626 1267 674 admiratus
1287 630 1382 675 sum
1399 664 1414 688 ,
1442 628 1520 675 scd
1543 632 1680 677 etiam
1705 634 1934 692 venetum³
1967 649 2019 679 ac
2044 650 2127 680 co·

27 696 118 756 lbre
143 693 354 756 occoepi.
423 688 744 749 Quamobrem
769 689 847 736 sub
867 703 951 736 tuo
976 690 1217 738 clariflimo
1251 695 1438 740 nomine
1472 696 1634 754 hosce,
1667 712 1781 758 quos
1804 697 1930 756 dixi,
1964 697 2127 744 Fasto-

25 777 126 813 rum
150 759 288 806 libros
315 759 361 803 in
385 756 534 802 lucem
560 754 770 800 emittere
792 754 917 801 ausus
940 754 1065 811 sum3
1101 770 1239 819 atque
1266 773 1321 804 eo
1345 760 1486 821 magis
1508 758 1553 803 id
1576 755 1688 819 feci,
1712 763 1834 825 quod
1861 763 1953 808 hoc
1977 762 2126 824 ipsum

25 842 140 890 opus
174 825 324 886 (cujus
361 821 544 867 alteram
577 831 750 881 partem
786 819 960 865 utinam
993 836 1088 866 non
1122 820 1492 880 desideraremus)
1528 824 1574 869 in
1607 837 1685 870 tua
1717 828 1905 891 regione
1930 825 1955 871 a
1977 827 2126 875 Poe'ta

26 892 111 949 elle
132 889 305 936 editum
334 895 626 946 compertum
651 883 741 930 est:
777 897 829 929 ut
851 899 1044 947 aequum
1080 883 1135 931 fit
1165 887 1219 932 ad
1247 903 1351 933 eum
1383 889 1570 945 locum,
1604 888 1724 936 unde
1753 892 1800 938 in
1821 891 2000 938 Urbem
2033 892 2128 955 pri-

27 971 153 1013 mum
179 953 337 1009 venit,
369 965 424 995 eo
449 964 506 994 ex
531 946 662 994 Urbe
685 948 997 1007 emendatius,
1034 949 1365 1014 illustriusque,
1399 969 1534 1015 quam
1559 952 1698 1014 usque
1736 957 1828 1002 huc
1855 955 1972 1014 fuit,
2006 955 2126 1003 redi-

27 1035 88 1068 re.
153 1019 271 1065 Peto
299 1013 489 1078 igitur&
512 1025 558 1058 te
593 1013 815 1060 PAULLE
852 1014 920 1059 vir
946 1014 1210 1074 clariffime,
1244 1017 1449 1080 itemque
1474 1017 1750 1079 doctissime,
1786 1020 1832 1066 ὃς
1865 1019 2127 1068 humaniffi-

28 1099 124 1142 me,
157 1095 208 1129 ut
233 1081 436 1129 laborem
459 1079 665 1124 huncex
690 1078 829 1124 animi
854 1079 943 1124 mei
966 1079 1013 1125 in
1042 1079 1357 1128 celsitudinem
1380 1095 1505 1129 tuam
1534 1082 1815 1132 observantia
1838 1083 2125 1148 profeetum,

28 1148 224 1196 libenter
247 1145 473 1206 accipias,
508 1143 556 1188 ἃ
580 1142 761 1190 tandem
785 1143 1026 1207 aliquando
1048 1144 1197 1208 legere
1220 1161 1316 1193 non
1340 1145 1611 1210 dedigneris.
1648 1148 1778 1198 Vale.
1813 1151 1994 1198 Romae
2020 1165 2127 1199 111.

31 1213 133 1259 Kal.
160 1212 297 1275 Maji.
323 1221 627 1256 M.D.LXX1X.

730 1324 1433 1385 EJLJSDle

780 1415 1007 1463 Praefatio
1031 1415 1084 1462 ad
1106 1415 1370 1464 Lec'torem.

85 1537 149 1584 'N
177 1537 470 1583 Fas-maen
507 1533 744 1580 volumine
765 1534 1050 1581 emendando
1074 1534 1321 1582 duodecim
1345 1535 1470 1582 libris
1493 1533 1724 1582 veteribus
1747 1533 1847 1584 usus
1871 1535 1992 1595 sum,
2009 1554 2129 1603 quo-

119 1618 218 1648 rum
241 1599 350 1646 octo
374 1601 419 1645 in
442 1598 605 1645 summi
631 1598 872 1645 Pontificis
899 1599 1209 1659 bibliotheca,
1246 1617 1336 1662 qua
1368 1599 1641 1664 praeclarior
1665 1602 1714 1648 &
1742 1601 1974 1665 copiofior
2007 1603 2132 1652 nulla

29 1669 111 1716 alia
134 1679 289 1712 extare
321 1665 520 1722 dicitur,
555 1664 870 1710 adservantur:
897 1665 953 1711 ⁴in
990 1665 1156 1711 horum
1189 1664 1369 1711 duobus
1409 1665 1661 1728 postremus
1694 1664 1809 1712 liber
1839 1666 2131 1716 desideratur.

33 1732 127 1780 Alii
161 1731 254 1776 duo
291 1729 391 1775 sunt
424 1728 828 1775 eruditissimorum
862 1729 1098 1789 virorum,
1135 1730 1331 1776 Achillis
1364 1731 1527 1788 Statii,
1564 1729 1612 1775 &
1642 1730 1793 1777 Fulvii
1833 1731 2017 1791 Urfini,
2052 1734 2133 1797 qui

31 1797 238 1844 omnium
261 1793 555 1857 antiquiffimi
589 1793 674 1840 esse
704 1794 947 1850 videntum
982 1794 1037 1840 ad
1062 1795 1231 1841 horum
1263 1794 1574 1858 praestantiam
1601 1795 1649 1842 ὃζ
1671 1796 1990 1858 antiquitatem
2015 1813 2134 1844 unus

31 1877 88 1909 ex
112 1862 225 1919 illis,
261 1875 374 1922 quos
396 1858 520 1918 dixi,
555 1859 793 1906 Vaticanis
814 1859 1007 1905 accedit.
1075 1860 1207 1905 Alius
1229 1875 1285 1905 ex
1313 1860 1600 1906 bibliotheca
1629 1856 1960 1923 Maffejorum:
1996 1861 2135 1922 alius,

31 1938 169 1989 quem
193 1925 331 1971 frater
351 1939 506 1980 meus,
541 1926 616 1970 M.
643 1925 874 1970 Antonius
897 1940 1004 1970 cum
1029 1923 1245 1987 impresso
1281 1923 1621 1987 diligentiffime
1653 1925 1882 1982 contulit,
1918 1941 2052 1988 quem
2079 1927 2134 1972 li-

33 1991 171 2037 brum
197 1989 357 2037 fratris.
378 1990 423 2032 in
451 1987 631 2033 scholiis
653 2004 791 2034 voco.
861 1989 917 2033 In
938 1990 1188 2051 exemplari
1213 2001 1365 2034 autem
1389 1990 1524 2036 Statii
1549 2001 1638 2034 tres
1662 1989 2001 2050 propemodum
2026 1990 2136 2038 libri

34 2054 207 2100 desunt.
275 2053 368 2098 Eae
390 2065 550 2108 notae,
586 2052 749 2114 quibus
785 2052 1019 2099 brevitatis
1043 2052 1186 2098 cauffa
1217 2051 1317 2098 usus
1339 2051 1464 2113 sum,
1499 2069 1543 2098 o.
1567 2053 1597 2098 l.
1623 2068 1656 2098 s.
1684 2069 1842 2100 omnes
1862 2053 2004 2101 libros
2025 2054 2133 2101 scri-

35 2131 140 2183 ptos
162 2116 442 2181 significant.
480 2115 611 2162 Vale.

829 2234 872 2280 E
899 2233 929 2293 J
963 2232 1014 2279 U
1049 2232 1079 2279 S
1116 2233 1164 2279 D
1201 2234 1243 2280 E
1279 2235 1337 2280 M

604 2323 660 2369 In
684 2324 743 2369 P.
762 2324 918 2371 Ovidii
936 2325 1122 2388 Nasonis
1153 2326 1294 2374 libros
1315 2326 1561 2374 Tristium.

53 2469 63 2488 ς
436 2412 772 2460 ILLUSTRI
809 2413 901 2459 ET
938 2415 1262 2462 OPTIMAE
1300 2417 1442 2464 SPEI
1478 2415 1741 2473 PUERO,

112 2505 650 2563 FRANCISCO
728 2506 1161 2562 ssASTONO
1237 2505 1922 2560 ALEXANDRINO
1998 2505 2048 2562 S.

43 2634 260 2746 CUm
284 2631 632 2690 eruditiffimuS,
653 2644 791 2694 atque
814 2632 861 2678 in
885 2633 1101 2680 Romana
1124 2635 1535 2695 curia,rerumque
1557 2631 1638 2678 usu
1663 2649 1757 2679 non
1782 2631 2003 2678 mediocri
2027 2647 2133 2679 cum

39 2735 42 2738 -
182 2698 315 2745 ‘laude
345 2697 569 2754 versatus,
605 2695 791 2759 patruus
812 2699 960 2757 tuus,
981 2698 1307 2747 GULIELMUS
1335 2714 1630 2755 BASTONUS,
1665 2697 1833 2761 optimi
1857 2698 1941 2743 viri
1966 2697 2013 2742 ὃς
2039 2697 2135 2743 exi-

43 2766 125 2812 mii
161 2765 209 2809 in
241 2762 352 2809 urbe
383 2763 592 2825 patroni,
629 2762 866 2808 N100LA1
896 2778 1118 2809 ANGELII
1144 2779 1383 2810 BARGAEI
1410 2777 1549 2826 opera
1573 2777 1646 2807 me
1671 2763 1718 2808 in
1739 2762 1925 2807 intimos
1947 2759 2136 2808 familia-

44 2842 112 2877 res
133 2825 374 2874 admisisset
394 2826 494 2872 suos
511 2859 526 2884 ,
558 2826 675 2872 nihil
699 2827 823 2888 prius
848 2824 1108 2873 faciendum
1133 2829 1248 2875 mihi
1272 2828 1412 2886 duxi,
1448 2842 1581 2891 quam
1607 2838 1660 2872 ut
1683 2826 1797 2883 tibi,
1823 2842 1915 2887 quo
1938 2826 1977 2870 ei
1999 2841 2136 2872 nemo

45 2893 379 2957 propinquior,
414 2890 463 2936 ὃς
495 2891 642 2936 carior
675 2890 766 2948 est,
800 2890 972 2953 aliquid
1011 2890 1325 2939 inscriberem:
1361 2908 1482 2956 quo,
1519 2890 1552 2936 fi
1587 2889 1703 2937 nihil
1735 2889 1884 2949 aliud,
1917 2889 2140 2937 summam

49 2957 375 3004 observantiam
412 2969 521 3016 erga
547 2966 795 3014 utrumque
827 2970 973 3002 meam
1012 2956 1211 3004 testarer.
1277 2958 1439 3021 Itaque
1471 2957 1689 3020 poetam,
1724 2971 1816 3018 quo
1851 2954 1998 3000 nullu's
2027 2953 2139 3001 alius

50 3022 162 3068 mihi
199 3020 382 3084 quidem
412 3018 664 3082 jucundior
687 3018 780 3077 est,
813 3021 948 3067 aetati
970 3036 1080 3068 vero
1108 3035 1213 3068 tuae
1235 3023 1379 3086 magis
1399 3019 1689 3079 necessarius,
1722 3033 1857 3080 atque
1878 3018 2030 3077 utilis',
2059 3019 2140 3066 O-

50 3100 239 3147 vmmM
265 3087 312 3131 in
335 3099 492 3131 manus
512 3080 693 3144 sumpsi.
763 3081 911 3144 Cujus
936 3101 1013 3132 eos
1040 3085 1210 3144 libros,
1246 3089 1326 3149 qui
1353 3086 1426 3134 vel
1445 3084 1705 3146 virginibus
1724 3083 1860 3148 «ipsis,
1894 3098 2007 3147 quae
2029 3083 2136 3131 Deo

53 3149 225 3197 dicatae
259 3150 390 3208 sunt,
424 3144 770 3210 quodammodo
799 3151 971 3209 exponi
1004 3166 1056 3197 ac
1092 3150 1308 3198 declarari
1339 3149 1550 3213 possent,
1584 3146 1748 3211 delegi.
1783 3149 1829 3193 in
1861 3147 2052 3211 quibus,
2084 3156 2140 3192 ut

49 3211 158 3274 sciS‚
190 3227 370 3263 tantum
395 3212 529 3261 studii
555 3212 603 3261 &C
625 3210 711 3259 otii
735 3210 892 3275 posui,
917 3227 1138 3277 quantum
1160 3216 1301 3276 mihi,
1337 3217 1385 3261 in
1406 3213 1502 3260 aliis
1526 3211 1659 3260 rebus
1674 3213 1970 3262 vehementer
1991 3223 2137 3256 occu-

1318 3279 1369 3327 T
1404 3293 1433 3325 2
2000 3284 2110 3335 pato
2124 3277 2146 3335 ‚'
