2547 3708
213 280 330 392 P.
437 271 1123 393 OVIDII

593 864 1117 915 ARGUM

1221 264 2093 391 NASONIS

1184 864 1727 915 ENTUM.

86 1007 176 1053 Ibis
199 1002 355 1051 Ovidii
376 1015 519 1048 nomen
540 1001 688 1062 abique
709 998 942 1045 maledibiis
964 997 1209 1057 lacerabat,
1243 1008 1370 1060 atque
1390 996 1524 1059 ipsam
1546 998 1677 1060 falsis
1698 1001 2061 1048 criminationibus
2087 1004 2131 1048 in
2152 1006 2219 1050 ine

147 1070 311 1116 vidiam
333 1077 459 1129 atque
482 1066 620 1111 odiam
644 1065 838 1110 vocabat.
895 1060 941 1108 T
931 1079 1002 1109 nm
1024 1062 1111 1123 ejus
1137 1079 1307 1109 uxorem
1328 1065 1543 1124 perpetuis
1570 1064 1920 1133 flagitationibns
1939 1065 2221 1128 sollieitabat.

146 1135 344 1195 Denique
365 1142 568 1192 tanquam
589 1131 807 1175 vulturius
828 1127 1023 1188 fortunis
1059 1128 1147 1187 ejas
1177 1127 1374 1186 inhians,
1409 1144 1512 1190 qaas
1544 1130 1768 1194 naufragii
1798 1131 1862 1177 sui
1886 1131 2057 1178 tabulas
2079 1135 2221 1192 appel-

145 1200 215 1245 lat
235 1232 250 1256 ‚
284 1196 415 1258 ipsam
438 1196 497 1241 ad
518 1206 749 1241 extremam
779 1195 962 1253 inopiam
982 1193 1167 1254 redigere
1191 1193 1436 1239 conabatur.

1505 1195 1568 1239 Et
1592 1196 1821 1255 profitetur
1839 1195 1889 1257 se
1912 1198 2223 1243 Callimachum

148 1265 342 1322 imitari,
375 1263 403 1307 a
429 1277 505 1322 qno
534 1261 777 1320 Apollonias
802 1258 1018 1311 Rhodias,
1056 1259 1191 1304 Ibidis
1221 1260 1382 1305 nomine
1416 1269 1614 1318 ornatas,
1651 1261 1756 1307 diris
1793 1261 1847 1312 δέ
1869 1262 2220 1321 exsecrationibus

145 1328 322 1374 devotus
344 1326 414 1387 est.
455 1322 961 1386 Salvagniasfifioieatar
983 1324 1201 1385 IJigynnm
1223 1325 1326 1383 eſjb,
1360 1339 1479 1384 quem
1514 1325 1702 1371 Ovidius
1726 1325 1831 1371 Ibin
1850 1328 2062 1385 appellat3
2100 1329 2222 1372 illam

149 1394 320 1454 inquam
333 1427 347 1451 ‚
371 1392 420 1436 de
441 1406 516 1452 quo
534 1390 756 1436 Suetonius
769 1389 957 1434 meminit
968 1389 1074 1435 libro
1085 1389 1134 1433 cle
1154 1391 1280 1435 claris
1296 1390 1622 1436 Grammaticis:
1658 1393 1696 1437 is
1712 1401 1857 1438 antem
1879 1391 1961 1452 est,
1996 1390 2110 1452 cnjus
2131 1407 2221 1451 my-

151 1457 347 1522 thologiei
368 1457 497 1515 libri,
532 1457 714 1502 omnium
737 1453 928 1500 manibus
949 1455 1077 1513 triti,
1100 1452 1344 1516 supersunt„

514 1622 713 1692 Empus
740 1621 805 1676 ad
832 1621 966 1685 hoc,
1001 1621 1168 1676 lustris
1189 1622 1295 1694 jam
1321 1624 1400 1678 bis
1430 1625 1557 1679 mihi
1584 1626 1820 1699 quinque
1845 1624 2094 1698 perafflS,

582 1696 762 1750 Omne
788 1694 886 1750 fuit
912 1694 1102 1751 Musae
1127 1713 1342 1752 carmen
1368 1698 1571 1753 inerme
1597 1716 1773 1754 meae:

132 1904 246 1956 ἵεις]
271 1905 328 1945 Ita
343 1905 474 1945 rectius
494 1906 704 1945 inscribetur
722 1907 798 1945 hoc
816 1910 953 1956 po'e'rna
965 1935 976 1952 ,
1005 1918 1119 1955 quam

85 1953 136 1993 Iu
153 1955 266 2000 inm,
292 1957 393 2005 quod
420 1958 594 1995 haetenus
615 1958 881 1996 circumfertur.
917 1970 1039 2007 neque
1059 1959 1121 1996 ali·

85 2012 142 2042 ter
159 2006 262 2044 suum
296 2009 434 2054 po‘e'ma
465 2007 709 2045 Callimachus
738 2008 969 2054 inscripserat.
1025 2009 1121 2046 Vide

87 2055 238 2093 Suidam
262 2057 298 2092 in
322 2056 587 2099 Καλλίμαχος·
618 2055 804 2103 Eutyches
823 2068 973 2105 quoque
987 2058 1120 2093 Gram-

88 2105 243 2143 mancus
280 2104 342 2142 lib.
362 2115 408 2142 11.
444 2105 614 2139 Ovidium
645 2106 683 2139 in
716 2106 808 2140 Ibide
840 2108 926 2142 citat
948 2134 958 2147 ,
985 2119 1062 2143 non
1082 2108 1120 2142 in

87 2154 177 2192 Ibin.
205 2154 364 2193 Codices
383 2155 488 2203 hujus
509 2153 640 2196 libelli,
668 2153 734 2201 qui
753 2153 965 2190 vetustatem
991 2156 1119 2191 &ma-

85 2216 177 2244 num
206 2206 407 2254 castigatam
440 2215 524 2252 prae
546 2203 581 2240 se
609 2204 747 2247 ferant,
775 2204 836 2240 vix
867 2204 1118 2241 inveniuntur.

83 2255 315 2305 Exemplaria
345 2265 469 2293 tamen
495 2282 505 2298 ‚
541 2254 671 2302 quibus
700 2255 842 2300 Juretus
862 2255 898 2291 ὃ(
920 2255 1118 2292 Politianus

86 2314 187 2344 erant
208 2306 282 2351 ufi,
309 2307 347 2343 in
367 2306 518 2353 optimis
539 2304 702 2342 habenda
715 2304 806 2342 sunt.
845 2305 1000 2348 Cetera,
1024 2317 1119 2353 quae

86 2356 132 2394 ad
150 2368 302 2394 manum
337 2357 428 2394 mihi
457 2355 534 2393 satis
567 2355 679 2392 multa
711 2356 880 2400 fuerunt,
905 2364 1015 2392 notae
1039 2356 1120 2393 sunt

86 2408 307 2445 recentioris.
355 2407 504 2444 Interim
536 2406 573 2442 in
602 2405 803 2443 transcursu
834 2416 932 2443 nunc
965 2409 1120 2453 poema-

86 2458 179 2494 tium
205 2458 277 2494 hoc
294 2457 506 2494 illustremus
521 2484 530 2499 ‚
558 2457 662 2504 quod
683 2456 773 2494 curis
790 2456 953 2494 secundis
966 2456 1119 2504 diligen-

87 2508 158 2545 tius
180 2507 300 2545 sumus
320 2507 458 2544 faffturi.
487 2507 632 2543 Hems.

149 2569 179 2596 1.
208 2564 348 2606 Tempus
379 2557 426 2593 ad
457 2556 514 2593 hoc
543 2557 654 2602 lustris
684 2556 772 2593 mihi
799 2558 873 2603 jam
900 2555 949 2594 bis
972 2557 1120 2607 quinque

86 2608 267 2659 peraffla]
301 2611 427 2645 Annos
448 2619 480 2646 1..
502 2607 641 2644 menses
663 2620 733 2644 νη.
754 2607 829 2644 dies
854 2619 943 2644 vero
964 2620 1041 2644 xxx.
1058 2621 1122 2646 na-

90 2665 147 2695 tus
166 2667 238 2696 erat
268 2659 425 2696 Ovidius
452 2685 461 2700 ‚
496 2669 581 2695 cum
616 2670 661 2695 ex
688 2658 791 2695 Urbe
817 2657 979 2695 disceffit.
1032 2659 1122 2696 Hoc

93 2716 215 2744 autern
236 2721 326 2756 opus
353 2709 390 2746 in
422 2708 574 2750 itinere,
603 2718 664 2746 aut
695 2710 815 2755 potius
845 2707 1061 2757 simulatque
1080 2711 1118 2747 in

89 2756 280 2795 Ponticam
312 2761 499 2805 regionem
531 2761 654 2804 venit,
682 2758 823 2806 scripsit.
868 2758 967 2797 Bene
997 2761 1119 2807 igitur,

91 2807 219 2853 Lustris
240 2810 319 2857 jam
341 2808 387 2844 bix
417 2810 564 2859 quinque
585 2810 740 2857 perafflis.
770 2810 939 2846 ConAN.
993 2817 1033 2845 Jn
1061 2811 1120 2848 hoc

89 2857 282 2895 Mediceus
296 2886 305 2901 ‚
321 2858 458 2895 Moreti
479 2861 515 2896 ὅ(
533 2872 624 2898 unus
643 2859 794 2897 Heinsii.
820 2859 951 2898 reatus
965 2869 1026 2905 ,ut
1052 2872 1118 2907 pu-

92 2916 146 2946 to.
166 2908 213 2946 sic
232 2909 358 2946 Florus
383 2912 574 2955 prooemio
595 2924 603 2947 z
631 2910 775 2959 Populus
794 2917 966 2947 Romanus
985 2924 1007 2946 a
1037 2917 1118 2959 Rege

92 2959 234 2995 Romulo
252 2960 288 2995 in
311 2961 493 3005 Caesarem
515 2961 705 3007 Augustum
718 2972 778 2999 &c
817 2971 959 2997 tantum
980 2971 1114 3010 operum

91 3007 190 3058 geffi't.
206 3010 313 3046 &lib.
332 3021 375 3045 11.
396 3020 448 3051 ¹7·
475 3023 493 3043 a
515 3009 633 3055 primis
653 3011 856 3050 scipionibus
871 3012 908 3047 in
932 3013 1113 3057 Caesarem

91 3059 301 3107 Augustum.
328 3061 364 3096 &
384 3061 431 3096 ita
452 3059 573 3106 passim
598 3059 665 3096 alii.
695 3061 742 3095 bis
767 3063 844 3109 jam
862 3061 949 3097 mihi
967 3063 1114 3110 plurimi

87 3111 217 3158 scripti.
244 3110 301 3147 sed
317 3110 396 3159 jam
416 3109 465 3145 bis
485 3108 572 3146 mihi
597 3109 755 3147 molliori
775 3111 865 3148 sono
884 3112 996 3158 Jureti
1015 3113 1114 3150 liber.

87 3161 216 3201 Bam.

110 3225 113 3227 ’
145 3222 180 3250 1.
207 3209 371 3260 Lustris.]
402 3210 500 3249 Inter
518 3210 744 3249 eruditorum
758 3211 1116 3251 contentioneshaec

265 3267 359 3301 Tem.
388 3267 443 3301 W.

2039 1771 2093 1828 N
2097 1770 2218 1827 ulla-

1177 1908 1289 1946 etiam
1321 1920 1398 1946 non
1425 1908 1651 1957 postremum
1681 1908 1807 1947 locum
1841 1909 1995 1953 habuit3
2023 1908 2111 1958 quid
2130 1906 2218 1946 effer

1177 1959 1346 2004 lustrum;
1378 1961 1576 2007 pugnantia
1607 1961 1705 1996 enim
1739 1962 1832 1996 inter
1855 1971 1918 1995 eos
1939 1959 2051 1995 studia
2075 1959 2112 1995 ὅ(
2134 1959 2218 2005 opi-

1176 2011 1308 2045 niones
1338 2012 1507 2051 fuerunt,
1536 2009 1572 2044 &
1593 2009 1711 2044 adhuc
1738 2008 1799 2044 sub
1816 2007 1941 2054 judice
1961 2007 2001 2044 lis
2023 2008 2083 2044 est.
2114 2008 2215 2046 Nam

1178 2069 1261 2093 cum
1284 2058 1402 2093 Varro
1423 2057 1481 2093 lib.
1503 2069 1567 2093 111.
1593 2056 1633 2091 de
1653 2057 1772 2103 lingua
1795 2057 1947 2100 Latina,
1977 2057 2096 2094 Festus
2110 2084 2120 2101 ,
2134 2057 2217 2094 Ser-

1176 2108 1255 2143 vius
1277 2108 1314 2142 &
1336 2106 1393 2142 alii
1414 2106 1595 2141 vetustatis
1616 2104 1802 2142 assertores
1831 2106 1979 2143 lustrum
2003 2109 2218 2157 quinquen-

1176 2155 1258 2190 nale
1278 2162 1423 2201 tempus
1447 2153 1516 2191 effe
1536 2154 1645 2192 literis
1674 2156 1903 2203 prodiderint
1928 2184 1938 2200 ,
1976 2157 2050 2195 hoc
2072 2159 2120 2195 ita
2143 2157 2219 2195 Bu-

1174 2203 1283 2241 daeus
1296 2204 1487 2248 ,omnium
1503 2233 1513 2248 ,
1532 2207 1595 2253 qui
1616 2205 1689 2242 hoc
1707 2215 1926 2254 patrumque
1945 2207 2088 2245 saeculo
2111 2209 2216 2247 vixe-

1174 2264 1280 2298 runt,
1299 2262 1398 2292 extra
1425 2266 1579 2292 omnem
1601 2255 1716 2293 aleam
1741 2256 1987 2302 doeiiffimus,
2008 2263 2142 2295 Annot.
2174 2260 2216 2297 in

1177 2306 1368 2341 Pandeelas
1382 2333 1392 2349 ,
1405 2305 1559 2353 exponit
1575 2334 1584 2349 ,
1611 2305 1755 2349 lustrum
1769 2307 1794 2342 ἀ
1807 2307 1942 2344 Latinis
1952 2308 2081 2345 dicitur
2095 2336 2105 2353 ,
2121 2310 2215 2359 quod

1176 2355 1353 2403 Olympias
1383 2356 1475 2403 apud
1504 2361 1646 2392 Graecos
1675 2357 1836 2401 dicitur„
1864 2359 1902 2394 id
1922 2359 1965 2403 est
1982 2387 1991 2402 ‚
2019 2360 2216 2410 quinquen·

1176 2406 1297 2448 nium;
1327 2406 1379 2442 ita
1401 2416 1524 2442 tamen
1543 2418 1583 2443 ut
1596 2407 1824 2455 quadriennio
1843 2411 1960 2446 exaffo
1973 2438 1981 2454 ,
1998 2411 2118 2457 quinto
2129 2425 2213 2459 quo-

1177 2469 1240 2501 que
1257 2469 1350 2494 anno
1368 2457 1507 2493 ineunte
1533 2457 1678 2505 lustrum
1696 2460 1873 2505 peraHum
1905 2460 1960 2507 effi
1980 2460 2213 2508 intelligatur.

1178 2506 1249 2544 Cui
1265 2507 1378 2544 Lilius
1401 2507 1568 2545 Giraldus
1581 2507 1639 2545 lib.
1657 2508 1698 2544 de
1712 2507 1881 2556 Mensibus
1893 2521 1935 2549 (φ’
1948 2511 2066 2547 Annis
2081 2540 2090 2555 ‚
2104 2512 2212 2550 Hen-

1175 2557 1268 2594 ricus
1299 2558 1497 2595 Glareanus
1530 2558 1719 2606 Chronolog
1760 2558 1797 2594 in
1827 2559 2027 2609 Dionysium
2052 2576 2062 2604 ;
2108 2563 2215 2601 Lala-

1176 2609 1333 2645 mantius
1352 2607 1408 2644 lib.
1423 2609 1461 2643 de
1482 2607 1653 2657 Menfium
1676 2609 1818 2646 ratione.
1848 2612 2018 2659 (lujacius
2038 2612 2074 2647 in
2096 2612 2156 2649 lib.
2166 2626 2213 2653 11.

1175 2658 1259 2695 Cod.
1281 2658 1321 2694 de
1344 2658 1490 2704 Lustrali
1513 2671 1622 2701 auro;
1650 2659 1823 2707 Josephus
1844 2660 2000 2709 Scaliger
2025 2661 2083 2698 lib.
2107 2674 2141 2700 v.
2169 2665 2211 2701 de

1176 2709 1423 2745 Emendatione
1458 2718 1648 2757 temporum
1668 2737 1678 2753 ,
1706 2722 1748 2748 (7
1788 2713 1983 2757 Ausonian.
2024 2712 2210 2751 leerionum

1175 2758 1235 2795 lib.
1254 2771 1299 2796 11.
1327 2768 1395 2801 cao.
1418 2769 1478 2807 23.
1498 2759 1711 2808 Iterumque
1731 2760 1998 2810 libroposlbamo
2016 2762 2056 2798 de
2078 2769 2122 2800 Re
2142 2778 2211 2802 nu—

1177 2811 1316 2854 maria,
1345 2810 1490 2848 Anton.
1512 2810 1737 2848 Nebricensis
1763 2811 1800 2848 in
1823 2813 2078 2861 §Quinquagena
2093 2842 2102 2857 ‚
2131 2815 2210 2853 alii-

1176 2871 1249 2908 que
1269 2863 1399 2898 niveos
1431 2860 1587 2898 calculos
1616 2861 1772 2899 tradunt,
1827 2862 2047 2911 Complures
2083 2873 2210 2904 tamen

1172 2910 1319 2949 lustrum
1343 2910 1600 2960 quinquennio
1620 2912 1811 2959 completo
1839 2914 2024 2952 terminari
2055 2925 2211 2954 conten·

1172 2960 1277 2999 dunt.
1332 2961 1373 2998 In
1404 2962 1455 2999 his
1478 2961 1660 3001 Brodaeus
1688 2964 1724 3000 in
1750 2963 2020 3011 Epigrammata
2044 2965 2205 3008 Graeca;

1169 3011 1346 3060 Josephus
1366 3012 1520 3049 Castalio
1543 3013 1675 3050 Variar.
1691 3014 1833 3051 Leeiion.
1853 3014 1912 3051 lib.
1935 3027 1962 3053 1.
1986 3024 2055 3064 cap.
2083 3029 2138 3064 19.
2166 3017 2204 3053 δί

1172 3062 1352 3108 Obfiirvat.
1366 3062 1403 3099 in
1423 3063 1589 3105 Criticos,
1605 3073 1675 3112 cap.
1692 3074 1748 3101 10.
1767 3064 1926 3110 Joannes
1950 3066 2083 3103 Savaro
2106 3066 2207 3102 Notis

1172 3113 1221 3149 ad
1236 3113 1413 3149 Sidonium
1428 3140 1439 3157 ‚
1467 3114 1503 3150 ὅ(
1526 3114 1606 3158 alii,
1636 3116 1833 3152 Poetarum
1856 3115 2029 3153 duntaxat
2052 3116 2209 3153 auetori-

1174 3171 1247 3201 tate
1268 3164 1373 3201 freti:
1402 3164 1464 3211 qui
1485 3162 1629 3210 lustrum
1643 3166 1679 3202 ὅ(
1695 3166 1902 3213 Olympiada
1915 3178 1979 3213 pro
1998 3167 2207 3214 quinquen·

1172 3215 1239 3253 nio
1276 3214 1417 3260 semper
1443 3214 1614 3263 usurpant
1635 3242 1646 3260 ,
1682 3217 1850 3264 quamvis
1890 3216 2128 3265 Olympiadas
2157 3229 2203 3257 ex

1350 3265 1383 3301 C
2104 3267 2205 3308 Dio-
