2547 3708
608 161 1514 224 PRAEFATIONES.

146 260 368 321 H'eiiifius,
401 265 450 304 ut
462 255 651 318 profugis
666 259 741 316 pia
765 261 874 302 tec'ta
886 266 1033 316 patere
1056 258 1203 308 Poetis

208 326 367 385 Senstt‚
401 323 456 375 ἐρ’
476 321 546 367 hic
567 321 725 385 mfferis
747 333 833 368 otia
856 317 967 367 laeta
987 324 1111 383 dari,

145 391 310 451 Colligit
333 405 353 433 e
380 388 581 448 Scythicis
607 390 755 433 cineres
782 387 968 448 Nasonis
990 392 1154 448 arenis,

209 457 336 515 Inque
358 450 568 499 Thuaneos
589 451 827 499 transvehit
849 452 935 512 oſja
956 454 1076 500 lares.

142 519 206 565 Et
228 519 400 565 Bata-eo
411 519 576 580 socians
597 519 763 580 Peligni
781 521 894 563 ruris
916 520 1156 580 alumnum,

207 585 308 630 Fert
329 584 423 629 bene
447 586 653 642 compostto
675 584 812 628 debita
822 581 942 642 justa
955 587 1069 642 pari.

140 648 360 711 Deitaque
373 682 388 707 ,
422 665 470 694 ne
485 657 689 708 premeret
715 662 853 693 manes
868 659 946 707 per
956 650 1100 709 secula
1120 652 1272 699 crimen
1285 686 1301 711 2
1371 651 1378 658 “

206 714 323 761 Mite
338 716 616 774 patrocinium
638 728 720 758 vox
744 711 952 773 utriusque
962 713 1095 773 subit.

142 779 211 828 Sit
232 782 320 825 licet
344 777 516 836 inferior
537 788 654 823 tanto
674 793 764 823 mea
789 775 906 838 musa
929 778 1094 837 Poeta,

211 845 488 905 Carminaque
508 859 529 887 e
553 859 660 889 vena
675 844 918 902 pauperiore
930 842 1108 901 fluant3

144 905 206 955 Tu
229 918 367 956 tamen
389 908 644 968 Heemstedio
658 941 673 966 ‚
708 922 832 968 quam
855 906 1105 954 Maecenate
1131 905 1306 957 Thuano
1319 942 1333 969 ‚

206 975 408 1031 Laetior,
442 989 463 1018 e
486 972 671 1031 Scythico
681 971 842 1034 frigore
857 1005 872 1029 ,
908 972 1057 1035 Naso,
1091 974 1194 1019 redi.

141 1038 285 1099 Hujus
305 1048 357 1084 ut
371 1041 416 1084 in
426 1037 599 1099 sacrum
614 1036 755 1098 fueris
768 1038 981 1096 penetrale
1005 1049 1212 1100 receptus,

205 1104 321 1148 Pars
343 1101 542 1163 exhausta
566 1104 630 1148 tui
653 1117 803 1163 magna
825 1103 978 1147 laboris
997 1105 1094 1149 erit.

139 1165 202 1214 Tu
229 1168 343 1214 modo
353 1168 617 1230 squalentes,
651 1168 784 1212 laetus
806 1168 978 1228 instgnia
993 1199 1009 1225 ,
1042 1167 1170 1229 vestes

205 1234 350 1289 Pone',
383 1248 454 1278 nec
475 1232 646 1288 hirsutis
670 1231 913 1291 conspiciare
936 1233 1073 1276 comis.

142 1299 341 1344 Criminis
362 1297 618 1358 Heemstedio
639 1297 770 1342 demet
791 1310 938 1342 manus
957 1293 1124 1356 auspice
1137 1296 1274 1359 nostra

203 1362 396 1409 Dedecus
409 1395 426 1421 ‚
460 1365 505 1407 in
527 1364 674 1408 cineres
697 1359 871 1423 officiosa
890 1370 995 1406 tuos.

136 1427 231 1474 Hoc
253 1428 377 1486 duce,
410 1428 509 1473 dum
532 1430 650 1488 terfis
667 1429 852 1472 maculas
872 1442 963 1472 mea
986 1442 1087 1474 cura
1111 1427 1259 1474 libellis

202 1492 441 1550 Detrahit,
474 1493 688 1538 immunda
711 1493 801 1538 labe
823 1493 989 1537 levatus
1009 1508 1093 1538 eas.

139 1558 270 1622 ,Quae
283 1567 402 1619 negat
415 1559 620 1620 ingenium
631 1590 647 1615 ,
659 1558 761 1603 bona
774 1560 960 1603 carmina
972 1557 1113 1617 caufflt
1135 1555 1361 1620 ministret,

204 1627 422 1684 Armaque
435 1636 514 1682 pro
537 1621 681 1683 misero
702 1623 768 1668 det
791 1621 894 1668 mihi
916 1621 970 1668 V
963 1631 1032 1667 ate
1055 1623 1183 1669 dolor.

139 1687 296 1748 Caesar
322 1687 545 1734 inhumano
566 1688 759 1749 Bustride
769 1687 970 1749 stzevior‚
1005 1686 1060 1739 ἐξ
1083 1690 1156 1748 qui

200 1754 397 1799 Innocuos
423 1755 528 1799 lento
551 1755 705 1800 torruit
729 1755 817 1814 igne
839 1767 950 1810 reos,

135 1814 241 1864 Tene
262 1819 440 1864 Patrem
455 1820 651 1878 patriae,
675 1817 1014 1880 servatoremque
1034 1818 1289 1881 ⁴Quiritum,

206 1885 336 1929 Dixit
357 1884 551 1928 adulanti
571 1885 705 1929 Curia
716 1882 851 1943 serva
863 1881 995 1942 sono?

141 1949 191 1994 Si
203 1948 367 2007 pudor,
403 1950 601 1994 Actiacas
623 1948 671 1993 de
694 1949 833 1992 limine
856 1947 978 2005 dejice
997 1948 1163 2005 lauros,

207 2014 415 2073 Civilique
433 2022 564 2056 truces
585 2014 692 2073 tinge
715 2026 853 2056 cruore
864 2009 997 2070 fores.

140 2077 332 2142 Qercea
345 2109 360 2134 9
382 2076 577 2138 servatos
603 2079 710 2121 cives
732 2077 931 2132 mentita,
964 2089 1113 2120 corona

205 2138 417 2187 Terribilis
439 2141 533 2186 dira
558 2142 684 2202 Regis
707 2141 760 2184 ab
785 2155 877 2185 arce
902 2139 1040 2184 cadat.

139 2206 182 2252 E
176 2204 301 2266 fferet
322 2207 497 2251 edictum
512 2206 638 2265 postes
660 2207 838 2249 inz‘mane
861 2200 1069 2261 firanni,

199 2271 302 2336 Qo
312 2269 423 2331 fuga
449 2269 616 2331 Nasoni
622 2268 739 2328 juſja
763 2277 931 2313 cruenta
944 2266 1055 2326 fuit.

140 2335 234 2381 Hoc
258 2337 392 2396 legat3
428 2335 482 2386 &³
495 2368 511 2393 ,
535 2344 677 2380 vatem
699 2331 921 2394 miserans,
944 2331 1147 2377 clementis
1168 2330 1365 2392 adeptus,

204 2401 462 2460 Posteritas,
484 2397 656 2459 famam
677 2399 890 2457 Principis
910 2396 1016 2441 unde
1029 2429 1046 2455 ‚
1079 2407 1202 2459 roget.

140 2461 250 2510 Tune
270 2465 471 2523 Cytherea
492 2464 654 2509 deducis
678 2464 829 2524 origine
843 2462 1043 2522 stirpem,

205 2527 392 2588 Caesar?
427 2528 481 2580 &²
506 2529 636 2574 Idalii
649 2527 796 2588 frater
819 2528 990 2572 Amoris
1011 2522 1135 2571 eras?

137 2597 211 2640 An
229 2588 325 2654 pius
350 2592 555 2655 Anchisae
571 2595 727 2655 generis
750 2593 829 2638 tibi
854 2593 982 2637 Filius
1005 2588 1180 2636 auctor?

207 2660 303 2725 Qui
325 2660 480 2707 Veneri
502 2674 644 2704 carum
662 2658 778 2719 pellis
808 2657 862 2702 ab
885 2656 999 2702 Urbe
1019 2665 1155 2714 caput.

141 2719 195 2768 Te
216 2726 312 2783 lupa
326 2757 342 2782 ,
374 2724 644 2785 Adartigenae
667 2739 768 2783 quae
782 2722 978 2782 praebuit
997 2721 1123 2766 ubera
1142 2719 1283 2780 proli,

207 2788 414 2849 Caucasea
429 2790 572 2850 genuit
595 2798 634 2849 te
644 2787 746 2850 fera
767 2796 901 2832 matre
925 2787 1058 2847 tigris.

142 2852 359 2911 Romaque
374 2885 388 2904 ,
422 2863 461 2897 te
483 2853 668 2911 domino,
693 2851 847 2915 septem
867 2852 915 2897 de
935 2851 1101 2896 collibus
1121 2848 1278 2908 undas,

202 2916 295 2962 Per
315 2916 519 2973 medium,
553 2918 664 2962 vidit
676 2917 892 2978 sanguinis
915 2917 1000 2974 ire,
1024 2914 1187 2976 forum.

141 2982 347 3029 Caedibus
367 2979 453 3041 ipsa
480 2980 619 3026 Deum
639 2982 883 3028 maduerunt
906 2982 1088 3043 templa,
1123 2979 1302 3026 cruentis

207 3046 390 3092 Incaluit
404 3048 538 3108 guttis
562 3045 751 3107 Caesaris
772 3060 851 3091 ara
874 3046 1041 3091 Patris.
1166 3091 1169 3094 .

143 3111 240 3159 Nec
259 3112 363 3166 latis
382 3110 454 3157 hoc
479 3111 584 3169 tibi,
617 3112 730 3169 dire,
753 3109 860 3172 fuit.
895 3121 955 3156 tot
966 3110 1128 3174 funera
1147 3120 1321 3160 mentem

203 3176 359 3240 Tristia
379 3193 458 3226 non
467 3186 662 3240 poterant
682 3178 922 3239 exsaturare
931 3175 1095 3239 seram.

1265 3289 1379 3340 Yz

2020 3271 2113 3319 Are
