2547 3708
218 148 288 192 24

686 120 747 177 P.
823 117 1242 176 0V1D11
1313 118 1853 180 NASONIS

515 221 721 278 Audiet
747 220 879 275 haec
906 222 1120 274 PontuS.
1159 216 1318 273 faciat
1341 228 1560 292 quoque
1583 220 1797 278 forsitan
1819 224 1996 290 idem,

588 292 765 348 Terra
792 292 850 345 fit
876 307 934 346 ut
964 293 1183 363 propior
1211 291 1537 347 testificanda
1563 293 1708 347 mihi.
1892 356 1895 357 7

520 369 595 422 At
623 366 742 428 tibi,
784 363 989 418 calcasti
1019 364 1111 436 qui
1139 381 1253 426 me,
1293 365 1560 426 violente,
1592 365 1890 435 jacentem,

375 461 445 507 30

594 437 902 510 Quamlibet
932 437 989 490 δε
1022 436 1215 491 misero
1243 436 1456 491 debitus
1481 437 1643 492 hostis
1673 456 1784 493 ero,

520 511 740 566 Desinet
769 508 870 563 effe
898 510 1040 581 prius
1071 510 1372 563 contrarius
1397 511 1606 581 ignibus
1631 511 1858 575 humor;

587 584 883 655 Junetaque
906 600 1029 635 cum
1055 581 1213 636 Luna
1238 580 1399 635 sidera
1434 583 1568 637 Solis
1596 598 1784 646 erunt;

520 655 754 728 Parsque
788 654 976 709 eadem
1004 655 1142 709 coeli
1175 652 1457 727 Zephyros
1483 657 1694 710 emittet
1723 657 1775 711 ἃ
1800 656 2008 722 Eur083

592 728 663 783 Et
692 729 903 800 tepidus
932 726 1113 800 gelido
1138 726 1288 781 flabit
1317 729 1380 782 ab
1407 746 1504 783 axe
1528 728 1737 792 Notus;

229 952 279 980 ex
301 942 354 979 his
377 939 557 983 Ausonii,
578 937 754 977 Plancum
778 937 933 982 imitati;
960 936 1123 975 Aetione
1145 937 1276 986 gratia-

232 1004 312 1030 rum
335 992 379 1029 ad
400 992 615 1029 Gratianum
631 1001 698 1038 pro
713 988 920 1027 consulatu:
951 992 1026 1037 Ago
1047 987 1112 1024 tibi
1126 989 1275 1036 gratias,

230 1049 421 1092 Imperator
452 1039 602 1089 Auguste
624 1067 634 1083 ,
661 1038 687 1085 [ἰ
701 1039 821 1089 possem
836 1069 845 1082 ,
867 1039 975 1077 etiam
1009 1039 1168 1085 referrem
1182 1053 1194 1083 ;
1215 1039 1277 1086 sed

229 1106 290 1130 nec
310 1103 372 1130 tua
395 1094 546 1139 fortuna
575 1090 743 1139 desederat
772 1089 1021 1127 remunerandi
1052 1089 1192 1134 vicem,
1218 1103 1277 1127 nec

233 1144 346 1189 nostra
362 1143 512 1192 suggerit
542 1141 739 1187 restituendi
761 1141 975 1187 facultatem
995 1156 1006 1177 .·
1046 1140 1277 1177 privatorum

233 1193 297 1241 ista
319 1193 409 1240 copia
430 1193 473 1240 est
493 1193 583 1230 inter
595 1192 633 1241 se
655 1191 710 1240 effe
732 1191 929 1242 munificos:
962 1196 1035 1228 Tua
1057 1189 1216 1238 beneficia
1237 1201 1278 1228 ut

235 1244 410 1292 majestate
433 1243 643 1294 praecellunt
666 1270 677 1287 ,
723 1242 775 1278 ita
804 1253 970 1279 mutuum
999 1254 1069 1278 non
1093 1245 1279 1290 repoftunt.

233 1296 340 1343 Qeod
358 1295 473 1342 solum
503 1293 608 1343 igitur
640 1292 770 1343 nostrae
802 1292 868 1343 opis
897 1293 940 1341 est
961 1319 972 1337 ‚
1009 1292 1143 1342 gratias
1163 1305 1279 1341 agam.

239 1345 439 1384 sirmam.

287 1405 349 1446 25.
374 1395 622 1447 Ubicumque.]
659 1402 839 1447 Utcunque
859 1396 945 1435 editi
978 1397 1016 1433 &
1039 1394 1157 1433 multi.
1175 1408 1279 1445 quas-

218 1460 371 1500 ‘cunque
404 1448 565 1486 Domitii
589 1447 718 1485 editio.
740 1447 842 1496 quod
877 1459 956 1486 non
987 1446 1151 1496 displicet
1181 1446 1280 1485 Bers-

238 1509 394 1536 mannO.
420 1499 516 1536 forte
536 1511 602 1547 pro
619 1527 630 1543 ‚
658 1511 885 1549 quacumque,

288 1559 351 1596 27.
381 1555 445 1586 Pro
473 1560 549 1586 tam
581 1550 758 1597 mansueto
784 1548 953 1599 pessero]
1018 1548 1148 1587 Pedius
1177 1549 1279 1587 enim

236 1600 524 1638 mansuetudinis
546 1602 583 1638 &
606 1601 790 1638 amicitiae
816 1601 915 1638 sedes
947 1600 994 1638 est
1009 1627 1019 1644 ‚
1049 1599 1146 1637 unde
1169 1600 1282 1638 Sene-

237 1663 278 1688 ca
301 1650 357 1688 lib.
384 1662 438 1688 vr.
467 1661 544 1699 cap.
574 1659 634 1699 34,
661 1650 707 1688 de
728 1650 856 1688 Benef.
924 1657 961 1687 In
978 1652 1107 1699 pec‘iore
1131 1650 1279 1695 amicus,

238 1714 306 1738 non
328 1701 365 1738 in
383 1700 473 1737 atrio
495 1702 695 1749 quaerimr5
726 1700 783 1737 illo
815 1700 1023 1749 recipiendus
1042 1700 1106 1744 est,
1133 1700 1207 1737 illic
1227 1715 1279 1738 re-

237 1752 400 1789 tinendus
418 1751 481 1798 est,
510 1763 553 1790 εν
577 1752 614 1788 in
626 1751 745 1800 sensus
779 1752 1020 1789 recondendus.
1057 1751 1159 1789 Hinc
1186 1753 1279 1789 ami-

239 1804 272 1840 ci
295 1801 314 1839 a
346 1802 598 1850 probatissimis
619 1801 831 1840 authoribus
860 1803 1046 1840 amicitiae
1068 1803 1203 1851 peHora
1223 1802 1278 1841 di·

237 1862 381 1891 cuntur.
436 1853 609 1890 Manilius
631 1852 926 1890 Astronom.1ib,
950 1864 996 1890 11.
1017 1852 1109 1893 601.

290 1919 371 1966 (guo
391 1916 480 1953 circa
500 1914 590 1951 nihil
610 1928 651 1951 ex
664 1917 772 1962 semet
792 1924 923 1952 natura
943 1914 1075 1952 creavit

291 1969 425 2005 Peblore
447 1965 624 2002 amicitiae
645 1966 774 2011 majus.

240 2029 416 2068 Martialis
438 2028 540 2075 Epig.
558 2037 619 2064 xv,
638 2025 698 2064 lib.
719 2037 756 2073 9.
783 2026 819 2063 in
839 2026 943 2064 fletos
966 2028 1131 2072 amicos,

288 2099 415 2138 Hunc,
427 2104 525 2142 quem
546 2102 647 2126 coena
664 2090 729 2127 tibi
744 2118 753 2134 ,
774 2104 874 2138 quem
898 2095 1014 2141 mensa
1026 2091 1176 2143 paravit
1190 2090 1284 2129 ami-

425 2155 503 2180 curn

344 2194 415 2244 Effe
431 2202 532 2242 putas
547 2191 642 2239 fidae
659 2194 772 2242 peb'lus
793 2192 978 2230 amicitiae.

239 2259 412 2308 Papinius
431 2257 474 2296 ad
500 2257 715 2294 Marcellum
742 2256 800 2294 lib.
822 2268 875 2293 ιν.
905 2255 1004 2302 SylV.

292 2311 454 2357 Jamque
480 2307 561 2344 vale
581 2319 624 2346 <J
642 2308 777 2356 penitus
796 2307 868 2342 nori
888 2305 953 2341 tibi
973 2306 1068 2342 Vatis
1087 2316 1238 2341 amorem

294 2360 406 2398 Corde
423 2360 515 2396 exire
535 2369 619 2394 veta
631 2385 640 2401 ‚
669 2371 728 2395 nec
743 2357 835 2395 enim
857 2355 1064 2406 Tirynthius
1082 2355 1198 2394 almae

301 2413 419 2448 l’eelus
440 2408 627 2446 amicitiae„

246 2463 447 2500 SALVAGN,
487 2466 552 2496 Pro
577 2469 652 2494 tam
675 2457 773 2505 felici
806 2458 955 2505 Regius.
989 2459 1102 2504 pee'ius
1123 2455 1278 2492 odiorum

247 2513 338 2550 dixit
359 2513 468 2548 etiarn
490 2509 669 2557 Quinetil.
690 2509 782 2545 deal.
808 2521 832 2545 1.
855 2520 933 2554 cap.
962 2519 1016 2544 10.

302 2572 363 2609 27,
393 2561 526 2598 Audiet
550 2559 632 2595 haec
662 2565 791 2595 Pontus
810 2586 819 2601 ‚
847 2558 956 2603 saciet
984 2569 1114 2606 quoque
1127 2552 1279 2603 forsitan

248 2613 362 2656 idem,
392 2618 517 2654 Terra,
547 2609 642 2658 wa]
702 2609 828 2646 Sensus
859 2609 929 2645 est:
958 2607 1097 2644 Audiet
1126 2607 1186 2642 hoc
1206 2606 1279 2643 slve

252 2665 461 2710 hammam
491 2670 690 2708 utrumque
720 2659 876 2707 legitur)
915 2658 951 2696 id
984 2657 1055 2701 est,
1083 2658 1279 2705 gratiarum

251 2713 437 2752 ae'tionem
462 2724 600 2750 meam.
627 2709 778 2748 &idem
794 2709 948 2753 ‚scilicet
967 2707 1281 2752 Caesar,fortaffis

253 2766 386 2806 faciet,
417 2772 454 2801 ut
473 2772 565 2800 terra
587 2764 737 2809 propior
765 2759 805 2797 fit
826 2760 915 2796 mihi
935 2757 1180 2800 testificanda.
1210 2759 1283 2795 hoc

253 2815 302 2854 est
323 2843 333 2860 ‚
362 2814 454 2851 testis
475 2813 617 2851 citanda
639 2841 648 2854 ‚
678 2823 782 2849 meae
803 2821 884 2858 erga
906 2810 1006 2847 illum
1035 2809 1283 2858 gratitudinisz

254 2878 319 2914 per
339 2865 439 2914 quod
461 2867 601 2905 innuit,
628 2863 662 2900 se
685 2861 852 2899 nondum
878 2872 1032 2897 omnem
1064 2860 1162 2908 spem
1187 2860 1285 2908 abje-

254 2916 360 2958 cisse,
390 2917 567 2962 propioris
588 2925 629 2950 ae
659 2912 910 2950 tolerabilioris
939 2911 1047 2948 exilii.
1100 2910 1213 2958 Quali
1235 2910 1288 2948 di-

254 2976 333 3006 cat:
367 2968 421 3002 Ac
455 2966 556 3012 spero
585 2962 777 3003 Caesarem
809 2962 997 3010 aliquanto
1024 2962 1286 3009 placatiorem‚

257 3018 382 3056 mitius
402 3017 551 3053 exilium
573 3013 769 3062 aliquando
792 3013 883 3049 mihi
898 3011 1166 3052 assignaturum.
1195 3011 1286 3048 Scri-

258 3068 325 3117 psit
346 3068 446 3106 enirn
480 3066 569 3102 haec
600 3067 714 3102 Po'e'ta
735 3091 745 3107 ,
782 3074 867 3100 cum
896 3064 933 3099 in
963 3062 1083 3099 Ponto
1114 3061 1287 3099 exularet.

262 3119 333 3157 Sed
355 3118 530 3160 dubium,
559 3116 618 3152 sub
632 3114 817 3163 August0‚
836 3112 1135 3150 aniubTiberio.
1159 3114 1287 3159 Quan-

263 3181 374 3217 quam
398 3167 669 3216 magisinciinat
689 3164 857 3206 animus,
882 3162 944 3200 sub
957 3162 1134 3205 Tiberio,
1164 3170 1203 3199 ut
1216 3173 1291 3198 cre-

263 3220 345 3255 dam
364 3247 373 3262 ‚
402 3220 571 3256 extremis
599 3216 731 3254 scilicet
763 3214 870 3263 ipsius
899 3213 1139 3260 temporibus.
1174 3211 1290 3260 Quod

262 3277 385 3307 autem
415 3270 516 3318 supra
550 3268 662 3313 dixit,
690 3265 753 3304 Dii
771 3265 891 3304 melius
920 3275 1088 3313 quorum,
1116 3271 1189 3303 erc.
1215 3273 1293 3301 non

2298 807 2371 862 Et

1332 939 1377 978 de
1399 937 1646 981 Germanico,
1674 944 1716 975 ut
1744 936 1915 976 Zarottus
1940 939 2121 987 exponit,
2147 939 2208 981 sed
2230 940 2276 980 de
2297 941 2380 979 Aui

1331 993 1434 1039 gusto
1456 989 1727 1037 accipiendum.
1769 990 1951 1027 MlCYLL.
1999 991 2164 1038 Quidam
2188 1021 2199 1037 ,
2235 993 2380 1029 Audiat

1332 1043 1425 1081 haec.
1438 1044 1583 1080 Herus.
1611 1040 1744 1076 Audiet
1756 1038 1818 1076 has
1831 1041 1940 1078 etiam
1957 1040 2127 1079 Heinsius
2141 1043 2299 1082 volebat.
2310 1045 2377 1089 fa·

1333 1094 1397 1130 ciet
1430 1096 1543 1132 etiam
1574 1090 1662 1128 editi
1694 1091 1838 1138 plurimi
1878 1092 1915 1128 &
1946 1093 2115 1130 nonnulli
2146 1093 2277 1143 scripti.
2315 1093 2378 1132 sed

1326 1143 1479 1201 forsitan
1512 1142 1712 1190 elegantius
1737 1141 1969 1191 subjuuetivo
1992 1143 2101 1191 jungi
2129 1143 2244 1183 solere
2271 1144 2378 1194 saepe

1335 1196 1641 1292 Vldzligiusbmon]
1682 1242 1729 1280 Et
1745 1241 1856 1292 potior
1870 1271 1880 1289 ,
1907 1245 1947 1282 ὅτ
1966 1242 2099 1294 propior
2118 1246 2217 1285 reete
2234 1247 2380 1297 legitur·

1335 1298 1436 1338 idem
1456 1298 1492 1334 in
1517 1308 1561 1333 ιι.
1580 1292 1692 1332 Trist.

1387 1360 1516 1397 Mitius
1538 1357 1683 1394 exilium
1696 1353 1730 1402 si
1746 1354 1808 1391 das
1823 1357 2022 1406 propiusque
2040 1359 2201 1407 roganti,

1437 1417 1525 1448 Pars
1544 1408 1608 1446 erit
1626 1408 1642 1443 ἒ
1657 1415 1766 1455 poena
1787 1419 1916 1456 magna
1934 1407 2057 1446 levata
2078 1423 2168 1447 mea.

1336 1472 1375 1510 &
1398 1472 1434 1510 in
1457 1483 1511 1510 ιν.

1388 1536 1519 1574 Mitius
1541 1534 1688 1573 exilium
1702 1535 1871 1586 pauloque
1884 1536 2108 1587 propinquius
2128 1544 2209 1583 oro,

1435 1589 1576 1636 §Quique
1585 1584 1634 1634 fit
1653 1585 1679 1622 ἐι
1690 1588 1798 1634 saevo
1818 1587 1946 1637 longior
1970 1588 2056 1636 hoste
2073 1588 2198 1626 locum.

1337 1651 1575 1691 Consum.
1604 1650 1701 1692 Fau.
1754 1652 1868 1700 Saepe
1895 1652 1968 1689 hoc
1999 1653 2090 1699 petit
2119 1651 2271 1691 inlibris
2292 1653 2383 1692 Tri:

1336 1702 1443 1761 stium
1468 1705 1505 1742 ὃ(
1527 1702 1573 1740 de
1596 1702 1731 1743 Ponto.
1766 1703 1938 1741 Ctorau.
1983 1708 2026 1739 Ut
2044 1703 2152 1753 potior
2171 1704 2277 1742 multi
2295 1704 2380 1743 scri-

1334 1762 1445 1845 pniss.
1477 1805 1737 1855 Iestifi'canda.]
1776 1804 1895 1842 Testis
1915 1804 2141 1843 advocanda.
2195 1805 2284 1843 Hoc
2302 1805 2381 1851 est}

1331 1855 1491 1894 Fortaffe
1512 1859 1624 1895 etiam
1656 1856 1791 1894 efficiet
1813 1855 2018 1903 Augustus,
2047 1864 2087 1892 ut
2119 1866 2196 1892 non
2217 1857 2375 1895 Pontica

1331 1915 1473 1945 tantum
1498 1910 1599 1957 regio
1622 1935 1633 1952 ,
1671 1907 1731 1944 sed
1760 1907 1847 1944 alius
1867 1907 1995 1949 locus,
2022 1907 2084 1954 qui
2119 1906 2264 1943 Romae
2286 1907 2381 1945 vici·v

1331 1958 1414 1995 nior
1434 1958 1496 2002 sit,
1518 1959 1628 1996 fidem
1654 1958 1784 2002 faciat,
1813 1968 1874 1993 me
1898 1956 1956 1999 ei,
1984 1955 2088 2004 quod
2113 1964 2258 2003 paterna
2278 1955 2378 1996 bona

1337 2008 1428 2046 mihi
1455 2020 1532 2047 non
1564 2010 1743 2046 ademerit
1766 2036 1776 2052 ,
1812 2008 1940 2054 gratias
1972 2004 2080 2053 egiffe
2101 2033 2111 2048 ,
2150 2007 2187 2043 δε
2227 2007 2378 2055 posthac

1335 2058 1519 2096 asturum„
1549 2059 1721 2096 Cxorau.
1775 2055 1992 2103 Restituenda
2014 2056 2165 2093 Moreti.
2186 2057 2292 2094 male.
2313 2056 2377 2096 lib.

1335 2120 1393 2147 xv.
1411 2120 1455 2146 ex
1480 2109 1586 2147 Pont.
1614 2121 1667 2146 1x.
1687 2107 1751 2155 98.

1387 2174 1479 2202 Haec
1498 2167 1663 2216 quoniam
1685 2166 1787 2203 tellus
1806 2164 2018 2213 testificanda
2039 2165 2128 2202 mihi
2150 2165 2204 2212 est.

1389 2242 1447 2280 30.
1474 2230 1676 2279 Qamlicet
1695 2243 1738 2271 (9-
1757 2231 1875 2279 misero
1899 2230 1913 2279 ]
1967 2230 2108 2274 Scribe,
2139 2230 2371 2279 Quamlibet,=

1337 2281 1375 2320 ὃ(
1393 2282 1450 2319 adi
1470 2291 1575 2320 notas
1597 2283 1641 2320 ad
1672 2281 1781 2326 Epist.
1802 2295 1851 2318 vi.
1891 2282 2034 2318 Herus.
2087 2283 2218 2329 Scripti
2239 2283 2374 2321 admo-

1336 2332 1425 2370 dum
1450 2333 1599 2370 variant.
1625 2333 1822 2382 quodlibet,
1850 2332 2001 2381 qualibet
2025 2359 2035 2375 ‚
2064 2345 2134 2382 qua
2155 2333 2253 2377 licet,
2282 2333 2375 2384 quod

1334 2385 1423 2423 licet.
1450 2397 1515 2433 quo
1540 2383 1617 2422 iicet
1646 2387 1683 2422 ὃς·
1707 2383 1771 2421 hele
1794 2409 1804 2430 ,
1843 2384 1900 2421 vel
1931 2383 1985 2420 hes·
2016 2383 2147 2430 misero.
2182 2395 2222 2419 ut
2252 2385 2377 2432 misero*

1335 2435 1471 2472 deditus
1494 2437 1604 2473 etiam
1629 2437 1780 2474 Patavii.

1390 2498 1451 2535 32·
1481 2488 1632 2523 Lumina
1654 2486 1777 2534 Solis.]
1820 2486 1871 2524 Ita
1891 2485 1994 2533 saepe
2008 2485 2139 2523 Noster
2157 2484 2195 2521 &
2214 2483 2272 2521 alii
2312 2481 2374 2521 sed

1336 2544 1377 2574 ut
1402 2538 1641 2582 κακέμφκτον
1671 2539 1804 2574 vitetur
1825 2565 1835 2581 ‚
1884 2536 1986 2586 quod
2019 2536 2105 2572 facit
2136 2540 2237 2570 Luna
2261 2535 2297 2570 ὃ(
2319 2533 2378 2569 lu-

1336 2587 1457 2632 mina,
1486 2589 1609 2626 malim
1635 2599 1720 2624 cum
1751 2588 1966 2625 Sarraviano
1985 2613 1996 2630 ,
2034 2585 2158 2629 fidera.
2176 2595 2271 2632 quae
2293 2595 2377 2631 per-

1337 2640 1495 2676 mutatio
1517 2639 1816 2687 frequentissima.
1838 2638 1909 2675 vid.
1924 2636 2031 2683 Epist.
2044 2635 2219 2673 xv1.206.
2248 2635 2380 2673 &xxv-

1337 2689 1432 2725 Met.
1459 2701 1539 2733 172.
1566 2692 1603 2726 ὃς
1630 2689 1725 2726 alibi.
1752 2698 1902 2738 tempora
1928 2695 2003 2724 erat
2032 2687 2068 2724 in
2102 2685 2258 2723 duobus.
2280 2692 2319 2723 ut
2338 2685 2379 2723 in

1339 2740 1497 2778 Remed.
1525 2740 1607 2789 585.

1393 2806 1530 2852 Tristior
1551 2806 1673 2844 idcirco
1697 2817 1766 2842 nox
1784 2803 1828 2848 est
1841 2831 1852 2849 ,
1880 2815 1987 2853 quam
2005 2811 2157 2852 tempora
2179 2800 2315 2839 Phoebi.

1341 2857 1472 2895 Eunu.

1396 2920 1456 2958 33.
1483 2906 1671 2956 Emittet.]
1704 2904 1875 2942 immittet
1895 2903 1994 2942 Edit.
2008 2904 2167 2940 Domitii
2189 2901 2227 2938 ὅτ
2246 2901 2352 2939 aliae:

1398 2971 1454 3009 35.
1483 2963 1528 2994 Et
1569 2971 1660 2994 nova
1690 2957 1851 3002 fraterno
1891 2954 2005 2991 veniet
2036 2952 2210 2990 concordia
2254 2954 2382 2998 fumo,'

1346 3012 1466 3057 Quam
1487 3022 1587 3045 vetus
1607 3007 1744 3054 accensa
1757 3007 1888 3054 separet
1907 3007 1961 3042 ira
1975 3015 2071 3055 pyra.
2087 3003 2101 3051 ]
2129 3002 2322 3057 Eteoelem
2336 3004 2378 3041 &

1346 3060 1562 3109 Polynicem
1588 3059 1734 3101 fratres,
1764 3058 1899 3103 Oedipi
1931 3056 2144 3093 Thebarum
2167 3064 2257 3101 regis
2285 3052 2380 3091 filios

1347 3110 1536 3158 intelligit,
1564 3120 1722 3157 quorum
1747 3109 1825 3156 rogi
1847 3107 2015 3143 fumusin
2030 3103 2116 3140 duas
2136 3111 2274 3151 partes,
2291 3115 2380 3141 cum

1348 3160 1452 3197 simul
1476 3169 1663 3196 urerentur
1684 3187 1694 3202 ,
1729 3158 1764 3195 se
1787 3157 1917 3195 divisit.
1945 3155 2102 3192 Ovidius
2130 3154 2190 3192 lib.
2208 3165 2241 3190 v.
2267 3153 2380 3193 Trist.

1350 3211 1451 3258 Eleg.
1485 3223 1535 3248 vi.
1564 3210 1607 3247 ad
1637 3210 1804 3246 Uxorem
1829 3235 1840 3252 ,
1881 3206 1940 3245 ubi
1971 3205 2078 3254 hujus
2106 3205 2160 3243 rei
2189 3203 2383 3243 auetorem

1350 3261 1618 3300 Callimachum
1635 3257 1740 3299 fuisse
1759 3259 1829 3297 ait:

2266 3304 2385 3355 Sensus
