2547 3708
619 92 1528 150 PRAEFArioNEs
2035 120 2129 173 :n

152 196 278 263 Quae
300 193 391 242 licet
413 192 565 256 ingenio
587 192 707 237 laetis
731 192 810 236 vix
832 189 965 236 cedere
985 189 1156 252 constet,

215 262 352 308 Nemo
373 270 512 305 tamen
530 259 645 317 turpi
667 256 757 301 labe
780 271 917 301 carere
939 267 1075 319 negat.

153 327 236 376 Sed
251 327 415 373 veniam
438 322 580 386 mistero
596 320 741 383 facilis
764 321 923 367 concede
945 322 1104 368 Poetae

213 393 363 438 Leffior
381 422 395 447 ,
428 389 647 435 inhumani
669 386 859 448 Caesaris
876 385 997 448 usqae
1021 403 1184 433 memor.

151 457 303 516 Hanc,
325 456 483 508 ‚Getica
507 455 642 500 volait
662 453 804 498 tellure
829 453 934 514 qnod
954 453 1035 512 oſja
1054 453 1212 499 recondi

213 519 410 582 Exsulis,
442 520 628 566 invidiae
640 518 821 578 pondera
833 517 952 577 justa
965 527 1174 578 premant.

151 587 215 633 Et
235 589 386 647 quoties
406 586 535 632 Latio
556 586 737 630 meminit
759 581 944 643 Nafimis
965 582 1124 628 ademti

213 651 443 712 Posteritas
457 685 473 710 ,
505 651 633 696 daras
655 647 937 708 commiseram
961 650 1098 706 vices,

149 717 248 782 Qo
262 719 451 776 patriam
475 716 529 768 δέ
555 716 656 775 leges
679 711 888 773 Augustas
902 712 1043 772 prefflt
1062 713 1207 758 avitas
1220 744 1236 770 ,

217 782 446 828 Devoveat
459 781 622 844 famuli
640 778 800 838 pondus
819 776 944 822 herile
953 777 1064 838 jugi.

444 893 960 957 EJUSDEM
1031 893 1686 943 PRAEFATIO.

3 979 5 998 l

2 1001 6 1052 i
172 1015 314 1074 Ulta,
350 1013 522 1062 Lector
551 1011 806 1071 benevole,
839 1011 894 1058 ad
933 1026 1117 1057 manum
1141 1024 1296 1070 erant,
1332 1026 1444 1074 quae
1468 1010 1523 1058 de
1545 1011 1753 1070 Ovidio,
1789 1011 1973 1077 ejusque
1995 1014 2125 1077 inge-

193 1081 271 1127 nio
306 1079 522 1143 disputari
558 1078 763 1142 possent3
801 1077 875 1122 sed
913 1092 963 1121 ea
993 1077 1149 1138 potius
1174 1075 1425 1123 differenda
1447 1076 1607 1123 censeo
1627 1077 1673 1123 in
1699 1078 1978 1137 editionem,
2012 1095 2126 1143 quae

23 1148 149 1194 brevi
183 1145 420 1208 sequetur,
457 1145 504 1191 &
530 1141 820 1189 lllustriffimi
844 1140 1026 1188 Heinfii
1064 1142 1269 1187 secundis
1303 1145 1451 1199 curis,
1486 1142 1770 1204 aliorumque
1802 1143 2006 1189 virorum
2044 1143 2128 1189 do-

22 1210 220 1259 &iffimis
254 1207 625 1256 adnotationibus
661 1219 881 1252 exornata
917 1205 1150 1270 prodibit,
1188 1206 1220 1252 si
1253 1207 1380 1252 Deus
1407 1207 1537 1253 nobis
1563 1208 1701 1253 vitam
1726 1207 1773 1253 &
1796 1207 1911 1253 vires
1936 1207 2127 1254 dederit.

0 1302 2 1332 ξ
21 1276 167 1323 Nunc
189 1276 343 1336 paucis
364 1275 420 1320 de
446 1275 531 1320 hac
554 1272 786 1330 editione,
801 1271 970 1335 &quid
993 1270 1377 1334 praestiterimus,
1400 1286 1532 1333 agere
1557 1273 1721 1334 placet.
1759 1271 1917 1318 Secuti
1940 1273 2126 1334 quidem

0 1333 3 1394 l
23 1340 230 1388 sumusin
258 1338 479 1403 plerisque
501 1339 870 1399 omnium,quae
893 1336 1045 1382 adhuc
1069 1337 1308 1394 exierunt,
1323 1336 1581 1382 editionum
1603 1334 2006 1382 emendatiffimarn
2033 1337 2084 1383 N
2091 1338 2129 1382 i-

0 1398 140 1452 lcolai
163 1403 373 1463 Heinfii,
409 1421 544 1467 quam
582 1403 658 1450 ille
693 1419 812 1448 anno
846 1399 983 1448 seculi
1021 1402 1236 1464 proxime
1270 1399 1407 1464 elapsi
1443 1401 1593 1463 primo
1622 1402 1670 1447 δεῖ
1701 1399 1978 1464 sexagesimo
2007 1402 2128 1463 typis

0 1456 316 1517 {Eizevirianis
351 1468 542 1516 describi
579 1467 773 1514 curavit.
843 1467 913 1512 Ita
952 1480 1103 1512 tamen
1135 1468 1230 1529 ejus
1266 1466 1456 1529 vestigia
1481 1465 1742 1528 preffimus,
1776 1478 1857 1522 ut,
1892 1464 1973 1511 ubi
1995 1466 2129 1512 nobis

21 1535 163 1580 nimio
186 1533 435 1581 innovandi
460 1533 610 1580 studio
626 1567 641 1592 ,
677 1531 727 1578 δεῖ
747 1531 1024 1594 conjecturis
1046 1547 1140 1577 non
1165 1529 1264 1577 satis
1286 1532 1420 1576 certis
1444 1530 1697 1590 indulfiss'e,
1734 1530 1781 1576 &
1806 1542 2009 1577 veterem
2032 1530 2128 1577 edi-

23 1613 180 1646 torum
213 1599 262 1645 &
298 1615 436 1645 manu
468 1611 760 1646 exaratorum
795 1596 1015 1642 codicum
1040 1596 1284 1643 lectionem
1308 1596 1543 1642 immerito
1567 1595 1743 1659 ejeciffe
1766 1594 2039 1653 videbatur,
2073 1596 2128 1642 ab

21 1665 116 1728 ejus
144 1662 366 1710 sententia
399 1662 627 1710 discedere
659 1662 824 1726 religio
857 1678 953 1708 non
990 1661 1128 1708 foret.
1195 1661 1451 1708 Rationem
1488 1677 1629 1720 vero,
1663 1676 1747 1707 cur
1784 1659 2003 1723 quaedam
2027 1660 2130 1709 loca

20 1727 96 1775 hic
129 1728 260 1775 aliter
280 1742 419 1793 atque
443 1730 491 1775 in
514 1727 764 1776 Heinsiana
786 1726 990 1773 editione
1013 1727 1254 1789 legantur,
1288 1741 1398 1772 mox
1415 1759 1430 1784 ,
1465 1725 1544 1771 ubi
1574 1726 1757 1789 majoris
1782 1725 1930 1787 operis
1955 1724 2003 1770 &
2027 1741 2128 1771 mo-

22 1791 73 1840 lis
106 1793 250 1840 editio
281 1793 545 1854 curabitur,
589 1792 839 1840 reddemus.
909 1791 1068 1851 Quare
1098 1804 1152 1838 ut
1184 1807 1239 1837 eo
1273 1790 1414 1855 usque
1441 1790 1671 1851 judicium
1709 1790 1757 1836 &
1794 1787 2026 1835 censuram
2058 1789 2129 1837 su-

19 1856 204 1916 stineas,
242 1875 484 1922 rogamus,
528 1858 576 1904 &
612 1859 699 1904 hac
732 1857 1013 1919 promulside
1051 1856 1098 1902 ὃς
1120 1856 1385 1920 gustatione
1411 1855 1573 1902 leviter
1606 1855 1842 1911 initiatus,
1874 1853 1929 1899 ad
1954 1856 2128 1918 majora

20 1921 194 1969 Fercula
231 1922 279 1969 &
313 1924 525 1969 lautiores
557 1921 692 1985 dapes
726 1922 893 1968 famem
933 1923 1113 1984 plenam
1141 1920 1325 1966 adferas.
1394 1918 1645 1966 Industriae
1670 1935 1779 1966 vero
1803 1916 2018 1965 &labori
2043 1935 2127 1966 no-

20 1985 142 2043 stro,
177 1986 342 2048 quibus
374 1985 667 2033 interioribus
701 1986 842 2033 literis
878 1986 1110 2049 prodess'e,
1148 1987 1193 2031 δί
1222 1985 1483 2049 juventutis
1512 1984 1656 2030 studia
1687 1983 1843 2029 fovere
1871 1981 2128 2046 studemus,

19 2051 177 2097 favere.
207 2066 376 2114 perge,
420 2066 566 2114 pauca
603 2066 741 2108 vero,
785 2066 899 2113 quae
932 2050 1287 2113 typothetarum
1324 2048 1639 2112 negligentia,
1673 2049 1787 2096 vitia
1822 2046 2128 2110 irrepserunt,

20 2129 99 2180 per
118 2128 165 2161 te
191 2118 424 2178 corrigere
449 2116 571 2163 velis.

204 2247 803 2312 UBERTINI
902 2249 1429 2322 CLERICI,
1492 2250 1945 2322 Crescentinatis,

606 2347 857 2396 Dedicatio
880 2362 985 2396 ante
1007 2347 1236 2412 Epistolas
1260 2348 1541 2395 Heroidum.

552 2461 559 2466 ·
623 2439 894 2504 Magnifico
918 2442 967 2488 &
990 2440 1360 2506 Splendidiffimo
1384 2441 1505 2488 Viro

122 2536 617 2600 GUIDONI
707 2538 836 2598 DE
932 2537 1392 2600 SANCTO
1488 2533 2017 2616 GE'ORGIO,

214 2656 394 2704 Comiti
417 2654 665 2703 Blandrate
689 2653 738 2702 &
764 2656 916 2718 primo
919 2654 1257 2767 Siarpsiiionah
1281 2654 1548 2701 Camerario
1571 2656 1619 2702 δί
1642 2655 1918 2704 Confiliario

973 2736 1068 2784 igni
1107 2735 1219 2766 1mo.

22 2833 346 2950 ADmirati
373 2837 475 2884 sunt
504 2838 823 2902 saepenumero
861 2855 995 2902 quam
1026 2838 1247 2901 plurimi,
1281 2837 1361 2900 qui
1392 2853 1466 2883 me
1493 2837 1566 2884 vel
1596 2838 1784 2885 nomine
1807 2850 2017 2894 tantum,
2051 2836 2124 2883 vel

174 2919 220 2950 re
243 2903 291 2950 δεῖ
316 2901 563 2965 praesentia
590 2915 947 2966 cognoverunt,
965 2904 1050 2948 Vir
1068 2901 1330 2966 Magnifice
1353 2902 1514 2949 Guido
1530 2903 1683 2967 ,quod
1707 2919 1815 2949 cum
1841 2903 1888 2948 in
1914 2902 2024 2948 locis
2051 2916 2126 2946 ce-

21 2966 266 3023 leberrimis
292 2966 340 3015 &
377 2965 623 3013 clariffimis
657 2968 915 3014 Mediolani
950 2967 998 3014 &
1022 2969 1187 3032 Papiae
1223 2967 1549 3032 interpretandi
1587 2983 1717 3015 more
1749 2967 1940 3030 publico
1966 2965 2013 3013 &
2041 2967 2128 3011 ho-

20 3032 142 3096 nesto
177 3030 329 3080 salario
367 3048 474 3078 cum
511 3046 676 3095 magna
708 3033 916 3077 omnium
942 3033 1090 3096 gratia
1115 3032 1362 3096 fungerer,
1399 3033 1447 3080 &
1470 3032 1868 3080 illustriffimorum
1896 3031 2125 3078 Mediola-

22 3093 223 3145 henfium
244 3098 517 3161 principum
552 3097 841 3159 benignitate
879 3096 1013 3161 fungi
1039 3097 1227 3156 liceret,
1263 3098 1354 3160 ipse
1387 3098 1548 3160 sponte
1575 3113 1672 3144 mea
1699 3098 1745 3144 id
1773 3113 1938 3144 munus
1965 3096 2125 3141 omile·

21 3156 136 3224 iim,
169 3162 218 3211 &
250 3164 298 3212 in
324 3161 769 3212 Montemferratum
797 3160 1042 3229 Casaleque
1076 3178 1151 3210 me
1185 3164 1500 3211 contulerim:
1535 3164 1864 3228 requiruntque
1899 3163 1947 3209 in
1969 3160 2054 3207 hac
2080 3173 2128 3204 re

2008 3239 2120 3286 pru-
