2547 3708
0 50 3 201 μ
627 137 1538 196 PRAEFATIONES.
2046 166 2192 220 ¹41*

0 255 1 285 l
27 244 88 292 ses
118 238 402 306 persecutUS,
436 235 492 282 ad
526 234 750 281 summam
786 233 1000 298 profecto
1032 235 1081 283 &
1102 236 1268 284 sciendi
1297 240 1343 285 ὃ(
1369 237 1657 304 intelligendi
1687 239 1950 289 facultatem
1975 261 2134 307 perve-

0 290 1 372 ᾗ
27 307 168 355 niffes.
237 303 304 349 Ea
333 302 456 348 enim
491 299 594 347 sunt
628 299 765 346 animi
793 299 840 345 &
868 301 1043 363 ingenii
1070 303 1137 347 tui
1161 318 1456 352 ornamenta:
1493 321 1608 368 quae
1631 306 1815 368 quidem
1842 324 2134 369 ornamenta,

27 373 74 418 &
98 368 248 416 causae
273 383 345 413 me
374 365 427 411 ad
449 366 548 424 tui,
584 378 867 427 tuorumque
890 367 1099 411 omnium
1116 399 1131 424 ,
1166 369 1244 430 qui
1269 383 1342 414 me
1366 386 1461 416 non
1483 370 1736 433 vulgariter
1759 371 2047 433 dilexerunt,
2083 391 2134 420 ae

23 436 247 498 diligunt,
291 443 561 495 perpetuam
595 429 926 476 observantiam
961 430 1161 476 mirifice
1198 433 1473 495 impellunt,
1523 434 1817 498 faciuntque,
1853 450 1903 483 ut
1937 437 2017 483 sub
2049 451 2134 484 tuo

0 517 1 522 ¹
24 501 234 554 nomine,
270 496 396 559 quod
426 511 521 541 non
548 493 693 541 solum
719 494 764 539 in
790 495 1107 556 Neapolitano
1132 511 1276 559 regno
1293 531 1307 555 ,
1343 512 1535 561 totaque
1563 500 1721 558 ltalia,
1745 500 1814 545 sed
1842 501 1890 547 ὃς
1914 502 1961 547 in
1983 515 2135 548 exter-

26 566 92 610 nis
125 576 312 625 quoque
337 559 604 624 regionibus
627 571 821 622 propter
845 561 1005 604 miram
1034 559 1172 622 ipfius
1195 564 1543 624 antiquitatem,
1578 564 1963 628 nobilitatemque
1987 567 2134 613 clai-is-

25 627 183 674 simum
225 625 315 683 est,
351 623 573 688 quidquid
598 639 688 687 ego
714 625 760 669 in
788 624 1001 682 Ovmn,
1037 640 1171 686 quem
1203 629 1388 689 poetam
1415 642 1467 674 tu
1495 631 1663 675 merito
1690 631 1948 689 admiraris,
1986 632 2134 677 Amo-

25 708 124 739 rum
150 690 291 736 libros
308 724 321 748 ,
361 687 730 749 jucundiflimos,
764 687 1202 751 cruditiffimosque,
1239 694 1491 738 notaverim
1511 728 1526 752 ,
1562 694 1609 739 in
1636 694 1784 739 lucem
1808 696 2017 742 emittam
2034 731 2049 755 ,
2075 698 2135 743 ti-

23 758 161 818 bique
188 747 464 801 conseciem.
535 752 635 810 Qii
656 752 829 798 labores
854 751 884 797 fi
911 752 1028 811 tibi,
1062 770 1237 817 avoque
1261 770 1372 815 tuo,
1408 758 1507 803 viro
1533 774 1682 803 rerum
1707 761 1917 805 omnium
1939 760 2039 806 usus
2063 763 2131 808 in-

23 818 420 884 telligentiffimO,
448 818 650 877 JoANNt
677 816 1011 874 ViNcENTio,
1046 816 1268 881 fratrique
1294 834 1404 878 tuo,
1439 822 1713 868 adolescenti
1737 823 1866 869 valde
1891 826 2037 886 probo
2054 860 2067 881 ,
2086 827 2135 872 &t

22 887 232 943 erudim,
271 885 531 940 ScipiONi,
567 882 647 943 qui
682 881 841 925 harum
878 882 924 926 in
957 882 1115 944 primis
1140 899 1290 929 rerum
1317 887 1486 948 optimi
1510 887 1840 933 existimatores
1862 890 1985 948 estis,
2025 907 2133 950 pro-

23 951 281 1007 babuntur,
315 949 362 993 in
396 945 519 1004 finu,
554 958 787 1008 tamquam
827 944 1048 991 summam
1075 946 1345 994 felicitatem
1373 950 1670 1009 consecutus,
1706 952 1920 999 laetabor.
1990 955 2134 1014 Vale,

25 1028 187 1076 meque
209 1024 464 1075 perpetuo,
499 1022 552 1056 ut
578 1010 716 1068 soles,
752 1009 908 1076 dilige.
977 1012 1159 1059 Romae
1183 1030 1246 1060 vi.
1274 1013 1390 1061 ldib.
1411 1015 1518 1076 Jun.
1548 1033 1601 1062 M.
1628 1032 1677 1061 D.
1702 1032 1850 1063 Lxxx.

831 1141 1342 1199 EJUSDEM

496 1235 552 1281 In
576 1234 757 1299 Elegias
783 1236 838 1283 de
861 1238 1174 1284 Medicamine
1198 1238 1329 1286 faciei
1355 1240 1401 1287 ὃς
1424 1240 1481 1287 de
1509 1241 1671 1288 Nuce.

56 1291 391 1374 iLLUSTRI
437 1322 850 1385 ADMODUM‚
887 1326 1634 1385 SPECTATlsslMAEQUE
1679 1328 2101 1376 PRosstTA‘ris

43 1420 46 1421 f
591 1404 683 1450 ET
719 1405 1201 1452 ERUDJTIONis
1237 1407 1591 1470 FEMINAE,

429 1491 865 1548 LIVIAE
953 1493 1715 1558 ssECCARtAE,

817 1594 1058 1659 Spairanae
1084 1592 1340 1643 Ticinenfi.

26 1711 246 1826 VEra
279 1727 330 1757 ac
363 1710 502 1760 solida
533 1713 627 1761 laus
657 1731 709 1763 ea
732 1716 944 1780 profesto
966 1714 1060 1776 est,
1095 1732 1230 1781 quam
1255 1716 1446 1782 majores
1469 1717 1525 1773 ii,
1562 1717 1642 1780 qui
1664 1715 1832 1764 divitiis
1853 1717 1998 1778 bene,
2033 1720 2129 1767 lau-

172 1776 472 1841 dabiliterque
505 1782 670 1842 partis,
708 1783 756 1828 ὃς
792 1783 925 1829 rebus
959 1783 1116 1842 domi,
1152 1782 1432 1846 militiaeque
1468 1782 1607 1846 gestis
1645 1782 1819 1829 nobiles
1854 1786 2128 1845 extiterint,

23 1841 211 1905 posteris
247 1858 334 1887 una
364 1859 469 1890 cum
495 1844 707 1892 fortunae
733 1847 865 1893 bonis
890 1848 1208 1895 hereditariam
1235 1847 1519 1911 relinquunt.
1588 1847 1677 1893 Sed
1703 1847 1842 1910 longe
1863 1850 2041 1908 verior,
2075 1867 2129 1896 ac

22 1905 207 1952 solidior
231 1921 279 1952 ea
301 1905 392 1965 est,
425 1924 559 1971 quam
585 1910 648 1955 ita
669 1911 871 1957 reli&ain
898 1912 1083 1958 heredes
1106 1911 1190 1973 ipfi
1213 1911 1286 1957 sua
1310 1912 1552 1969 industria,
1574 1909 1747 1974 suoque
1774 1912 1923 1958 studio
1945 1930 2037 1960 non
2060 1913 2132 1960 so·

23 1970 120 2016 lum
156 1976 374 2029 tuentur,
407 1971 480 2017 sed
515 1972 655 2036 longe
682 1975 861 2038 lateque
883 1990 1159 2039 propagant.
1228 1976 1383 2034 Qam
1408 1977 1593 2039 quidem
1615 1975 1792 2022 laudem
1819 1978 1920 2039 quis
1945 1977 2133 2024 hodier-

23 2051 85 2081 no
109 2034 182 2080 die
207 2034 301 2091 est,
336 2037 447 2097 quin
472 2037 557 2083 tibi
586 2040 752 2084 merito
775 2039 1065 2086 tribuendam
1094 2040 1320 2086 fateatur?
1355 2043 1437 2086 Tu
1461 2041 1582 2085 enim
1609 2039 1684 2085 illa
1705 2055 1778 2099 es,
1806 2042 1961 2088 LivrA
1978 2076 1993 2100 ,
2016 2058 2130 2105 quae

25 2101 251 2161 majorum
275 2111 492 2159 tuorum,
529 2102 607 2163 qui
632 2102 786 2162 istius,
822 2104 869 2150 in
902 2121 990 2168 qua
1016 2119 1121 2151 nata
1144 2120 1216 2163 es,
1252 2103 1375 2150 urbis
1410 2104 1589 2150 domini
1627 2105 1880 2167 antiquitus
1914 2105 2130 2165 fuerunt,

23 2163 243 2226 gloriam,
279 2166 548 2227 generisque
578 2167 899 2227 nobilitatem,
935 2185 1072 2231 quam
1107 2169 1355 2231 nongentis
1379 2168 1575 2228 abhinc,
1610 2183 1757 2231 eoque
1790 2170 1984 2233 amplius
2006 2172 2133 2217 annis

25 2228 242 2274 illustrem
265 2228 378 2286 elie,
413 2229 763 2290 quamplurimis
789 2233 1017 2291 historiis,
1051 2250 1159 2296 quas
1183 2247 1346 2295 quarto
1371 2233 1541 2279 abhinc
1566 2248 1686 2278 anno
1713 2234 2029 2297 Hieronymus
2045 2235 2137 2281 Ca-

28 2304 159 2352 tena‚
194 2294 263 2338 vir
287 2292 593 2352 doetiffimus,
628 2307 825 2358 tuaeque
850 2297 1089 2362 dignitatis
1120 2296 1443 2356 amantiffimus
1478 2297 1594 2343 mihi
1630 2296 1857 2358 ostendit,
1893 2300 2131 2361 proditum

26 2356 116 2416 est,
151 2357 399 2419 multipiici
423 2357 650 2405 bonarum
674 2363 837 2408 artium
862 2362 1098 2421 doctrina,
1135 2361 1443 2425 singularique
1465 2361 1698 2424 probitate
1722 2361 2010 2409 illustriorem
2036 2364 2137 2409 red-

27 2421 105 2467 dis.
175 2422 250 2467 De
273 2435 351 2467 tua
371 2437 524 2469 autem
548 2424 657 2487 quid
681 2424 832 2473 dicam
857 2427 1232 2490 pulchritudine,
1266 2444 1354 2490 qua
1377 2443 1472 2473 non
1496 2425 1726 2472 Insubriae
1749 2425 1892 2473 solum
1919 2429 2137 2491 regionis,

25 2483 98 2531 sed
122 2488 272 2532 omnis
297 2503 481 2550 quoque
496 2487 844 2551 Transpadanae
859 2492 1036 2538 Galliae
1061 2491 1299 2549 mulieres,
1334 2491 1457 2554 quod
1483 2489 1602 2537 bona
1627 2506 1779 2536 earum
1807 2493 1939 2538 venia
1961 2491 2139 2539 dietum-

31 2548 112 2608 fit,
148 2551 292 2596 vincis
315 2564 452 2613 atque
482 2552 725 2600 obscuras?
760 2555 896 2614 Quae
921 2573 994 2603 me
1019 2557 1289 2619 praecipuae
1316 2556 1496 2613 causae,
1530 2568 1582 2600 ut
1613 2556 1717 2601 alias
1749 2558 1993 2616 omittam,
2030 2573 2137 2602 cum

29 2616 263 2677 corporis,
298 2628 398 2662 tum
424 2618 563 2663 animi
587 2634 703 2665 raras
729 2621 923 2668 virtutes
949 2635 1049 2667 tuas
1065 2655 1079 2679 ,
1113 2637 1220 2684 quas
1251 2619 1283 2667 fi
1309 2620 1537 2667 recensere
1562 2619 1655 2681 ipse
1679 2620 1841 2666 vellem
1857 2622 1978 2679 ,dies
2004 2622 2140 2667 citius

30 2693 105 2723 me
129 2678 376 2739 deficeret,
391 2698 526 2744 quam
555 2685 789 2744 materies,
825 2686 1136 2749 impulerunt,
1159 2698 1213 2732 ut
1234 2685 1472 2748 perbreves
1495 2684 1571 2729 has
1593 2685 1642 2730 in
1666 2685 1992 2746 pulcherrimas
2014 2686 2141 2732 Ovi-

31 2758 108 2788 D11
125 2775 141 2800 ,
174 2743 285 2788 civis
311 2746 401 2790 mei
430 2747 503 2792 De
526 2746 832 2796 medicamine
857 2750 989 2797 faciei
1012 2784 1027 2808 ,
1056 2766 1108 2796 ac
1134 2750 1191 2796 de
1214 2750 1359 2797 Nuce
1393 2749 1567 2813 elegias
1600 2748 1934 2796 observationes
1960 2749 2044 2796 tibi
2069 2751 2140 2794 in-

32 2804 296 2868 scripserim.
365 2807 498 2866 Qae
524 2810 556 2856 fi
579 2815 803 2861 acerrimo
825 2828 910 2861 tuo
932 2815 1113 2878 judicio
1140 2814 1487 2876 probabuntur,
1522 2814 1611 2859 erit
1637 2813 1750 2858 mihi
1772 2829 1858 2860 ,cur
1879 2813 2005 2859 valde
2027 2829 2138 2875 gau-

33 2867 186 2929 deam,
224 2869 272 2916 &
293 2886 347 2916 ex
374 2871 617 2933 industria,
650 2877 1010 2943 diligentiaque,
1048 2895 1184 2941 quam
1209 2880 1256 2926 in
1283 2878 1446 2925 eodem
1474 2878 1615 2941 po'e'ta
1637 2877 1903 2924 illustrando
1932 2878 2139 2934 adhibui,

36 2933 284 2983 uberrimos
309 2934 483 2984 fruetus
505 2940 699 3002 capiam.
736 2944 884 3003 Vale,
922 2946 1123 2992 ROMAE
1160 2959 1224 2992 iv.
1259 2943 1456 2991 Kalend.
1484 2943 1605 3005 Mai.
1635 2957 1915 2990 M.D.Lxxx,

1276 3210 1318 3264 ‘s
1359 3228 1383 3279 ς
1960 3211 2139 3274 EJUS·
