2547 3708
827 167 854 226 t
999 164 1046 223 B

1193 162 1218 219 I
1360 163 1415 219 S.

2107 179 2204 230 105

447 278 724 352 Lapsaque
751 290 845 346 per
869 268 1071 325 medias
1097 265 1279 320 effluat
1305 264 1469 336 usque
1497 275 1697 316 manus.

375 353 562 424 thue
590 364 737 423 pater
765 347 945 400 solitae
974 344 1140 398 varias
1168 350 1373 391 mutare
1397 336 1593 406 figuras

453 426 648 482 Plenus
674 415 986 477 inexstint‘la
1014 410 1295 469 conficiare
1319 410 1474 464 same.

85 671 132 710 ris
146 670 184 709 ὅτ
200 667 282 717 Jafii
301 666 391 705 silius
405 693 416 711 ,
453 663 615 711 deusque
638 657 849 697 divitiarum
865 682 876 700 ,
914 654 1018 705 cujus
1041 665 1120 693 me-

88 722 196 762 minit
216 719 400 757 Hesiodus
426 716 463 753 in
493 710 733 758 Theogonia.
774 709 898 755 Iginus
927 707 965 743 in
989 706 1123 743 Arfto-

83 773 238 823 phylace
255 769 463 815 ,Diodorus
474 764 511 802 in
531 763 656 800 Sexto.
682 758 790 806 hujus
810 757 1122 804 interpretationis

84 830 260 867 inventor
293 819 445 857 Codrus.
502 813 652 850 Cousr.
688 810 785 847 Fan.
813 808 962 845 Plutum
986 807 1123 845 intelli-

83 876 162 928 git,
191 874 236 911 de
258 882 334 921 quo
357 863 583 906 Hesiodorus
604 864 642 900 in
664 859 916 907 Theogonia,
943 856 986 902 §ll-
1008 859 1097 907 969.

144 965 297 1017 Δημήτηρ
318 961 373 1013 ff
393 962 538 999 Πλοῦτον
558 956 705 1003 ἐγείνατο
725 952 779 992 >lx
797 950 928 1004 oedem,

139 1015 255 1065 soce-[w
276 1019 352 1071 ἤξωϊ
368 1015 494 1067 μιγεῖα-’
523 1014 624 1065 ἐξαιτῇ
647 1011 816 1061 φιλότητι,

145 1077 232 1126 Νειᾷ
250 1076 297 1112 ε’νι
316 1073 490 1124 τριπόλῳ,
519 1066 643 1121 Κξῆτης
675 1069 706 1104 ἐν
725 1065 810 1102 wilri
832 1060 941 1115 δῇμῳ,

87 1152 274 1196 Ubinota,
287 1151 358 1193 νειῷ
372 1148 421 1185 ἐνῑ
437 1145 594 1192 τριπόλῳ
607 1152 683 1180 non
696 1138 830 1182 effe‚in
846 1135 1003 1183 templo,
1016 1133 1119 1184 quod

88 1203 159 1241 fuit
169 1204 206 1240 in
220 1202 305 1240 urbe
318 1197 491 1247 Tripoli,
513 1206 551 1234 ut
564 1194 855 1230 Commeiitator
868 1186 1023 1234 exponit
1036 1197 1044 1222 :
1057 1185 1117 1223 sed

88 1254 127 1290 in
149 1253 295 1294 novali,
322 1250 396 1287 five
414 1257 502 1296 agro
531 1245 701 1286 tertiam,
727 1241 801 1278 hoc
829 1238 898 1282 est,
927 1245 981 1274 ter
1002 1244 1116 1274 arato.

86 1303 186 1340 Nam
219 1303 255 1339 in
275 1301 362 1339 loco
392 1297 523 1340 fertili,
554 1297 590 1332 &
615 1294 721 1341 copia
750 1301 870 1328 rerum
893 1286 1115 1331 abundanti,

85 1352 234 1390 Plutum
259 1359 388 1388 natum
411 1347 578 1395 intelligit
601 1346 725 1381 l‘oeta.
779 1341 956 1378 Micrtr..
992 1337 1115 1375 Plutus

81 1400 335 1450 intelligendus
350 1428 360 1444 ,
389 1398 529 1436 Cereris
549 1400 584 1433 &
603 1394 681 1432 Iasii
696 1393 786 1430 filiiis
800 1420 809 1435 ‚
823 1392 880 1428 cui
902 1387 1115 1426 distribuen-

84 1453 211 1492 darum
233 1453 442 1491 divitiarum
475 1458 607 1485 munus
638 1441 847 1482 concellum
875 1438 944 1477 esse
972 1448 1113 1476 veteres

86 1504 328 1542 crediderunt.
380 1501 548 1548 Ideoque
569 1507 695 1534 caecus
712 1494 872 1535 habitus,
901 1490 1112 1536 cujusmodi

84 1554 129 1592 ab
149 1554 390 1603 Aristophane
420 1547 633 1588 Comoedia
661 1545 889 1593 cognomine
910 1539 1112 1578 introduci·

84 1612 162 1643 tur:
188 1616 273 1643 nam
297 1616 380 1641 cuin
402 1609 508 1639 antea
532 1596 846 1647 perspicacissimus
870 1590 979 1636 effer,
1007 1591 1045 1628 δι
1066 1590 1111 1629 ad

81 1656 181 1694 viros
202 1656 320 1693 bonos
342 1662 482 1692 tantum
497 1649 713 1691 accederet,
743 1642 1004 1691 Iupiteripsum
1020 1653 1110 1679 ocu-

79 1704 122 1744 lis
142 1707 298 1755 privavit
318 1732 329 1750 ,
359 1713 399 1742 ut
430 1702 530 1740 nullo
553 1699 676 1748 postea
696 1695 837 1736 delectu
869 1692 1019 1742 quosvis
1035 1691 1108 1729 adi-

79 1764 147 1794 ret.
201 1757 301 1795 Sicut
322 1753 579 1801 Aristophanes
611 1749 711 1788 idem
740 1745 954 1784 facetissime
981 1751 1113 1780 narrat.

81 1807 225 1846 Cereris
245 1809 282 1845 &
307 1806 385 1844 Iafii
408 1804 525 1842 filium
559 1799 629 1838 esse
657 1797 897 1848 prodiderunt
924 1792 1111 1831 Hesiodus

81 1857 122 1895 in
146 1858 370 1907 Theogonia
396 1883 407 1900 ,
447 1853 636 1892 Diodorus
669 1849 807 1888 Siculus
838 1848 932 1884 libro
964 1844 1110 1882 ultimo.

83 1909 340 1962 Quamobrem
372 1905 529 1944 Nasonis
550 1912 681 1942 votum
705 1900 753 1938 est
768 1927 778 1945 ,
814 1907 853 1936 ut
873 1898 997 1935 Plutus
1017 1895 1110 1932 divi-

82 1964 214 2000 tiatum
246 1959 344 1996 Deus
373 1958 416 1994 ab
446 1956 548 1993 Ibide
577 1953 701 1991 frustra
726 1950 869 1997 semper
890 1950 1111 1990 invocetur,

82 2007 274 2057 ipsumque
286 2007 422 2055 prorsus
433 2007 580 2042 deserat.
610 2004 686 2040 Hic
698 2013 788 2039 vero
802 1999 845 2036 τὸ
867 2000 992 2048 usque,
1020 1996 1110 2033 nihil

82 2058 180 2095 aliud
203 2059 250 2095 est
270 2069 380 2107 quam
400 2056 496 2103 saepe
512 2052 747 2095 &continua
773 2048 971 2099 quomodo
995 2045 1111 2093 apro-

78 2107 263 2146 batiffimis
274 2106 500 2143 Authoribus
511 2104 693 2151 eleganter
703 2101 886 2148 accipitur.
916 2098 1067 2134 SALVAG
1077 2108 1113 2133 N.

79 2157 190 2195 Filius
207 2168 246 2194 ut
269 2157 356 2193 Celii
380 2156 487 2192 Iuret.
509 2158 545 2191 &
577 2155 702 2190 Patav.
735 2152 774 2188 &
802 2149 890 2187 editi
916 2148 1021 2185 olim.
1040 2157 1110 2195 pro

81 2206 293 2247 Celei.unde
305 2206 350 2243 de
369 2204 611 2252 Triptolemo
633 2201 783 2248 quidam
797 2205 983 2246 ceperunt.

131 2271 214 2305 422.
241 2259 346 2308 Usque
368 2253 537 2305 petitus.]
578 2258 675 2299 Saepe
707 2250 844 2287 Sarrav.
880 2249 918 2284 ὅ(
941 2247 1016 2283 duo
1037 2245 1110 2283 alii.

80 2302 738 2357 Heinsiusconjiciebat,destituatque
762 2300 832 2349 sua
855 2299 955 2347 saepe
979 2295 1109 2345 petitus

82 2370 150 2411 ope,
175 2361 255 2403 vel,
282 2359 383 2406 fuam
401 2367 502 2407 opem.

133 2422 218 2459 423.
245 2410 444 2455 Recursus]
473 2405 725 2454 Receffusunus
737 2399 892 2440 Heinsii.

133 2474 218 2510 424.
253 2460 368 2498 Mollis
390 2471 496 2496 arena
519 2455 640 2506 pede.]
678 2453 762 2492 Pedi
794 2464 840 2491 ex
882 2448 1108 2488 melioribus.

84 2513 230 2551 Hssnis.

134 2576 218 2613 425.
246 2563 297 2600 Sic
309 2573 370 2600 tua
383 2561 486 2608 nescio
497 2556 604 2609 quas]
635 2557 714 2605 ²2²⁰
726 2567 771 2593 ex
795 2552 940 2592 iisdem.
964 2549 1082 2587 Ibi-zm.

135 2617 217 2661 426.
243 2612 454 2663 Lapsaque.]
483 2610 645 2659 Lassaque
665 2605 821 2644 Mentel.
849 2601 992 2651 Defluat
1010 2600 1108 2637 unda

88 2677 210 2703 manus
235 2677 326 2703 unus
354 2666 392 2701 &
420 2675 472 2712 pr.
492 2661 589 2699 Edit.
611 2661 708 2697 forte
730 2685 741 2702 ,
772 2657 881 2705 Lapsa
900 2663 955 2703 per
974 2661 1016 2690 ut
1036 2664 1107 2689 me-

91 2713 165 2752 dias
183 2714 300 2764 defluit
318 2714 414 2751 unda
433 2725 571 2750 manus.
595 2710 726 2748 Euam.

142 2773 227 2811 427.
247 2768 465 2814 thuepater
476 2760 640 2810 solima]
677 2758 813 2796 Fabula
841 2762 930 2793 nota
953 2754 1013 2791 est.
1039 2753 1106 2791 IN-

92 2826 286 2853 TERPRES.
314 2814 539 2851 Erisichthon
551 2812 682 2860 absque
693 2809 805 2848 dubio
816 2805 1081 2843 demonstratur
1094 2831 1105 2848 ,

87 2866 192 2915 cujus
207 2873 306 2913 pater
323 2862 458 2912 Triops
471 2891 481 2907 ‚
506 2863 568 2900 seu
579 2862 738 2909 Triopas
756 2858 949 2898 vocitatur.
974 2855 1019 2892 de
1031 2866 1108 2903 quo

86 2917 127 2954 in
149 2913 358 2954 affumentis
387 2911 737 2960 Metamorphoseon
757 2909 938 2958 quaedam
965 2916 1108 2943 enarra-

89 2966 222 3005 bimus.
248 2962 480 3011 adde(qu0d
499 2961 613 2999 scribit
629 2961 748 3008 Iginus
774 2962 812 2998 in
841 2956 1043 3005 Ophiucho
1068 2957 1107 2993 &

91 3016 282 3056 Diodorus
295 3014 331 3051 in
346 3012 484 3055 Sexto)
510 3011 692 3059 Triopam
704 3010 845 3048 Cereris
861 3007 1044 3056 templum
1063 3006 1108 3044 ad

86 3069 186 3108 suam
216 3066 354 3113 regiain
386 3061 676 3100 constituendam
713 3058 877 3098 evertisse
898 3073 912 3102 ;
959 3066 1107 3105 propter

85 3118 190 3170 quod
208 3129 229 3155 e
252 3112 436 3154 Theffaiia
458 3112 574 3160 pulsus
593 3110 641 3147 est
656 3137 667 3154 ,
692 3109 731 3147 &
750 3122 770 3148 a
789 3110 923 3147 Cerere
943 3107 1106 3155 hocsup-

88 3170 199 3219 plicio
217 3166 366 3205 affectus
380 3193 390 3209 ,
418 3172 456 3201 ut
475 3163 574 3200 fame
593 3161 733 3208 semper
752 3167 1006 3208 torqueretur,
1033 3169 1104 3196 nec

87 3220 166 3258 ullis
185 3217 343 3267 frugibus
358 3225 519 3263 unquam
544 3209 799 3261 poffetsatiari.
830 3209 1024 3246 novissime
1039 3221 1103 3246 au-

88 3278 169 3322 tem
194 3267 376 3309 Draconis
406 3263 585 3304 morsibus
622 3262 736 3301 vitam
766 3258 846 3310 post
876 3260 971 3298 mala
993 3259 1108 3298 multa

2090 472 2207 529 Nec

1178 651 1399 701 complevit.
1452 648 1603 688 Consr.
1626 647 1723 684 Fau.
1750 643 1812 682 De
1831 639 2086 681 Erifichtlione
2102 633 2210 674 intel*

1175 703 1248 751 lige
1263 730 1273 746 ,
1288 703 1388 750 cujus
1401 700 1559 738 fabulam
1575 697 1742 737 describit
1755 693 2000 732 Callimachus
2013 692 2050 728 in
2061 691 2207 737 hymno

1178 753 1343 791 Cereris:
1379 753 1417 788 ὅς
1441 751 1556 787 Ovid.
1578 761 1668 787 viix.
1706 743 1908 784 Metamo'r.
1930 742 2051 790 Hujus
2079 747 2207 777 autem

1177 803 1250 842 filia
1273 830 1284 846 ,
1332 813 1427 850 quae
1456 801 1491 838 se
1526 801 1563 837 in
1600 800 1713 837 vvarias
1758 796 1897 834 formas
1955 801 2096 830 mutare
2149 788 2209 825 so·

1175 854 1296 898 lebat,
1321 864 1397 890 non
1425 851 1573 898 Driopis
1588 876 1598 893 ,
1625 857 1686 887 aut
1707 848 1858 895 Triopis
1873 873 1883 889 ,
1909 844 2018 883 uthic
2038 843 2075 880 in
2087 840 2210 883 Com-2

1178 905 1366 943 mentariis
1390 901 1519 939 dicitur
1534 928 1543 944 ,
1571 900 1629 937 sed
1652 899 1767 936 Metia
1786 896 1963 944 appellata
1985 894 2077 935 fuit,
2100 897 2208 929 auto-

1177 966 1217 994 re
1239 953 1436 991 Lactantio
1456 951 1714 1000 grammatico.
1763 947 1945 993 Triopam
1975 953 2099 981 autem
2127 941 2209 978 Eti-

1176 1005 1375 1043 sichthonis
1395 1012 1534 1052 patrem
1553 1009 1663 1038 vocat
1681 998 1927 1038 Callimachus
1944 1022 1954 1038 ,
1976 993 2092 1032 filium
2104 993 2210 1041 Nep·

1176 1058 1256 1095 tuni
1276 1068 1320 1094 ex
1337 1056 1484 1092 Canace
1513 1052 1626 1090 Aeoli
1648 1050 1734 1088 filia.
1761 1049 1859 1086 unde
1886 1045 1958 1094 ipse
1977 1044 2210 1082 Erisichthon

1176 1119 1329 1157 quoque
1359 1104 1560 1154 Triopeius
1590 1103 1633 1138 ab
1661 1099 1805 1139 Ovidio
1836 1100 1873 1136 in
1894 1098 2097 1134 Metamor.
2115 1092 2208 1131 dici-

1173 1167 1243 1196 tur.
1297 1158 1475 1194 Micittr..
1493 1152 1740 1200 Erysichthon
1767 1146 1958 1188 Theffalus
1980 1146 2149 1183 Deorum
2163 1143 2210 1180 ir·-

1172 1209 1285 1253 risor,
1312 1216 1462 1256 propter
1484 1204 1662 1242 violatum
1687 1201 1829 1238 Cereris
1854 1199 1979 1236 lucum
2002 1197 2040 1233 in
2059 1202 2207 1233 tantum

1171 1259 1277 1296 famis
1299 1270 1341 1296 ac
1358 1257 1428 1295 sitis
1449 1256 1587 1294 rabiem
1610 1254 1711 1290 acius
1738 1250 1786 1289 est
1801 1277 1812 1294 ‚
1839 1261 1879 1287 ur
1910 1246 2070 1286 decoctis
2094 1244 2210 1283 facul-

1171 1311 1303 1348 tatibus
1324 1310 1362 1346 δε
1385 1306 1490 1345 rebus
1521 1304 1695 1343 omnibus
1724 1299 1943 1347 absumptis,
1971 1297 2145 1334 Mestram
2163 1294 2209 1332 fi-

1170 1361 1257 1398 liam
1280 1359 1440 1397 vendere
1459 1356 1607 1394 coaetus
1628 1354 1691 1398 sit,
1717 1363 1813 1401 quae
1831 1348 2012 1387 beneficio
2039 1345 2209 1394 Neptuni

1171 1413 1285 1450 varias
1304 1404 1517 1448 inducendo
1539 1406 1667 1454 figuras
1678 1403 1825 1441 eludere
1845 1401 1999 1442 soleret,
2029 1398 2066 1435 &
2086 1397 2208 1434 subin—

1170 1461 1216 1499 de
1237 1462 1280 1500 ad
1315 1470 1454 1509 patrem
1485 1457 1666 1504 resumpta
1696 1454 1817 1503 priore
1838 1453 1980 1493 forma,
2008 1446 2143 1485 rursum
2166 1454 2206 1485 ut

1170 1513 1392 1550 venderetur
1413 1538 1424 1554 ,
1462 1515 1687 1549 recurreret,
1714 1503 1826 1552 usque
1846 1502 1934 1540 dum
1958 1498 2206 1547 Erysichthon

1167 1562 1404 1601 insaturabilis
1425 1559 1571 1608 propria
1592 1556 1726 1594 viscera
1739 1553 1901 1602 depastus
1923 1551 1976 1589 fit.
2032 1550 2082 1588 lta
2104 1548 2205 1585 Naso

1167 1614 1228 1651 lib.
1250 1625 1338 1651 viu.
1373 1608 1627 1656 Metamorph.
1661 1608 1724 1655 qui
1754 1601 2035 1643 luculentissime
2063 1600 2205 1637 famem

1169 1665 1207 1701 δε
1225 1664 1411 1710 βουλιμὶαν
1432 1658 1709 1709 Erysichthonis
1729 1653 1907 1703 expressit.
1957 1650 2206 1688 Callimachus

1167 1715 1329 1764 Hymno
1351 1715 1389 1751 in
1420 1711 1594 1750 Cererem
1611 1736 1621 1753 ,
1648 1706 1746 1755 apud
1777 1715 1889 1754 quern
1925 1701 2081 1740 Mestrae
2108 1700 2206 1738 nulla

1167 1768 1325 1803 mentio.
1354 1764 1511 1801 Ioannes
1533 1760 1696 1798 Tzetzes
1723 1754 1966 1794 chiliadexxr.
1993 1751 2204 1797 Histor.47.

1168 1817 1271 1854 Hinc
1297 1814 1424 1864 adagia
1452 1813 1528 1850 duo
1552 1838 1563 1856 ,
1602 1808 1732 1855 Mestra
1763 1805 1988 1849 mutabilior,
2022 1804 2060 1841 &
2091 1794 2204 1839 Α’ἰθων

1165 1869 1281 1913 λιμὸς.
1341 1868 1437 1903 Nam
1468 1864 1507 1901 ὅ(
1543 1859 1691 1898 AEthon
1721 1857 1906 1900 dietusest
1929 1853 2200 1904 Erysichthon,

1164 1929 1314 1967 propter
1334 1916 1524 1954 ardentem
1546 1910 1751 1959 ingluviem
1785 1909 1820 1944 &
1842 1907 1988 1954 igneam
2011 1904 2206 1942 absumen-

1165 1969 1201 2006 di
1222 1971 1299 2006 vim
1314 1995 1325 2012 ,
1351 1978 1428 2014 quo
1448 1965 1603 2002 nomine
1624 1959 1829 2001 Hesiodus,
1859 1956 2088 2005 Lycophron
2102 1982 2113 1998 ‚
2129 1955 2204 1991 Ae-

1165 2020 1306 2063 lianus,
1336 2017 1548 2053 Athenaeus
1569 2011 1686 2058 ipsum
1709 2009 1916 2045 nominant.
1973 2006 2069 2041 Vera
2092 2004 2205 2042 histo-

1167 2070 1217 2105 ria
1235 2069 1311 2111 est,
1339 2064 1647 2113 Eryfichthonem
1661 2058 1771 2095 filiam
1799 2053 1983 2100 habuisse,
2010 2067 2105 2103 quae
2122 2066 2204 2092 cor-

1169 2119 1265 2166 poris
1285 2116 1435 2166 quaestu
1448 2121 1586 2161 patrem
1599 2108 1835 2148 insatiabilem
1849 2106 1970 2144 aleret.
2000 2106 2204 2144 SALVAGN.

1166 2169 1253 2206 Vid.
1275 2169 1320 2205 ad
1342 2167 1500 2202 Metam.
1517 2173 1609 2201 vm.
1631 2171 1718 2205 751.

1214 2218 1299 2266 438.
1329 2211 1551 2262 conficiam]
1597 2208 1790 2256 Destituare
1827 2206 2010 2245 nonnulli.
2043 2205 2200 2253 deficiam

1164 2268 1285 2357 {pdex
1305 2267 1441 2315 Jureti:
1463 2264 1570 2302 bene.
1621 2260 1719 2300 Vide
1738 2259 1856 2297 Notas
1869 2258 1979 2307 Epist.
1991 2270 2024 2296 v.
2051 2258 2093 2301 321.
2119 2269 2203 2307 1³50.

1208 2332 1312 2358 E1NS.

1213 2383 1299 2418 429.
1327 2375 1397 2407 Nec
1418 2367 1513 2415 dapis
1534 2361 1750 2412 humanata]
1781 2359 1958 2409 Tydeum
1971 2360 2107 2408 tangit,
2133 2361 2200 2410 qui

1164 2421 1369 2469 Menalippi
1398 2426 1505 2467 caput
1530 2415 1708 2454 comedit,
1760 2412 2002 2450 hiumam.
2039 2410 2198 2459 Tydeus

1164 2470 1405 2510 moribundus
1422 2471 1545 2517 jacens
1568 2465 1588 2504 ὲ
1607 2465 1778 2508 vulnere,
1808 2462 1909 2511 quod
1928 2463 1965 2498 in
1987 2460 2083 2498 bello
2104 2473 2197 2499 con-

1164 2532 1218 2561 tra
1249 2522 1451 2560 Thebanos
1480 2518 1501 2555 a
1532 2516 1748 2564 Menalippo
1777 2519 2000 2560 acceperat,
2027 2511 2196 2559 ejusdem

1165 2581 1273 2622 caput
1299 2572 1345 2610 ad
1366 2571 1400 2608 se
1421 2569 1553 2608 deferri
1578 2566 1697 2615 juffit,
1726 2566 1765 2602 &
1806 2563 1994 2601 cerebrum
2028 2561 2194 2600 evulsum

1163 2623 1368 2666 exsorbuit,
1396 2630 1436 2658 ut
1460 2618 1592 2668 repetit
1612 2615 1772 2654 Ovidius
1789 2613 1891 2652 versu
1907 2624 1989 2661 517·
2015 2612 2059 2649 ad
2078 2624 2195 2661 quem

1162 2676 1290 2713 locum
1312 2672 1497 2712 Authores
1518 2668 1755 2707 adducentur.
1807 2665 1895 2702 Hoc
1914 2663 2016 2699 enim
2038 2661 2194 2702 disticho

1159 2735 1327 2775 precatur
1342 2752 1353 2769 ,
1382 2730 1421 2759 ut
1451 2721 1522 2758 Ibis
1542 2720 1720 2757 humanas
1732 2726 1855 2754 carnes
1876 2712 1980 2750 esitet
1995 2740 2006 2757 ,
2034 2712 2122 2757 illo,
2152 2721 2195 2752 ut

1159 2777 1315 2826 ipsemet
1344 2772 1500 2812 esitetur.
1553 2769 1668 2808 Addit
1701 2766 1860 2805 Ovidius
1884 2790 1895 2807 ,
1932 2775 2070 2813 quaque
2091 2772 2195 2812 parte

1157 2837 1250 2876 potes
1270 2854 1281 2872 ,
1318 2833 1358 2863 ut
1377 2821 1555 2871 significet
1586 2820 1666 2857 Ibin
1693 2816 1845 2866 quidem
1876 2813 2005 2863 Tydei
2034 2813 2192 2854 similem

1161 2879 1263 2921 fore,
1290 2875 1352 2914 sed
1381 2875 1419 2912 in
1448 2884 1495 2909 eo
1522 2870 1640 2908 solum
1662 2895 1674 2914 ,
1712 2866 1815 2917 quod
1844 2866 2050 2902 humanum
2083 2874 2194 2914 caput

1163 2927 1377 2969 corroserit,
1406 2921 1644 2970 caeteroquin
1673 2918 1802 2966 Tydei
1829 2916 1925 2953 bello
1945 2916 2077 2952 strenui
2097 2917 2193 2954 diffi-

1164 2979 1292 3017 milem
1305 3005 1317 3022 ,
1343 2986 1458 3026 quem
1471 2970 1680 3022 intrepidum
1699 2976 1810 3007 vocat
1823 2967 2051 3015 Lycophron
2063 2993 2074 3010 ,
2087 2967 2191 3015 quod

1163 3041 1250 3067 cuin
1283 3029 1420 3076 legatus
1447 3024 1579 3062 rediret
1608 3021 1728 3070 Argos
1758 3018 1918 3062 Thebis,
1947 3017 2057 3065 eique
2075 3017 2191 3055 Eteo-

1163 3081 1233 3118 cles
1258 3078 1400 3117 infidias
1430 3071 1627 3117 struxisset,
1664 3069 1851 3108 collocaris
1878 3069 1917 3105 in
1935 3068 2064 3105 itinere
2081 3068 2190 3114 quin-

1162 3131 1337 3180 quaginta
1368 3124 1565 3165 ieetiffimis
1587 3121 1785 3170 juvenibus
1804 3146 1816 3165 ,
1851 3117 2035 3166 intrepido
2057 3128 2189 3155 omnes

1159 3183 1289 3219 animo
1315 3173 1493 3229 aggressus
1523 3173 1587 3220 fit,
1614 3173 1654 3212 &
1684 3173 1723 3211 iri
1742 3171 1868 3220 fugam
1891 3168 2048 3209 verterit.
2097 3167 2191 3216 Sat:

1156 3243 1234 3271 VAG
1244 3244 1280 3271 Ν.

1594 3302 1634 3348 Q
2106 3297 2194 3348 '4293
