2547 3708
567 133 1583 204 ,ΡΚΑΕἙΛΤῙΟΝΕΞ
2044 154 2151 209 ,m

212 251 907 353 *JOAN'NJ'ISJ
1004 260 1922 327 PASSERATII

27 386 30 436 ff
98 409 101 412 -
411 372 783 422 Praefatiuncula
813 375 863 422 in
890 374 1075 423 Ovum
1110 376 1473 426 consolationem
1501 378 1556 425 ad
1577 378 1780 427 Liviam.

136 492 225 544 0st
257 492 547 556 optimorum
568 492 808 541 auetorum
837 495 1267 558 interpretationem
1284 529 1299 554 ,
1325 496 1505 556 Plauti,
1529 495 1798 557 Ciceronis,
1823 493 2145 557 Sallustii‚Lis

23 567 27 611 ξ
154 559 245 617 vii,
280 557 482 617 Catulli,
518 558 738 621 Virgilii,
775 560 823 606 ὃς
845 561 1105 622 Propertii,
1140 576 1253 622 quos
1277 561 1326 607 in
1347 578 1504 608 manus
1529 560 1824 626 sumpsimus,
1857 560 1913 608 ab
1943 577 2000 609 eo
2027 574 2146 609 tem-v

43 641 151 694 pore
171 640 266 689 quo
292 639 371 670 rex
394 621 741 683 inviEtiffirnus,
773 636 1044 687 aeternaque
1069 627 1290 671 memoria
1311 624 1625 689 digniffimus,
1660 627 1855 674 Carolus
1874 628 1970 688 ejus
1996 628 2147 674 nomi-

22 683 107 742 ‘nis
133 704 312 748 nonuS,
347 688 456 734 huic
491 703 575 734 nos
608 689 786 734 muneri
819 689 1068 751 praefecit,
1103 704 1336 751 nunquam
1368 693 1626 752 putavimus
1658 690 1755 738 fore
1780 703 1832 738 ut
1858 690 2146 739 Ovidianum

40 745 221 820 aliquod
245 768 362 818 opus
388 753 732 815 attingeremus.
800 753 1080 800 Inveteravit
1102 754 1224 798 enim
1249 755 1410 817 opinio
1426 788 1442 814 ,
1477 755 1702 819 vulgique
1724 756 1842 803 fama
1867 755 2148 819 percrebuit,

41 837 145 871 eum
171 820 360 883 poetam
383 819 470 863 effe
492 832 588 869 non
613 817 785 863 multae
807 816 1068 875 doetrinae,
1103 817 1379 880 humilisque
1410 820 1458 866 &
1483 821 1676 867 nimium
1715 821 1991 868 luxuriantis
2015 820 2150 884 sty113

18 898 172 954 [atque
199 886 362 941 etiam,
397 880 429 927 fi
453 880 537 928 diis
561 881 740 943 placet,
775 880 937 928 latinae
971 882 1157 945 linguae
1181 883 1454 946 elegantiam
1479 885 1769 948 nitoremque
1795 886 1843 931 in
1865 900 1920 932 eo
1945 886 2144 948 requiri:

17 950 150 999 *adeo
175 960 227 994 ut
251 946 389 994 Italus
411 946 595 1009 quidam
619 946 691 1008 vel
714 945 800 992 hac
824 962 870 992 re
895 947 1105 1008 inprimis
1133 946 1332 1006 nobilis,
1366 963 1473 994 cum
1499 949 1846 996 humanioribus
1871 950 2014 996 literis
2047 950 2147 998 uni-

37 1003 144 1066 cum
169 1024 365 1076 gnatum
391 1009 647 1070 imbueret,
680 1010 757 1056 illa
779 1011 898 1056 miro
920 1010 1121 1058 artificio
1149 1024 1374 1058 contexta
1396 1026 1599 1060 mutatae
1621 1028 1691 1061 ter
1714 1015 1917 1078 quinque
1939 1013 2144 1062 volumi·-

37 1094 93 1128 na
127 1078 303 1125 formae
336 1076 383 1121 in
417 1076 616 1137 patrium
650 1074 905 1122 sermonem
941 1076 1257 1135 converterit,
1290 1092 1371 1135 ne,
1405 1075 1439 1122 fi
1471 1078 1610 1124 latine
1645 1079 1819 1142 legeret
1840 1112 1856 1137 ,
1890 1094 1947 1124 ex
1979 1079 2145 1129 Ovidii

0 1180 2 1182 -
36 1141 213 1205 scriptis
234 1139 382 1202 sordes
410 1140 459 1186 δί
483 1139 733 1187 barbariem
761 1140 1007 1204 colligeret
1031 1140 1162 1186 beata
1187 1141 1318 1204 pueri
1341 1156 1484 1201 vena,
1519 1157 1634 1206 quae
1654 1145 1752 1207 jam
1779 1155 1878 1189 tum
1908 1142 1963 1188 acl
1987 1159 2143 1192 exem-

36 1206 164 1270 plum
190 1205 397 1252 Maronis
420 1203 696 1266 properabat
711 1238 726 1263 ‚
746 1217 799 1251 ut
823 1205 1029 1268 plerique
1057 1205 1282 1251 Italorum
1309 1222 1456 1269 prope
1477 1206 1532 1253 ab
1557 1207 1872 1266 incunabulis,
1906 1209 2019 1254 meri
2043 1209 2144 1256 exi-

35 1269 159 1319 stunt
184 1269 360 1331 judicio
392 1268 471 1314 suo
496 1270 729 1315 Marones.
800 1269 1001 1316 Delicias
1034 1269 1262 1316 hominis!
1300 1286 1408 1332 quas
1445 1287 1500 1318 an
1532 1286 1644 1335 gens
1677 1271 1751 1318 sua
1784 1271 1928 1318 riserit
1965 1272 2142 1331 nescio,

34 1334 173 1384 musas
197 1331 408 1395 profecto
435 1332 572 1395 ipsas,
606 1333 860 1396 quamlibet
891 1349 1012 1381 nunc
1045 1334 1221 1394 tristes,
1256 1333 1454 1382 arbitror
1476 1336 1612 1383 risum
1640 1352 1734 1383 non
1759 1336 1949 1383 tenuifl'e
1970 1338 2019 1383 in
2044 1350 2138 1385 tam

36 1394 230 1458 delicato
257 1396 305 1444 &2
331 1396 594 1460 Sybaritico
619 1398 814 1445 fastidio.
883 1401 990 1447 Sive
1012 1398 1158 1462 igitur
1180 1415 1334 1446 errore
1358 1401 1515 1464 vulgi,
1550 1399 1857 1463 consensuque
1880 1401 2140 1450 multitudi-

21 1458 127 1522 nis,
161 1462 252 1510 five
276 1462 361 1508 alia
385 1463 564 1508 ratione
595 1463 838 1522 indubius,
873 1463 1081 1510 nondum
1111 1478 1163 1512 ut
1187 1464 1312 1524 dixi,
1348 1467 1594 1528 quicquam
1619 1465 1675 1511 de
1698 1465 1878 1513 Ovidio
1903 1466 2138 1529 explican-

35 1525 96 1579 do'
122 1529 389 1591 cogitaram.
457 1527 546 1574 Sed
575 1544 681 1574 cum
704 1528 943 1575 sceleratus
970 1529 1046 1575 hic
1072 1546 1213 1576 annus
1238 1529 1401 1576 sororis
1426 1529 1575 1576 filium
1601 1531 1811 1594 egregiae
1833 1531 1998 1578 indolis
2025 1533 2140 1580 mihi

36 1591 290 1656 eripuiffet,
313 1591 625 1656 acerbumque
646 1594 742 1658 ejus
769 1592 1040 1640 desiderium
1066 1595 1236 1641 niterer
1257 1596 1395 1642 mutis
1420 1595 1642 1648 librorum
1667 1596 1835 1642 solatiis
1860 1595 1908 1642 ὃς
1929 1596 2140 1660 alloquiis

35 1656 205 1718 lenire,
238 1656 409 1703 accidit
441 1668 494 1702 ut
527 1657 650 1703 inter
683 1671 858 1705 caetera
885 1657 1050 1705 Ovidii
1073 1675 1260 1723 quoque
1283 1659 1337 1705 ad
1363 1660 1547 1706 Liviam
1574 1676 1758 1706 carmen
1782 1659 2140 1712 consolatorium

32 1735 363 1785 percurrerem.
431 1720 579 1784 Cujus
613 1723 826 1769 carminis
861 1722 929 1769 bis
964 1736 1124 1787 terque
1158 1724 1354 1788 repetita
1383 1723 1520 1771 lectio
1555 1740 1808 1771 maerorem
1832 1741 1986 1772 meum
2011 1729 2141 1776 auxit

31 1781 186 1850 potius
206 1802 342 1850 quam
367 1786 558 1833 minuit:
596 1786 690 1833 hoc
715 1800 898 1834 tantum
925 1786 1021 1834 sum
1046 1788 1331 1852 assequutus,
1364 1788 1489 1853 quod
1512 1789 1745 1851 aliquanto
1772 1789 1986 1837 libentius
2009 1791 2140 1856 luge-

32 1866 81 1917 χρ
112 1852 276 1915 coepi,
309 1865 362 1897 ut
393 1849 520 1915 saepe
554 1850 610 1897 fit
644 1851 839 1899 inselicis
876 1853 1015 1898 animi
1051 1870 1187 1916 prava
1212 1854 1426 1917 voluptas
1450 1853 1599 1900 dolor.
1666 1853 1867 1900 Acceffit
1893 1854 1946 1900 ad
1972 1857 2138 1917 privati

34 1914 155 1971 casus
188 1915 557 1961 recordationem
593 1916 747 1979 imago
783 1916 992 1979 publicae
1030 1918 1327 1977 calamitatis,
1364 1918 1413 1965 &
1450 1919 1597 1965 oculis
1634 1919 1866 1965 obversata
1889 1918 1953 1964 est
1975 1919 2140 1968 flebilis

27 1979 202 2044 patriae
224 1979 420 2042 species,
455 1995 568 2042 quae
592 1993 666 2026 tot
690 1980 835 2043 plagis
861 1980 1100 2042 confecta,
1136 1983 1184 2030 δε
1207 1995 1421 2044 tanquam
1444 1983 1559 2029 elata
1578 1983 1766 2041 funere,
1801 1982 1854 2028 ad
1877 1982 2137 2047 dispergen-

26 2043 106 2090 das
129 2046 223 2105 ejus
245 2045 454 2106 reliquias
469 2077 484 2101 ,
521 2045 725 2106 pluribus
751 2045 885 2091 simul
910 2047 1037 2109 rogis
1061 2048 1333 2108 imponitur.
1404 2048 1452 2093 O
1481 2047 1682 2093 miseram
1706 2062 1855 2092 rerum
1879 2046 2042 2094 faciem
2056 2083 2071 2108 ,
2088 2050 2138 2096 &3

33 2106 292 2155 lueiuosum
316 2106 654 2170 speetaculum!
691 2108 839 2155 Ardet
865 2111 1036 2172 jamdiu
1060 2110 1182 2157 bello
1212 2110 1395 2169 Gallia,
1431 2112 1692 2157 communis
1715 2112 1925 2157 omnium
1951 2128 2136 2176 parens,

34 2187 146 2236 quae
181 2188 264 2218 nos
294 2173 485 2234 genuit,
520 2174 734 2235 excepit,
768 2174 1008 2221 educavit:
1046 2176 1093 2221 δε
1118 2176 1198 2221 vix
1221 2175 1286 2221 est
1310 2188 1363 2222 ut
1384 2187 1563 2222 tantum
1591 2177 1844 2221 excitatum
1868 2176 2135 2225 incendium

26 2235 114 2298 {uisi
146 2235 450 2284 florentiffimi
479 2236 710 2299 quondam
735 2239 866 2302 regni
889 2240 1020 2285 ruina
1037 2240 1368 2302 restinguatur:
1405 2239 1528 2303 quod
1557 2256 1695 2286 omen
1715 2240 1765 2285 in
1785 2240 1986 2287 hostium
2010 2243 2137 2304 capi-

27 2301 80 2361 ta
106 2303 235 2349 Deus
264 2315 460 2350 avertat.
527 2301 706 2350 Verum
746 2302 1045 2350 abstineamus
1078 2320 1254 2368 ungues
1288 2304 1343 2350 ab
1381 2304 1473 2352 hoc
1513 2305 1691 2363 ulcere,
1726 2319 1784 2350 ne
1816 2304 2139 2355 reti-astatione

25 2361 289 2421 crudescat:
324 2381 583 2431 quanquam
605 2383 691 2414 nec
713 2366 863 2415 laurus
888 2367 999 2414 dum
1025 2383 1254 2416 crematur
1277 2381 1427 2416 tacere
1448 2369 1626 2433 potest,
1652 2384 1737 2415 nec
1765 2369 1835 2416 vir
1855 2368 2030 2428 bonus,
2050 2371 2137 2418 bo-

29 2430 203 2495 nusque
235 2432 374 2491 civis,
408 2433 577 2479 intueri
610 2431 833 2480 fidentem
868 2432 917 2481 in
950 2434 1123 2481 cineres
1148 2436 1373 2497 patriam,
1409 2433 1457 2481 δε
1481 2432 1644 2481 sentire
1666 2432 1873 2480 ardorem
1897 2434 2135 2495 flammae,

0 2551 1 2554 Ἰ
25 2498 155 2560 *quin*
177 2509 394 2561 queratur
419 2497 467 2544 ἓξ
489 2496 772 2560 ingemiscat.
841 2497 1057 2545 Mortalis
1082 2514 1235 2546 tamen
1258 2497 1533 2546 accusandus
1557 2498 1621 2545 est
1642 2513 1806 2545 nemo:
1842 2499 2026 2563 culpam
2050 2499 2137 2546 hu-

0 2555 104 2624 ljjus
140 2556 359 2608 vastitatis
389 2561 578 2609 sustinet
602 2562 782 2624 fortuna
803 2563 935 2626 [πετο
967 2566 1077 2610 laeta
1099 2567 1278 2627 negotio:
1316 2564 1515 2626 Injurioso
1548 2580 1651 2626 quae
1670 2565 1773 2625 pede
1785 2567 1951 2625 proruit
1973 2566 2141 2613 Stantes

33 2627 263 2685 columnas,
298 2643 388 2674 cum
412 2629 588 2688 populas
609 2627 809 2691 frequens
830 2631 908 2676 Ad
938 2645 1087 2688 arma,
1120 2631 1336 2690 ceffcmtes,
1371 2630 1429 2675 ad
1456 2645 1576 2675 arma
1600 2631 1819 2688 Concitat,
1853 2633 2142 2692 imperiumque

23 2688 231 2753 frangit„
263 2691 578 2755 ‘Onerandum
615 2692 679 2740 est
714 2692 886 2741 invidia
916 2693 1102 2741 crudele
1138 2694 1312 2754 fatum,
1347 2696 1476 2757 cujus
1510 2706 1716 2741 aeternae
1750 2694 1843 2757 legi
1881 2694 1937 2740 de
1964 2707 2071 2741 ortu
2093 2693 2143 2742 &

26 2753 234 2817 ,interitu
261 2771 411 2810 rerum
449 2757 747 2805 humanarum
763 2790 778 2818 ,
814 2775 961 2823 neque
989 2758 1071 2806 ulli
1094 2759 1316 2807 Tribuno
1341 2759 1624 2806 intercedere
1647 2759 1784 2819 licet,
1821 2774 1906 2805 nec
1929 2759 2032 2806 ullis
2054 2776 2141 2823 po-

25 2817 256 2883 pulorum
276 2822 482 2868 comitiis
502 2822 550 2869 ὅτ,
574 2822 799 2888 suffragiis
821 2825 893 2871 vel
916 2824 1138 2889 derogare
1163 2825 1236 2872 vel
1262 2825 1505 2889 obrogare.
1575 2825 1707 2872 Nam
1737 2823 1957 2888 abrogare
1979 2839 2036 2870 ne
2056 2824 2142 2870 diis

26 2882 233 2954 :Quidem-
252 2885 547 2933 conceditur.
616 2889 843 2936 Vocanda
863 2890 910 2936 in
934 2903 1111 2954 partem
1136 2891 1341 2937 criminis
1363 2903 1548 2948 natura,
1583 2905 1697 2951 quae
1718 2901 1862 2936 certas
1884 2888 1968 2935 effe
1991 2888 2143 2937 voluit

25 2947 277 3013 &vitatum
319 2949 368 2996 &
394 2950 694 3014 imperiorum
719 2954 1039 3003 conversiones
1062 2970 1114 3002 ac
1141 2954 1423 3016 eversiones,
1457 2956 1643 3003 fuerunt
1671 2955 1782 3001 haec
1805 2969 1918 3019 quae
1941 2955 2143 3017 patimur

26 2999 237 3076 .,semper,
274 3013 323 3061 ὅτ
344 3013 520 3079 semper
541 3030 707 3074 erunt,
732 3019 1066 3083 Conquirenda
1089 3019 1231 3067 modo
1253 3019 1475 3084 ejusmodi
1499 3021 1723 3083 malorum
1740 3053 1754 3078 ,
1770 3035 1876 3066 cum
1899 3019 2145 3078 eveniunt,

26 3071 205 3138 ⁴solatia.
271 3079 442 3141 Unde,
475 3081 689 3145 inquies?
723 3100 819 3131 non
842 3083 868 3132 ἐ
889 3086 1009 3133 libro
1034 3086 1090 3133 de
1114 3085 1455 3146 consolatione,
1491 3085 1735 3133 Ciceronis
1759 3086 1945 3132 nomine
1966 3101 2059 3131 non
2081 3085 2145 3130 ita

28 3140 214 3205 —Pflidissm
244 3144 412 3205 edito?
447 3148 638 3196 minime
669 3164 796 3195 Viero·
864 3151 1028 3199 Valeat
1048 3151 1453 3211 Pseudo-Cicero,
1489 3163 1540 3198 ut
1564 3150 1806 3214 hybridam
1829 3167 1992 3199 vocem
2018 3148 2145 3195 usur-

29 3210 257 3272 apssm—,ffic
291 3229 401 3273 curn
426 3214 875 3275 .—Bseudo·Cicerone
908 3216 1088 3266 facessat
1111 3216 1762 3267 Pseudo-Cornelius·Gallus.
1830 3216 1905 3263 Ad
1940 3212 2144 3324 anitores

69 3307 72 3313 ‚
1389 3283 1467 3329 Ee
1502 3295 1530 3327 2.
1680 3289 1683 3291 ’
2033 3291 2145 3335 uos,
