2547 3708
0 0 8 266 Ῐ
478 139 483 144 ’
719 128 1451 193 vP1=·,RJ.MASSON.
2046 146 2142 193 109

157 235 291 284 Luce
313 227 449 278 minus
468 225 906 274 decima-*dominam
929 226 1101 270 venietis
1123 227 1168 271 in
1194 226 1376 285 Urbem,

220 299 285 343 Ut
295 295 542 357 festinatum
563 308 641 338 non
653 291 834 353 faciatis
857 293 964 348 iter,
999 289 1092 335 &c.

34 362 193 413 deinde
217 376 332 410 vers.
364 373 522 419 17'24·
555 356 803 419 supponit,
834 353 933 400 fore
959 366 1013 400 ut
1038 355 1309 414 POMPEJUS
1328 354 1424 417 jam
1452 350 1728 400 Consulatus
1752 349 1916 400 officiis
1940 367 2141 416 occupa-

33 444 106 478 tus
129 427 181 475 fit
196 459 212 486 ,
245 440 350 472 cum
372 422 426 469 ad
450 438 556 468 eum
580 422 692 467 haec
715 418 923 484 Epistola
949 419 1207 481 pervenerit
1227 435 1237 463 :

157 496 252 539 Aut
275 499 383 550 reget
406 490 473 534 ille
484 487 583 549 suos
605 486 768 532 dicendo
775 485 883 545 jura
908 485 1101 547 Quirites
1116 515 1132 541 ,

110 601 116 607 ,
225 553 491 616 Conspicuam
502 555 633 613 stgnis
657 566 748 596 cum
760 559 919 610 premet
942 550 1053 594 altus
1072 549 1198 605 eber,
1234 546 1331 593 &cr

103 621 167 669 II.
202 617 412 682 Epistola
435 617 525 664 Vl.
551 613 796 661 certissimo
822 613 1045 674 temporis
1072 610 1328 658 chara&ere
1353 622 1739 671 notatur,morte
1763 611 1982 658 nimirum
1997 613 2146 673 Augu-

27 687 112 750 sti,
146 686 238 731 hoc
272 698 392 728 anno
415 681 489 728 die
509 681 678 728 Sextilis
698 677 841 723 XIX.
875 676 1105 735 defuntffi,
1140 690 1277 738 atque
1296 678 1493 723 Sexemiio
1520 677 1665 723 exsilii
1691 676 1890 723 Nasonis
1905 699 1920 733 3
1957 677 2026 722 uti
2053 678 2142 737 jam

33 750 86 798 ad
112 751 203 796 An.
227 747 364 794 U.C.
391 743 697 792 DCCLXII.
729 743 800 788 N.
830 742 919 788 111.
949 741 1009 801 (a)
1037 740 1357 786 indicavimus.
1395 741 1505 788 Scil.
1542 741 1720 788 Noster
1743 742 1867 788 canit
1889 757 2004 788 vers.
2031 755 2074 802 5.
2098 746 2146 787 6.

166 816 218 861 In
241 812 411 872 Scythia
433 811 546 857 nobis
569 806 873 870 quinquennis
899 805 1143 867 Olympias
1169 810 1264 851 acta
1286 805 1365 866 est:

234 878 343 938 Jam
363 887 520 934 tempus
542 870 699 918 Lustri
721 874 871 932 transit
891 872 934 917 in
955 869 1158 916 alterius.

39 943 226 1005 Qtibus
262 938 539 986 ostendimus
577 934 854 999 significari,
888 947 990 980 tum
1014 936 1194 981 alterum
1219 933 1443 995 Lustrum,
1477 933 1550 983 seu
1564 933 1733 997 sextum
1759 933 1904 981 exsilii
1927 933 2150 981 Ovidiani

39 1023 206 1056 annum
230 1003 371 1051 modo
396 1002 667 1048 inchoatum
693 999 854 1059 fuisse,
888 1014 997 1045 cum
1025 998 1204 1045 Noster
1228 1015 1279 1045 ea
1302 997 1529 1047 scriberet.
1585 998 1732 1059 Qod
1754 997 2069 1063 subsequentes
2091 999 2148 1045 de

40 1070 282 1136 AugustO,
305 1083 389 1115 ceu
413 1082 561 1129 nuper
585 1077 805 1124 mortuo,
829 1062 1112 1110 confirmant
1133 1080 1249 1111 vers.
1269 1062 1433 1126 15-18.
2103 1080 2111 1087 ·

171 1138 368 1195 Coeperat
391 1131 630 1195 Augustus
650 1132 834 1190 deceptae
855 1128 1051 1192 ignoscere
1073 1131 1240 1189 σιιῖρασς

236 1201 355 1260 Spem
377 1197 554 1258 nostram
577 1208 716 1243 terras
739 1193 1009 1255 deseruitque
1019 1196 1152 1255 fimui

171 1265 315 1331 ,Qlale
336 1273 473 1308 tamen
485 1263 606 1322 potui
626 1262 674 1307 de
701 1258 916 1317 Coelite‚
951 1260 1114 1317 Brute,
1150 1259 1326 1305 recenti

234 1327 287 1376 V
280 1327 386 1388 estrei
412 1324 448 1384 ’ξ-
465 1328 612 1387 procul
621 1328 777 1386 posttus
799 1323 999 1370 Carmen
1022 1327 1067 1370 in
1088 1338 1161 1370 orci
1184 1324 1276 1369 decli
1288 1357 1304 1382 ,
1340 1320 1434 1369 &c.

42 1393 174 1456 Qae
203 1391 377 1440 docent
407 1407 540 1437 recens
565 1390 829 1454 Augustum
868 1387 1091 1435 decessisse
1126 1404 1178 1435 ac
1210 1404 1258 1434 in
1278 1389 1422 1435 Divos
1453 1385 1647 1433 relatum
1682 1383 1782 1432 esse.
1852 1384 1925 1433 Ut
1948 1382 2160 1432 Ovidius

41 1461 123 1508 vix
145 1469 249 1505 ante
271 1458 515 1517 Septembris
541 1454 681 1502 finem
708 1455 820 1502 haec
845 1453 898 1501 ad
921 1455 1120 1500 Brutum
1146 1453 1332 1499 mittere
1352 1452 1586 1515 potuerit3
1623 1466 1730 1497 cum
1758 1449 1938 1497 Noster
1961 1449 2153 1496 testetur

42 1524 94 1572 se
123 1524 216 1587 jam
247 1521 546 1577 ante-Po'e'ma
580 1520 637 1566 de
659 1519 876 1583 Augusto
899 1520 1037 1566 Divis
1066 1519 1159 1582 jam
1196 1516 1427 1580 adscripto
1454 1514 1721 1580 vulgavisse.
1792 1514 1896 1561 Imo
1915 1517 2012 1578 jam
2042 1514 2153 1561 loco

50 1587 252 1636 indicato
274 1586 517 1633 docuimus
532 1619 548 1644 ,
583 1587 663 1633 vix
686 1596 791 1631 ante
814 1586 1082 1632 Decembrem
1103 1598 1153 1629 ea
1178 1581 1307 1631 fuisse
1329 1580 1603 1643 conscripta.

112 1652 203 1700 III.
239 1651 408 1698 Eadem
439 1649 648 1713 Epistola
672 1649 803 1696 Naso
826 1649 883 1696 de
910 1651 1036 1696 Fabii
1054 1648 1248 1695 Maximi
1270 1659 1421 1693 morte
1443 1645 1772 1709 conqueritur,
1806 1659 1915 1692 vers.
1939 1658 2079 1705 9-14.

180 1720 328 1764 Certus
346 1731 438 1763 eras
451 1730 530 1777 pro
550 1732 640 1775 me,
673 1713 839 1761 Fabiae
860 1717 981 1773 lctus,
1017 1714 1259 1772 Maxime,
1294 1713 1468 1770 Gentis,

238 1784 416 1829 Numen
438 1782 498 1828 ad
518 1778 753 1844 Augustum
761 1781 943 1842 supplice
964 1795 1060 1826 voce
1083 1781 1205 1840 loqui.

173 1846 368 1894 Occidis
392 1857 486 1892 ante
500 1860 664 1906 preces3
700 1847 959 1908 cauſjbimque
978 1861 1074 1907 ego,
1111 1842 1350 1900 Maxime,
1379 1840 1543 1887 mortis

240 1914 354 1972 (Nec
367 1910 537 1972 fueram
560 1909 690 1965 tanti)
725 1909 788 1956 me
806 1926 897 1956 reor
918 1912 996 1970 effic
1022 1921 1145 1967 tuae,
1181 1909 1273 1954 &c.

113 1975 179 2022 At
213 1990 269 2020 ne
302 1975 387 2021 hac
418 1974 588 2022 invidia
610 1975 848 2021 Nasonem
884 1989 1153 2030 oneremus,
1188 1988 1292 2019 vera
1317 1971 1438 2018 istius
1466 1970 1629 2017 mortis
1652 1967 1797 2016 caussa
1823 1983 1878 2013 ex
1907 1966 2158 2014 Historicis

25 2039 303 2104 aperienda.
371 2039 596 2085 Tacitum
619 2037 684 2098 (b)
708 2037 941 2084 audiamus
976 2038 1208 2101 primum,
1243 2036 1355 2082 haec
1390 2034 1692 2082 scribentem:
1731 2034 1908 2091 „Haec
1930 2045 2067 2095 atque
2089 2045 2157 2077 ta·

50 2139 86 2166 „
122 2105 179 2150 lia
216 2104 522 2167 agitantibus,
556 2101 817 2166 gravescere
849 2101 1064 2149 valetudo
1092 2099 1319 2163 Augusti:
1358 2099 1407 2145 &
1443 2099 1628 2162 quidam
1664 2096 1806 2143 scelus
1829 2098 1986 2142 uxoris
2011 2096 2159 2157 suspe-

51 2203 86 2232 ,‚
119 2168 317 2216 stabant.
386 2166 581 2230 Quippe
615 2182 775 2213 rumor
808 2165 1068 2223 incesserat,
1114 2181 1283 2227 paucos
1318 2176 1423 2209 ante
1460 2162 1658 2220 menses,
1707 2161 1971 2224 Augustum
2005 2159 2158 2207 eleffis

52 2267 87 2294 „
122 2232 344 2291 consciis,
388 2231 437 2277 &
471 2232 645 2277 comite
679 2246 773 2277 uno
794 2230 958 2277 FAmo
997 2231 1259 2287 MAXIMO,
1305 2227 1555 2274 Planasiam
1589 2225 1802 2284 vetitum,
1838 2224 1893 2271 ad
1926 2223 2162 2271 visendum

50 2332 84 2358 „
114 2298 406 2361 Agrippam,
442 2297 535 2342 δῖε.
604 2294 752 2351 Quod
777 2295 1060 2342 ΜΑΧῐΜυΜ
1087 2294 1222 2340 uxori
1249 2293 1516 2339 MARciAE
1543 2288 1784 2355 aperuisse:
1822 2289 1944 2336 illam
1971 2290 2161 2336 Liviae:

32 2396 88 2423 .„
122 2362 180 2409 C.
208 2364 399 2408 Navum
423 2360 489 2422 (c)
518 2360 563 2407 id
589 2359 782 2407 Caesari.
853 2360 1028 2421 Neque
1067 2357 1217 2404 multo
1249 2356 1383 2419 post,
1417 2356 1645 2402 exstin6³w
1669 2356 1900 2401 MAXIMO
1938 2354 2162 2415 (dubium

55 2460 90 2488 „
122 2443 177 2472 an
202 2425 397 2489 quaesita
421 2425 594 2480 morte)
628 2424 810 2471 auditos
831 2424 878 2469 in
903 2424 1061 2470 funere
1085 2424 1182 2485 ejus
1207 2424 1477 2468 MARcmE
1503 2423 1703 2484 gemitus
1726 2417 1864 2464 semet
1890 2417 2133 2464 incusantis
2149 2451 2167 2476 ,

54 2524 88 2555 „
121 2490 246 2554 quod
279 2489 427 2537 caussa
469 2491 602 2537 exitii
641 2490 808 2546 marito
849 2487 1015 2535 fuisset.
1084 2485 1298 2534 Dubium
1342 2498 1496 2531 autem
1540 2484 1652 2531 iliud
1691 2484 1849 2529 Taciti
1887 2482 2021 2529 solvit
2055 2483 2167 2528 Plu-

53 2556 242 2603 tarchus
269 2555 364 2616 (d),
399 2556 480 2619 qui
513 2566 621 2602 cum
654 2554 747 2601 istis
781 2552 941 2601 fimilia
976 2551 1255 2608 tradidisset,
1291 2550 1447 2596 addit:
1482 2550 1722 2597 Venientem
1753 2550 1882 2609 igitur
1902 2580 1916 2605 ,
1952 2549 1999 2594 de
2033 2563 2169 2604 more,

532 2642 535 2644 ·
1377 2616 1426 2660 Ο
2074 2626 2167 2656 miz-

113 2684 136 2706 *
164 2682 264 2726 Scil.
292 2683 507 2735 fignificat,
536 2682 784 2735 Epistolam‚
805 2681 1016 2735 postquam
1037 2680 1078 2720 in
1100 2679 1255 2720 Italiam
1279 2680 1428 2731 perlata
1447 2628 1588 2726 figmit'
1611 2676 1738 2716 decem
1758 2674 1914 2714 circiter
1932 2673 2066 2712 diebus
2091 2685 2164 2723 po-

59 2734 173 2776 tuisse
193 2735 393 2785 Brundifio
428 2737 476 2778 ad
498 2736 661 2779 Urbem
690 2735 908 2788 pervenire.
965 2733 1151 2773 Horatms
1180 2741 1287 2772 certe
1306 2743 1403 2771 cum
1426 2731 1497 2770 iter
1521 2741 1608 2769 non
1630 2728 1851 2776 festinaret,
1882 2724 2002 2765 XIV.
2029 2726 2165 2766 diebus

57 2787 200 2830 Roma
228 2788 473 2836 Brundisium
502 2791 631 2841 petiit,
658 2799 704 2830 ut
733 2789 898 2840 ipsemet
927 2787 1108 2827 describit
1139 2785 1229 2827 Lib.
1253 2786 1285 2827 1.
1311 2784 1392 2825 Sat.
1419 2797 1453 2834 5.
1488 2784 1680 2823 Attamen
1703 2780 1853 2820 Cicero
1876 2779 2074 2827 BrundJfii
2099 2779 2169 2818 de-

60 2854 157 2894 gens
179 2838 402 2892 Epistolam
435 2843 482 2883 ab
504 2845 643 2884 Attico
662 2842 823 2884 Romae
855 2841 1040 2892 scriptam
1059 2840 1220 2892 septimo
1250 2838 1459 2878 summum
1481 2836 1545 2875 die
1564 2835 1731 2885 accepit.
1789 2831 1950 2873 Etenim
1971 2832 2043 2878 ait,
2076 2831 2167 2871 Lib.

32 2922 36 2925 -
63 2894 111 2935 ad
141 2895 225 2935 Att.
249 2893 333 2936 XI.
358 2893 432 2945 Ep.
453 2907 513 2935 21.
539 2896 677 2947 Accepi
694 2895 767 2938 VI.
784 2894 880 2935 Kal.
904 2895 1004 2949 Sept.
1024 2893 1172 2934 litteras
1193 2891 1217 2931 ἁ
1236 2902 1273 2932 te
1295 2892 1400 2931 datas
1423 2888 1519 2929 XII.
1543 2887 1642 2930 Kal.
1676 2886 1762 2929 Nifi
1796 2885 1992 2926 mendum
2020 2886 2061 2925 in
2091 2897 2168 2925 nu-

65 2947 182 2988 meris
206 2947 476 2988 existimemus
497 2948 654 2988 cubare.

93 3000 178 3055 ‚(a)
208 3001 301 3052 Pag.
326 2999 393 3041 82.
417 3000 500 3051 seq.
544 3049 547 3051 ¹

116 3054 137 3104 †
166 3052 323 3093 Idcirco
356 3053 457 3094 illud
480 3052 619 3093 Ovidii
642 3051 925 3104 poematium,
952 3052 1063 3106 quod
1092 3052 1131 3093 &
1165 3064 1262 3092 cum
1291 3050 1469 3101 pluribus
1499 3049 1584 3089 aliis
1606 3045 1776 3088 interiit.
1807 3043 2008 3084 diversum
2028 3044 2100 3085 fuit
2119 3044 2170 3085 ab

71 3102 293 3207 illpbffegce
313 3105 353 3199 iri
376 3106 552 3200 {unbdelm
576 3105 743 3158 Augusti
760 3106 917 3148 obitum
935 3106 1108 3160 scripto,
1132 3103 1224 3148 Lib.
1242 3104 1320 3149 1V.
1341 3116 1389 3145 ex
1412 3103 1545 3145 Ponto
1566 3100 1638 3153 Ep.
1665 3103 1725 3154 ¹3·
1749 3111 1851 3142 vers.
1878 3109 2010 3151 19·40-

256 3170 365 3199 nna.
430 3175 438 3199 ι
473 3194 478 3199 .
523 3191 530 3199 .
553 3173 597 3200 ca
629 3189 637 3197 .
690 3188 699 3198 .

129 3209 189 3259 (c)
217 3210 392 3252 Gnarum
414 3215 450 3253 le
480 3213 507 3254 it
531 3171 702 3264 Lipisiug.

128 3260 191 3318 (d)
220 3259 309 3308 Lib.
332 3265 406 3310 a&
422 3267 445 3304 οἱ
472 3267 660 3318 ολεσχίοις,
