2547 3708
276 202 342 253 92

711 176 771 232 P.
848 165 1272 232 OVIDII
1344 167 1883 229 NASONIS

426 297 526 348 375
570 276 644 334 Ut
669 279 762 351 qui
790 277 957 338 ῐεᾶει,
994 278 1122 329 novi
1146 273 1372 328 formam
1403 273 1625 328 celantia
1652 275 1904 338 monstri,

639 352 905 405 intrarunt
936 365 1125 401 caecae
1151 363 1261 401 non
1289 347 1565 400 redeunda
1593 345 1804 398 domus,

569 423 648 479 Ut
673 439 904 494 quorum
931 418 1185 475 AEacides
1214 420 1349 473 misit
1380 420 1642 472 violentus
1671 420 1724 471 in
1747 419 1879 471 altos

642 496 889 567 Corpora
914 511 1039 548 cum
1062 494 1194 546 senis
1218 493 1379 545 altera
1404 491 1523 544 sena
1548 506 1726 559 rogos,

564 567 642 622 Ut
672 585 806 640 quos
823 609 838 636 ,
862 567 1070 621 obscuri
1094 565 1230 617 lusos
1254 563 1562 635 ambagibus
1588 563 1692 616 oris
1710 601 1724 624 ,
1763 594 1770 597 ›

279 781 389 819 tinthi
418 780 573 818 nomine
596 775 842 815 demonstrare
861 775 1009 814 soleant.
1037 774 1238 818 Latet-nia,
1265 775 1320 812 in·

280 844 392 882 quam
419 859 428 876 ,
464 831 532 868 fuit
555 829 656 866 solidi
687 827 890 865 admodum
918 827 954 864 ὃς
985 825 1159 875 elegantis
1177 826 1273 870 saxi,
1301 825 1321 863 ὲ

280 894 353 931 qua
371 880 506 929 lapides
531 879 677 918 diversis
695 879 783 915 locis
806 878 969 925 exempti
990 877 1067 914 sunt
1088 888 1174 913 cum
1193 876 1320 913 Gerti-

279 944 350 971 nae
373 933 409 969 &
432 931 572 974 Gnosi,
602 941 696 978 quae
718 929 857 966 Minois
889 929 1002 975 Regia
1033 928 1100 964 fuit
1117 954 1126 968 ‚
1155 925 1319 964 aedificia

280 991 559 1027 extruerentur,
587 993 680 1030 quae
704 979 894 1027 primariae
924 979 1035 1016 totius
1069 977 1207 1014 Insulae
1228 977 1318 1014 civi-

279 1042 370 1073 tates
390 1034 550 1071 fuetunt.
606 1033 845 1079 Quamquam
869 1041 995 1066 verum
1019 1028 1089 1071 est,
1118 1028 1251 1065 multos
1280 1027 1318 1066 in

280 1096 324 1124 ea
347 1085 520 1121 Latomia
545 1078 886 1118 aftaeandrosineffe
901 1107 910 1123 ,
940 1079 1055 1116 modo
1075 1079 1119 1116 ad
1138 1078 1319 1123 dextram,

281 1134 403 1173 modo
421 1135 465 1171 ad
485 1133 656 1171 sinistram
679 1131 749 1168 sese
778 1139 1091 1178 contorquentes,
1120 1129 1245 1178 quales
1265 1130 1321 1167 in·

280 1184 354 1224 effe
375 1185 603 1234 Labyrintho
626 1190 845 1230 potuerunt,
871 1181 1031 1228 ideoque
1054 1180 1162 1217 duces
1188 1179 1208 1217 ὲ
1224 1192 1321 1228 quo-

280 1236 367 1273 dam
395 1246 489 1285 pago
513 1263 523 1279 ,
567 1234 627 1272 ubi
644 1233 733 1270 olim
756 1232 835 1269 urbs
866 1232 1013 1269 Gnosos
1033 1231 1124 1275 fuit,
1151 1231 1243 1268 sumi
1264 1231 1319 1268 so-

279 1287 382 1331 lent,
410 1287 474 1335 qui
506 1286 601 1323 viam
624 1282 875 1321 demonstrent
900 1309 911 1327 ,
942 1283 1157 1320 Latomiam
1177 1282 1319 1330 ingredi

279 1337 501 1375 volentibus.
553 1336 752 1373 SALVAGN.

335 1388 420 1433 376.
451 1394 528 1424 Non
539 1385 738 1434 adeunda]
773 1383 1109 1434 Lege‚redeunda‚
1137 1383 1224 1421 utin
1237 1395 1318 1421 cor-

280 1438 387 1476 rectis
415 1437 684 1485 exemplaribus
715 1445 813 1484 patet
833 1463 843 1479 ,
881 1438 919 1474 &
949 1435 1087 1473 constat
1115 1435 1153 1472 in
1176 1434 1321 1473 fabulis.

284 1489 437 1527 Cousr.
465 1489 560 1527 FAN.
588 1494 748 1524 Intrarat
769 1498 860 1524 unus
883 1486 1037 1523 Heinfii.

335 1551 419 1588 379,
448 1546 491 1576 Ut
505 1552 652 1589 quorum
667 1536 870 1586 Aeacides]
899 1536 1063 1575 Achilles
1087 1537 1123 1573 in
1147 1548 1240 1586 rogo
1253 1537 1321 1574 Pa-

280 1591 389 1629 trocli
418 1591 597 1628 cremavit
623 1588 820 1626 duodecim
851 1600 1005 1637 corpora
1027 1587 1284 1636 Trojanorum
1309 1614 1320 1631 ,

280 1641 327 1679 ad
346 1642 491 1679 inferias
511 1639 630 1689 ipsius.
668 1639 904 1676 INTERPRES.
932 1639 988 1676 Ex
1008 1639 1183 1676 Homero
1217 1638 1317 1675 Iliad.

281 1690 444 1740 spstapud
465 1703 578 1741 quem
616 1689 777 1727 Achilles
809 1689 919 1727 AEaci
952 1690 1079 1736 Nepos
1116 1688 1314 1727 duodecim

280 1743 472 1791 TroJ'anos
510 1741 555 1779 ad
590 1740 747 1778 Patrocli
783 1740 928 1778 bustum
974 1739 1147 1777 mactavit
1167 1767 1178 1786 ,
1224 1751 1320 1788 quo-

278 1803 362 1832 rum
394 1793 566 1841 sanguine
599 1803 723 1828 manes
755 1791 831 1838 ejus
864 1791 1119 1838 placarentur:

331 1843 477 1882 Δώδεκκ
498 1843 537 1878 δὲ
558 1843 679 1886 Τρώων
698 1843 904 1886 μεγαθύμων
921 1842 1016 1882 &eug
1039 1841 1182 1883 ἐσθλοῦς

330 1897 471 1942 Χαλκῷ
491 1893 629 1936 §nisce-s,
659 1893 758 1928 κκκῖι
777 1892 817 1929 δὲ
836 1891 941 1937 Φρεσὶ
965 1890 1098 1936 μήδετο
1118 1891 1222 1937 ἔργα,

333 1960 479 2010 Biffinos
498 1958 600 1995 addit
616 1958 764 2005 juvenes
782 1957 986 2007 &sanguine
1006 1955 1176 1994 Teucrlam

335 2011 456 2060 Infesta
481 2011 639 2047 mabsam
660 2008 790 2046 animo.

281 2079 462 2117 Hero'i'cis
484 2079 582 2115 enirn
616 2076 844 2126 temporibus
873 2076 1038 2114 victimas
1069 2077 1248 2114 humanas
1275 2073 1320 2112 ad

282 2130 471 2170 caesorum
505 2129 601 2165 busta
633 2129 827 2165 immolare
857 2128 969 2165 moris
989 2135 1076 2164 erat.
1133 2127 1190 2164 Sic
1210 2127 1320 2176 Poly-

283 2192 402 2218 xenae
426 2180 637 2226 sanguinem
658 2178 702 2214 ad
723 2178 923 2224 expiandos
946 2177 1095 2213 Achillis
1119 2188 1244 2214 manes
1258 2190 1320 2215 ex-

280 2233 438 2279 petitum
455 2228 616 2278 produnt
631 2228 818 2275 Euripides
833 2227 867 2263 in
882 2226 1036 2263 Hecuba
1051 2253 1060 2268 ,
1088 2226 1187 2262 Naso
1198 2227 1318 2263 noster

285 2281 347 2319 lib.
370 2293 460 2318 xm.
500 2279 751 2326 Metamorph.
772 2278 945 2325 Virgilius
981 2276 1039 2313 lib.
1068 2288 1132 2313 111.
1167 2275 1317 2313 AEneid.

285 2333 423 2370 Seneca
443 2329 610 2367 Troade.
649 2329 706 2366 Sic
731 2328 868 2366 AEneas
881 2328 940 2365 lib.
967 2338 1001 2364 X.
1029 2325 1180 2364 AEneid.
1197 2326 1321 2366 audita

285 2381 453 2421 Pallantis
472 2392 562 2419 nece
582 2408 593 2425 ,
615 2380 771 2418 Rutulos
792 2379 882 2417 octo

338 2450 497 2488 Viventes
507 2448 598 2498 rapit
616 2448 780 2494 inferias,
813 2460 894 2496 quos
911 2445 1066 2483 immolet
1088 2445 1245 2490 umbris,

337 2501 553 2550 captivoque
572 2500 641 2547 rogi
661 2499 850 2548 perfundat
864 2499 1036 2546 sanguine
1046 2495 1232 2546 flammas.

287 2567 335 2606 Et
355 2566 448 2604 libro
474 2565 664 2613 sequenti:

338 2629 506 2666 Vinxerat
526 2626 644 2673 &poli
656 2635 748 2673 terga
764 2636 890 2661 manus
900 2637 982 2673 quos
992 2622 1145 2661 mitteret
1165 2622 1296 2661 umbris
1308 2650 1320 2669 ,

341 2680 488 2724 Inferias
508 2684 595 2724 caeso
608 2678 793 2726 sparsurus
807 2675 975 2723 sanguine
987 2672 1169 2723 flammas.

290 2748 416 2794 Quem
442 2744 685 2783 inhumanum
709 2754 854 2779 morem
876 2743 1035 2779 imitatus
1068 2740 1116 2778 est
1136 2740 1320 2778 Antonius

289 2797 482 2835 Triumvir
497 2792 711 2842 Philippensi
736 2793 909 2836 victoria,
939 2805 1052 2841 quum
1078 2790 1318 2829 Hortensium

292 2847 460 2885 Oratoris
481 2844 597 2882 filium
622 2843 768 2881 matftari
785 2843 881 2891 jussit
900 2842 944 2879 ad
968 2851 1256 2879 monumentum
1280 2843 1324 2880 C.

288 2898 447 2936 Antonii
472 2897 584 2933 fratris
607 2894 656 2931 sui
672 2921 681 2937 ‚
709 2906 819 2943 quem
844 2893 970 2930 Brutus
999 2894 1035 2930 in
1058 2893 1237 2930 ultionem
1258 2905 1324 2930 ne-

291 2950 342 2986 cis
366 2948 557 2984 Ciceronis
589 2943 741 2982 interfici
762 2943 928 2992 jusserat,
959 2953 995 2980 ut
1018 2942 1228 2980 Plutarchus
1241 2943 1322 2980 scri·

289 2999 341 3037 bit
363 2999 399 3036 in
415 2997 594 3034 Antonio.
648 2995 706 3032 Sic
716 2994 810 3042 apud
831 2995 1020 3031 Lucanum
1035 2994 1079 3029 de
1099 2993 1215 3031 Sulla:

673 3061 771 3109 Qid
785 3061 952 3110 sanguine
973 3073 1090 3096 manes

343 3116 504 3155 Placatos
524 3113 646 3150 Catuli
663 3114 809 3156 referam
826 3140 835 3155 ,
864 3125 940 3146 cum
964 3111 1112 3146 viciima
1133 3109 1237 3153 tristis

343 3168 488 3213 Inferias
513 3163 649 3200 Marius
662 3192 671 3207 ‚
691 3164 813 3210 fhrſszn
832 3161 1021 3198 nolentibus
1043 3159 1173 3197 umbris
1186 3187 1197 3204 ,

348 3217 469 3256 Pendit
489 3214 655 3263 inexpleto
675 3227 741 3249 non
753 3214 869 3257 fimda
887 3212 1022 3258 piacula
1044 3209 1147 3257 busto.

292 3270 391 3312 'Hinc
410 3268 519 3308 etiam
538 3265 681 3307 Tullius
701 3265 737 3304 in
754 3264 921 3303 Pisonem
953 3262 997 3302 de
1017 3262 1052 3301 se
1070 3261 1171 3315 ipso:⁴
1199 3266 1239 3315 A
1260 3274 1315 3300 me
1371 3257 1457 3296 chio
1503 3255 1726 3296 delineatum
1784 3253 1958 3294 exhibuit.

2159 643 2263 705 380
2299 643 2408 699 Le-

1376 773 1518 823 quidem
1535 773 1643 811 etiam
1655 782 1779 823 poenas
1790 775 1945 824 expetitis
1969 803 1979 820 ,
2010 777 2132 827 quibus
2149 781 2409 828 conjuratorum

1377 837 1495 861 manes
1513 835 1730 862 mortuoram
1751 827 1952 873 expiarezis;
1982 841 2079 864 omne
2099 830 2215 866 odium
2236 832 2410 882 inclusum

1375 876 1518 921 nefariis
1539 874 1692 923 senfibas
1724 876 1905 924 impioram
1928 878 1965 914 in
1994 893 2047 914 sne
2073 881 2295 928 profudi,st⁷is;
2325 898 2408 931 quo·

1374 939 1454 962 ram
1477 939 1531 973 ego
1544 925 1659 969 furori
1678 925 1742 974 nisi
1757 926 1902 975 ceffiſjbm
1918 956 1926 969 ‚
1945 929 1980 965 in
2002 934 2177 967 cananae
2199 932 2288 976 busto
2313 934 2409 972 vobis

1374 976 1517 1013 ducibus
1547 979 1722 1013 macras-us
1748 978 1850 1025 essem.
1904 978 2101 1018 SALVAGN.
2142 988 2180 1017 ln
2208 984 2296 1019 altos
2319 997 2412 1032 rogos

1376 1038 1461 1064 cum
1484 1027 1592 1064 tribus
1614 1027 1761 1075 scriptis.
1793 1029 1936 1066 Heius.
1972 1030 2009 1066 in
2022 1031 2104 1068 altis
2120 1033 2204 1081 rogis
2226 1034 2342 1071 multi.
2371 1034 2410 1072 in

1378 1079 1466 1115 atris
1493 1078 1578 1126 rogis
1618 1089 1710 1116 unus
1748 1078 1908 1116 Heinfii.

1379 1130 1453 1166 cof.

1430 1190 1514 1228 379.
1542 1184 1585 1215 Ut
1605 1192 1687 1229 quos
1706 1177 1877 1229 obscuri.]
1908 1181 1967 1218 De
1991 1182 2161 1232 Sphynge
2182 1185 2326 1224 historia
2339 1200 2410 1226 no-

1373 1236 1421 1268 ta.
1478 1233 1714 1268 lNTsRnnfis.
1743 1230 1959 1269 Fabulantur
1990 1233 2189 1283 Sphingem
2212 1249 2256 1274 ex
2279 1238 2430 1280 EcbId-ff.

1375 1293 1422 1318 na
1443 1282 1480 1319 δε
1502 1283 1693 1329 Typhone
1716 1282 1921 1329 parentibus
1941 1292 2056 1321 ortam
2074 1313 2084 1327 ‚
2113 1285 2206 1323 facie
2225 1289 2381 1334 puellam
2398 1318 2411 1334 ,

1375 1332 1441 1370 alis
1467 1333 1657 1370 volucrem
1675 1360 1684 1376 ‚
1714 1332 2011 1371 caeteraleonem
2030 1336 2240 1378 ‚Thebanis
2260 1337 2411 1385 aJuno-

1374 1394 1423 1420 ne
1445 1382 1639 1420 immissam
1665 1411 1674 1426 ‚
1712 1394 1807 1431 quae
1839 1395 1923 1421 cum
1945 1383 1965 1421 a
1989 1386 2102 1423 Musis
2126 1388 2332 1435 aenigmata
2354 1391 2411 1429 di-

1375 1432 1535 1477 dicisset,
1565 1434 1602 1471 in
1624 1434 1773 1481 Phyceo
1795 1442 1926 1472 monte
1945 1436 2131 1480 consedit,
2159 1437 2204 1474 de
2225 1439 2353 1486 quibus
2372 1442 2412 1480 id

1375 1496 1491 1523 unum
1502 1496 1710 1533 proponere
1729 1484 1889 1522 solebat:
1945 1488 2150 1535 Quodnam
2169 1487 2256 1526 esset
2276 1489 2313 1527 id
2333 1493 2412 1530 ani-

1375 1535 1449 1574 mal
1473 1547 1603 1573 vocem
1626 1547 1737 1572 unam
1758 1535 1891 1573 habens
1907 1565 1916 1580 ‚
1946 1538 2047 1584 quod
2069 1540 2228 1586 primum
2253 1542 2412 1588 quadru-

1375 1597 1459 1633 pes,
1486 1586 1619 1623 deinde
1641 1587 1739 1634 bipes
1755 1614 1764 1630 ,
1792 1586 1944 1625 demum
1959 1590 2067 1636 tripes
2088 1590 2197 1628 foret.
2250 1592 2411 1631 Univer-

1372 1637 1426 1693 sos
1438 1645 1560 1675 autem
1583 1638 1671 1685 quid
1695 1636 1783 1674 illud
1802 1635 1888 1675 effer
1909 1640 2171 1687 interrogabat,
2198 1642 2299 1689 quod
2322 1655 2409 1683 cum

1374 1689 1530 1725 minime
1550 1688 1814 1732 satisfacerent,
1843 1690 2032 1737 abreptum
2056 1702 2100 1727 ex
2112 1692 2409 1732 omnibusunum

1376 1738 1576 1776 devorabat
1596 1752 1604 1776 :
1650 1751 1766 1785 eaque
1797 1739 1843 1776 de
1872 1740 1973 1777 causa
1997 1740 2101 1778 multi
2125 1741 2271 1779 subinde
2292 1744 2412 1791 perie-

1380 1799 1482 1833 rant;
1512 1789 1570 1827 sed
1593 1801 1676 1826 cum
1701 1789 1890 1828 Thebanis
1909 1791 2059 1828 oraculo
2079 1794 2335 1831 renunciatum
2359 1794 2410 1832 es-

1965 1080 2003 1118 in
2038 1081 2151 1120 altum
2177 1084 2262 1132 rogis
2301 1085 2412 1124 Fran-

1377 1840 1449 1885 set,
1471 1841 1542 1887 jam
1565 1849 1643 1877 tum
1668 1840 1832 1888 Sphingis
1859 1841 2108 1879 incommodo
2145 1842 2276 1882 liberos
2304 1845 2411 1890 fore,

1377 1892 1528 1938 quando
1563 1890 1774 1939 hujusmodi
1806 1893 1976 1940 aenigma
2016 1891 2230 1938 solvissent,
2280 1895 2408 1934 Creon

1377 1941 1645 1979 Thebanorum
1666 1943 1770 1985 Rex,
1799 1943 1900 1991 cujus
1931 1941 2023 1980 filius
2053 1942 2199 1981 lEmon
2229 1944 2358 1984 itidem
2388 1946 2410 1985 a

1375 1992 1536 2040 Sphinge
1555 2000 1763 2039 peremptus
1786 2002 1862 2030 erat
1882 2021 1893 2037 ,
1933 1995 2121 2041 praeconis
2143 2006 2237 2031 voce
2270 1998 2412 2043 procla-

1376 2045 1467 2080 mari
1485 2043 1605 2091 juffit,
1620 2044 1791 2089 Regnum
1814 2042 2042 2088 &J'ocastam
2065 2044 2099 2081 se
2120 2045 2154 2082 ei
2173 2045 2405 2092 traditurum,

1379 2094 1441 2139 qui
1465 2095 1635 2142 aenigma
1653 2093 1821 2131 solveret.
1873 2095 2017 2140 Quibus
2031 2095 2208 2142 promissis
2231 2099 2409 2136 excitatus

1378 2143 1545 2192 Oedipus
1560 2172 1570 2188 ,
1597 2144 1658 2192 qui
1682 2144 1715 2180 se
1735 2144 1819 2192 Laji
1841 2144 1878 2180 ὅ(
1900 2144 2062 2190 Jocastae
2074 2144 2188 2181 filium
2213 2145 2283 2183 effe
2302 2148 2409 2196 igno-

1373 2194 1494 2238 rabat,
1522 2195 1692 2240 aenigma
1713 2191 1758 2230 de
1776 2194 1930 2230 homine
1958 2195 2213 2241 interpretatus
2235 2197 2282 2234 est
2304 2225 2314 2241 ‚
2342 2199 2408 2248 qui

1373 2244 1492 2281 infans
1521 2251 1680 2292 quatuor
1712 2242 1886 2280 membris
1914 2244 2100 2292 graditur,
2128 2245 2278 2284 effectus
2303 2260 2410 2296 gran-

1373 2292 1455 2330 dior
1479 2293 1576 2341 bipes
1597 2292 1669 2336 est,
1697 2292 1880 2330 senescens
1912 2306 2023 2339 vero,
2051 2307 2092 2332 ac
2121 2295 2274 2334 demum
2297 2300 2413 2339 tertio

1375 2341 1556 2392 assumpto
1577 2343 1691 2391 pede,
1719 2344 1756 2381 id
1783 2344 1831 2380 est
1850 2344 2031 2392 scipione,
2057 2346 2166 2393 tripes
2189 2347 2258 2386 dici
2277 2351 2407 2396 potest.

1378 2394 1517 2441 Sphinx
1548 2395 1642 2432 adeo
1672 2405 1777 2444 aegre
1810 2395 2030 2433 solutionem
2057 2397 2161 2442 tulit,
2190 2407 2229 2436 ut
2258 2411 2303 2436 ex
2324 2412 2407 2439 arce

1378 2445 1448 2482 sese
1475 2446 1712 2493 praecipitem
1739 2444 1890 2483 dederit.
1946 2447 2205 2494 Quamobrem
2240 2450 2415 2500 Oedipus.

1379 2496 1551 2544 Regnum
1572 2498 1609 2533 ὅ(
1631 2495 1808 2540 Jocastam
1834 2506 1988 2535 matrem
2018 2498 2146 2536 inscius
2168 2511 2321 2538 uxorem
2347 2514 2408 2540 ac·

1380 2548 1488 2593 cepit.
1542 2547 1594 2584 Ita
1617 2547 1805 2584 Diodorus
1832 2547 1892 2584 lib.
1913 2559 1946 2584 V.
1975 2548 2225 2595 Apollodorus
2252 2550 2312 2588 lib.
2339 2563 2406 2590 111.

1380 2598 1551 2645 Higynus
1565 2598 1703 2643 fab.67.
1715 2597 1926 2635 Athenaeus
1937 2598 2191 2646 Deipnosoph.
2213 2599 2407 2647 Sophoclis

1379 2648 1590 2686 Scholiastes
1611 2649 1776 2695 Oedipo.
1843 2647 2028 2685 Zenobius
2044 2648 2244 2686 Proverbio
2261 2652 2404 2688 Βοιώτιαι

1377 2698 1565 2745 ἀινὶγμτοε.
1650 2699 1860 2747 Allegorice
1899 2710 1989 2735 vero
2039 2699 2156 2736 Cebes
2191 2700 2405 2741 Thebanus.

1377 2750 1613 2797 Palaephatus
1637 2750 1698 2787 lib.
1719 2749 1764 2786 de
1794 2760 1871 2785 non
1892 2748 2079 2786 credendis
2097 2750 2266 2788 fabulofis
2285 2764 2407 2792 narra-

1378 2801 1554 2839 tionibus.
1604 2800 1790 2837 Pausanias
1811 2800 1847 2836 in
1859 2798 2043 2837 Boeoticis
2057 2826 2068 2844 ,
2099 2801 2290 2850 Diogenes
2310 2804 2407 2851 apud

1380 2852 1545 2889 Dionem
1563 2850 1866 2899 Chrysostomum
1880 2851 2048 2887 oratione
2068 2862 2120 2888 10.
2136 2851 2404 2892 isaciustetz-

1378 2903 1481 2940 zesin
1497 2902 1800 2950 Lycophronem.
1842 2901 2006 2938 Michael
2025 2900 2153 2939 Psellus
2187 2903 2222 2939 in
2239 2903 2402 2951 Allegor.

1378 2954 1414 2990 &
1437 2965 1479 2989 ex
1498 2951 1757 2989 recentioribus
1778 2950 1939 2988 Alciatus
1968 2952 2186 2989 Emblemat.
2206 2952 2239 2988 8.
2268 2953 2405 2994 Pierius

1376 3003 1610 3046 Valerianus,
1639 3002 1997 3040 MichaelMercatus
2011 3030 2022 3046 ,
2042 3002 2256 3039 Laurentius
2270 3003 2404 3052 Pigno-

1377 3055 1447 3091 rius
1463 3056 1497 3091 in
1512 3053 1662 3091 Tabulis
1685 3052 1811 3090 isiacis.
1852 3053 1990 3100 Sphinx
2009 3059 2130 3089 autem
2153 3052 2334 3092 Chiorum
2349 3057 2406 3093 in-

1377 3104 1474 3152 signe
1494 3105 1560 3141 fuit
1581 3131 1590 3147 ‚
1617 3114 1778 3152 quorum
1800 3112 1925 3140 extant
1952 3102 2168 3140 numismata
2192 3105 2373 3151 quaedam
2389 3134 2402 3151 ‚

1375 3163 1453 3192 tum
1477 3153 1563 3191 illud
1583 3153 1686 3202 quod
1711 3155 1792 3191 Leo
1807 3153 1957 3190 Allatius
1975 3152 2401 3195 Praefationeinlibrum

1374 3206 1476 3243 suum
1493 3204 1661 3242 dePatria
1682 3205 1843 3242 Homeri
1864 3231 1874 3246 ‚
1912 3214 1957 3239 ex
1987 3202 2182 3240 Barberino
2205 3204 2400 3244 Cimleiar-

2021 3253 2218 3294 Caeterum
2260 3256 2401 3298 Nasoni

2272 3306 2403 3358 Sphin3
