<?xml version="1.0" encoding="UTF-8"?>
<!DOCTYPE html PUBLIC "-//W3C//DTD XHTML 1.0 Transitional//EN"
    "http://www.w3.org/TR/xhtml1/DTD/xhtml1-transitional.dtd">
<html xmlns="http://www.w3.org/1999/xhtml" xml:lang="en" lang="en">
 <head>
  <title>
</title>
<meta http-equiv="Content-Type" content="text/html;charset=utf-8" />
  <meta name='ocr-system' content='tesseract 3.04.00' />
  <meta name='ocr-capabilities' content='ocr_page ocr_carea ocr_par ocr_line ocrx_word'/>
</head>
<body>
  <div class='ocr_page' id='page_1' title='image "./publiiovidiinaso04ovid_0336.png"; bbox 0 0 2547 3708; ppageno 0'>
   <div class='ocr_carea' id='block_1_1' title="bbox 387 64 1959 183">
    <p class='ocr_par' dir='ltr' id='par_1_1' title="bbox 311 64 1959 183">
     <span class='ocr_line' id='line_1_1' title="bbox 387 64 1959 183; baseline -0.005 -15.369"><span class='ocrx_word' id='word_1_1' title='bbox 387 120 480 183; x_wconf 78' lang='lat'><strong>154</strong></span> <span class='ocrx_word' id='word_1_2' title='bbox 612 86 615 88; x_wconf 71' lang='grc'><strong>’</strong></span> <span class='ocrx_word' id='word_1_3' title='bbox 904 100 1793 163; x_wconf 74' lang='lat' dir='ltr'><strong>D‘EDICATroNEs</strong></span> <span class='ocrx_word' id='word_1_4' title='bbox 1859 64 1959 162; x_wconf 50' lang='grc' dir='ltr'>ᾖ</span> 
     </span>
    </p>
   </div>
   <div class='ocr_carea' id='block_1_2' title="bbox 365 203 2547 2148">
    <p class='ocr_par' dir='ltr' id='par_1_2' title="bbox 504 203 1711 273">
     <span class='ocr_line' id='line_1_2' title="bbox 504 203 1711 273; baseline -0.005 -17"><span class='ocrx_word' id='word_1_5' title='bbox 504 209 662 273; x_wconf 81' lang='lat' dir='ltr'><em>Volgus</em></span> <span class='ocrx_word' id='word_1_6' title='bbox 686 207 879 264; x_wconf 72' lang='lat' dir='ltr'><strong>abhorret</strong></span> <span class='ocrx_word' id='word_1_7' title='bbox 905 207 960 252; x_wconf 78' lang='lat' dir='ltr'><strong>ab</strong></span> <span class='ocrx_word' id='word_1_8' title='bbox 982 207 1086 262; x_wconf 73' lang='lat' dir='ltr'><strong>hae3</strong></span> <span class='ocrx_word' id='word_1_9' title='bbox 1121 205 1235 250; x_wconf 82' lang='lat' dir='ltr'><strong>volui</strong></span> <span class='ocrx_word' id='word_1_10' title='bbox 1254 205 1333 250; x_wconf 84' lang='lat' dir='ltr'><strong>tibi</strong></span> <span class='ocrx_word' id='word_1_11' title='bbox 1342 203 1654 267; x_wconf 77' lang='lat' dir='ltr'><strong>suaviloquenti</strong></span> <span class='ocrx_word' id='word_1_12' title='bbox 1703 233 1711 237; x_wconf 91' lang='lat'><em>-</em></span> 
     </span>
    </p>

    <p class='ocr_par' dir='ltr' id='par_1_3' title="bbox 505 271 1531 331">
     <span class='ocr_line' id='line_1_3' title="bbox 505 271 1531 331; baseline -0.006 -9"><span class='ocrx_word' id='word_1_13' title='bbox 505 277 703 322; x_wconf 70' lang='lat' dir='ltr'><strong>Carmine</strong></span> <span class='ocrx_word' id='word_1_14' title='bbox 732 275 876 320; x_wconf 83' lang='lat' dir='ltr'><strong>Pierio</strong></span> <span class='ocrx_word' id='word_1_15' title='bbox 894 281 1095 317; x_wconf 76' lang='lat' dir='ltr'><strong>ratzonem</strong></span> <span class='ocrx_word' id='word_1_16' title='bbox 1114 271 1306 330; x_wconf 66' lang='lat' dir='ltr'><strong>exponere</strong></span> <span class='ocrx_word' id='word_1_17' title='bbox 1324 271 1503 331; x_wconf 75' lang='lat' dir='ltr'><strong>nostram</strong></span> <span class='ocrx_word' id='word_1_18' title='bbox 1514 303 1531 329; x_wconf 90' lang='lat'><strong>,</strong></span> 
     </span>
    </p>

    <p class='ocr_par' dir='ltr' id='par_1_4' title="bbox 490 337 1411 403">
     <span class='ocr_line' id='line_1_4' title="bbox 490 337 1411 403; baseline -0.007 -16"><span class='ocrx_word' id='word_1_19' title='bbox 490 338 572 387; x_wconf 69' lang='lat' dir='ltr'><strong>‘Et</strong></span> <span class='ocrx_word' id='word_1_20' title='bbox 592 344 706 403; x_wconf 75' lang='lat' dir='ltr'><strong>quast</strong></span> <span class='ocrx_word' id='word_1_21' title='bbox 730 337 877 401; x_wconf 77' lang='lat' dir='ltr'><strong>Museo</strong></span> <span class='ocrx_word' id='word_1_22' title='bbox 899 337 1008 383; x_wconf 76' lang='lat' dir='ltr'><strong>dulci</strong></span> <span class='ocrx_word' id='word_1_23' title='bbox 1028 337 1250 396; x_wconf 74' lang='lat' dir='ltr'><strong>contingere</strong></span> <span class='ocrx_word' id='word_1_24' title='bbox 1271 337 1411 381; x_wconf 81' lang='lat' dir='ltr'><strong>melle:</strong></span> 
     </span>
    </p>

    <p class='ocr_par' dir='ltr' id='par_1_5' title="bbox 505 402 1420 465">
     <span class='ocr_line' id='line_1_5' title="bbox 505 402 1420 465; baseline -0.01 -12"><span class='ocrx_word' id='word_1_25' title='bbox 505 407 557 453; x_wconf 84' lang='lat' dir='ltr'><strong>Si</strong></span> <span class='ocrx_word' id='word_1_26' title='bbox 575 407 654 451; x_wconf 76' lang='lat' dir='ltr'><strong>tibi</strong></span> <span class='ocrx_word' id='word_1_27' title='bbox 665 404 782 465; x_wconf 80' lang='lat' dir='ltr'><strong>forte</strong></span> <span class='ocrx_word' id='word_1_28' title='bbox 804 406 989 449; x_wconf 75' lang='lat' dir='ltr'><strong>animum</strong></span> <span class='ocrx_word' id='word_1_29' title='bbox 1009 403 1089 447; x_wconf 74' lang='lat' dir='ltr'><strong>tali</strong></span> <span class='ocrx_word' id='word_1_30' title='bbox 1106 402 1266 445; x_wconf 75' lang='lat' dir='ltr'><strong>ratione</strong></span> <span class='ocrx_word' id='word_1_31' title='bbox 1286 409 1420 447; x_wconf 81' lang='lat' dir='ltr'><strong>tenere</strong></span> 
     </span>
    </p>

    <p class='ocr_par' dir='ltr' id='par_1_6' title="bbox 506 464 1642 531">
     <span class='ocr_line' id='line_1_6' title="bbox 506 464 1642 531; baseline -0.008 -14"><span class='ocrx_word' id='word_1_32' title='bbox 506 471 561 518; x_wconf 91' lang='lat' dir='ltr'><em>V</em></span> <span class='ocrx_word' id='word_1_33' title='bbox 553 473 703 531; x_wconf 75' lang='lat' dir='ltr'><strong>erstbus</strong></span> <span class='ocrx_word' id='word_1_34' title='bbox 721 471 764 514; x_wconf 82' lang='lat' dir='ltr'><strong>in</strong></span> <span class='ocrx_word' id='word_1_35' title='bbox 786 467 931 528; x_wconf 79' lang='lat' dir='ltr'><strong>nostris</strong></span> <span class='ocrx_word' id='word_1_36' title='bbox 943 467 1122 526; x_wconf 71' lang='lat' dir='ltr'><strong>postem:</strong></span> <span class='ocrx_word' id='word_1_37' title='bbox 1159 464 1258 510; x_wconf 78' lang='lat' dir='ltr'><strong>dum</strong></span> <span class='ocrx_word' id='word_1_38' title='bbox 1274 465 1468 527; x_wconf 74' lang='lat' dir='ltr'><strong>perspicis</strong></span> <span class='ocrx_word' id='word_1_39' title='bbox 1491 477 1642 509; x_wconf 78' lang='lat' dir='ltr'><strong>omnem</strong></span> 
     </span>
    </p>

    <p class='ocr_par' dir='ltr' id='par_1_7' title="bbox 369 530 2547 1759">
     <span class='ocr_line' id='line_1_7' title="bbox 506 530 2475 592; baseline -0.008 -11"><span class='ocrx_word' id='word_1_40' title='bbox 506 537 730 581; x_wconf 61' lang='lat' dir='ltr'><strong>Naffuram</strong></span> <span class='ocrx_word' id='word_1_41' title='bbox 754 549 917 588; x_wconf 74' lang='lat' dir='ltr'><strong>rerum,</strong></span> <span class='ocrx_word' id='word_1_42' title='bbox 954 546 1003 575; x_wconf 75' lang='lat' dir='ltr'><strong>ac</strong></span> <span class='ocrx_word' id='word_1_43' title='bbox 1018 530 1214 592; x_wconf 69' lang='lat' dir='ltr'><strong>persentis</strong></span> <span class='ocrx_word' id='word_1_44' title='bbox 1239 531 1480 575; x_wconf 65' lang='lat' dir='ltr'><strong>utiljtatem.</strong></span> <span class='ocrx_word' id='word_1_45' title='bbox 2466 569 2475 580; x_wconf 59' lang='grc'><strong>,</strong></span> 
     </span>
     <span class='ocr_line' id='line_1_8' title="bbox 377 587 2533 652; baseline -0.004 -5"><span class='ocrx_word' id='word_1_46' title='bbox 377 600 592 647; x_wconf 85' lang='lat' dir='ltr'>Omnino</span> <span class='ocrx_word' id='word_1_47' title='bbox 625 589 718 644; x_wconf 82' lang='lat' dir='ltr'><strong>non</strong></span> <span class='ocrx_word' id='word_1_48' title='bbox 749 596 974 644; x_wconf 87' lang='lat' dir='ltr'><strong>diversum</strong></span> <span class='ocrx_word' id='word_1_49' title='bbox 1012 594 1100 652; x_wconf 80' lang='lat' dir='ltr'><strong>suit</strong></span> <span class='ocrx_word' id='word_1_50' title='bbox 1129 593 1314 639; x_wconf 87' lang='lat' dir='ltr'><strong>illorum</strong></span> <span class='ocrx_word' id='word_1_51' title='bbox 1349 594 1403 638; x_wconf 87' lang='lat' dir='ltr'><strong>ab</strong></span> <span class='ocrx_word' id='word_1_52' title='bbox 1427 593 1519 638; x_wconf 90' lang='lat' dir='ltr'><strong>hoc</strong></span> <span class='ocrx_word' id='word_1_53' title='bbox 1549 587 1757 636; x_wconf 88' lang='lat' dir='ltr'><strong>Lucretii</strong></span> <span class='ocrx_word' id='word_1_54' title='bbox 1781 587 1975 652; x_wconf 73' lang='lat' dir='ltr'><strong>consilio</strong></span> <span class='ocrx_word' id='word_1_55' title='bbox 1999 587 2290 649; x_wconf 87' lang='lat' dir='ltr'><strong>institutum,</strong></span> <span class='ocrx_word' id='word_1_56' title='bbox 2324 591 2373 637; x_wconf 90' lang='lat' dir='ltr'><strong>in</strong></span> <span class='ocrx_word' id='word_1_57' title='bbox 2394 592 2485 639; x_wconf 81' lang='lat' dir='ltr'><strong>cir-</strong></span> <span class='ocrx_word' id='word_1_58' title='bbox 2531 640 2533 644; x_wconf 16' lang='grc' dir='ltr'><em>Α</em></span> 
     </span>
     <span class='ocr_line' id='line_1_9' title="bbox 375 653 2531 724; baseline -0.002 -15"><span class='ocrx_word' id='word_1_59' title='bbox 375 662 675 709; x_wconf 88' lang='lat' dir='ltr'><strong>cumlinendo</strong></span> <span class='ocrx_word' id='word_1_60' title='bbox 713 660 836 724; x_wconf 75' lang='lat' dir='ltr'><strong>quasi</strong></span> <span class='ocrx_word' id='word_1_61' title='bbox 873 657 1081 705; x_wconf 79' lang='lat' dir='ltr'><strong>versuum</strong></span> <span class='ocrx_word' id='word_1_62' title='bbox 1118 657 1336 703; x_wconf 78' lang='lat' dir='ltr'><strong>suavitate</strong></span> <span class='ocrx_word' id='word_1_63' title='bbox 1369 658 1418 703; x_wconf 75' lang='lat'><strong>&amp;3</strong></span> <span class='ocrx_word' id='word_1_64' title='bbox 1449 656 1705 703; x_wconf 86' lang='lat' dir='ltr'><strong>fabularum</strong></span> <span class='ocrx_word' id='word_1_65' title='bbox 1739 653 2007 711; x_wconf 77' lang='lat' dir='ltr'>dulcedine,</span> <span class='ocrx_word' id='word_1_66' title='bbox 2043 655 2393 701; x_wconf 79' lang='lat' dir='ltr'>amaritudinem</span> <span class='ocrx_word' id='word_1_67' title='bbox 2413 657 2485 704; x_wconf 52' lang='lat' dir='ltr'><strong>dia</strong></span> <span class='ocrx_word' id='word_1_68' title='bbox 2530 655 2531 705; x_wconf 64' lang='grc' dir='ltr'>ζ</span> 
     </span>
     <span class='ocr_line' id='line_1_10' title="bbox 372 715 2534 790; baseline -0.004 -17"><span class='ocrx_word' id='word_1_69' title='bbox 372 727 587 790; x_wconf 86' lang='lat' dir='ltr'><strong>sciplinae</strong></span> <span class='ocrx_word' id='word_1_70' title='bbox 619 742 771 773; x_wconf 87' lang='lat' dir='ltr'><strong>rerum</strong></span> <span class='ocrx_word' id='word_1_71' title='bbox 810 724 1153 771; x_wconf 87' lang='lat' dir='ltr'><strong>difficiliorum:</strong></span> <span class='ocrx_word' id='word_1_72' title='bbox 1191 738 1285 785; x_wconf 90' lang='lat' dir='ltr'><strong>quo</strong></span> <span class='ocrx_word' id='word_1_73' title='bbox 1308 720 1349 767; x_wconf 93' lang='lat' dir='ltr'><strong>se</strong></span> <span class='ocrx_word' id='word_1_74' title='bbox 1371 721 1415 767; x_wconf 88' lang='lat' dir='ltr'><strong>id</strong></span> <span class='ocrx_word' id='word_1_75' title='bbox 1454 716 1780 767; x_wconf 83' lang='lat' dir='ltr'><strong>consecuturos</strong></span> <span class='ocrx_word' id='word_1_76' title='bbox 1810 718 2060 781; x_wconf 82' lang='lat' dir='ltr'><strong>putabant,</strong></span> <span class='ocrx_word' id='word_1_77' title='bbox 2096 732 2150 765; x_wconf 92' lang='lat' dir='ltr'><strong>ut</strong></span> <span class='ocrx_word' id='word_1_78' title='bbox 2187 721 2363 783; x_wconf 73' lang='lat' dir='ltr'><strong>invitati</strong></span> <span class='ocrx_word' id='word_1_79' title='bbox 2387 732 2484 768; x_wconf 54' lang='lat' dir='ltr'><strong>ama</strong></span> <span class='ocrx_word' id='word_1_80' title='bbox 2530 715 2534 765; x_wconf 64' lang='grc' dir='ltr'><strong>ζ</strong></span> 
     </span>
     <span class='ocr_line' id='line_1_11' title="bbox 372 782 2547 854; baseline -0 -17"><span class='ocrx_word' id='word_1_81' title='bbox 372 792 543 837; x_wconf 87' lang='lat' dir='ltr'><strong>borum</strong></span> <span class='ocrx_word' id='word_1_82' title='bbox 563 790 857 854; x_wconf 86' lang='lat' dir='ltr'><strong>jucunditate</strong></span> <span class='ocrx_word' id='word_1_83' title='bbox 884 787 1114 835; x_wconf 78' lang='lat' dir='ltr'>auditores</span> <span class='ocrx_word' id='word_1_84' title='bbox 1137 786 1350 832; x_wconf 85' lang='lat' dir='ltr'><strong>libentius</strong></span> <span class='ocrx_word' id='word_1_85' title='bbox 1374 785 1599 832; x_wconf 78' lang='lat' dir='ltr'><strong>discerent</strong></span> <span class='ocrx_word' id='word_1_86' title='bbox 1625 800 1703 844; x_wconf 89' lang='lat' dir='ltr'><strong>ea,</strong></span> <span class='ocrx_word' id='word_1_87' title='bbox 1738 799 1935 846; x_wconf 89' lang='lat' dir='ltr'><strong>quorum</strong></span> <span class='ocrx_word' id='word_1_88' title='bbox 1968 782 2162 845; x_wconf 79' lang='lat' dir='ltr'><strong>simplex</strong></span> <span class='ocrx_word' id='word_1_89' title='bbox 2188 785 2235 831; x_wconf 82' lang='lat'>&amp;</span> <span class='ocrx_word' id='word_1_90' title='bbox 2252 785 2486 835; x_wconf 72' lang='lat' dir='ltr'>horridior</span> <span class='ocrx_word' id='word_1_91' title='bbox 2532 808 2547 835; x_wconf 75' lang='grc' dir='ltr'><strong>ὲ·</strong></span> 
     </span>
     <span class='ocr_line' id='line_1_12' title="bbox 373 847 2547 912; baseline -0.006 -10"><span class='ocrx_word' id='word_1_92' title='bbox 373 857 565 902; x_wconf 87' lang='lat' dir='ltr'><strong>traditio</strong></span> <span class='ocrx_word' id='word_1_93' title='bbox 588 858 791 910; x_wconf 75' lang='lat' dir='ltr'><strong>ayersura</strong></span> <span class='ocrx_word' id='word_1_94' title='bbox 814 867 906 901; x_wconf 86' lang='lat' dir='ltr'><strong>erat</strong></span> <span class='ocrx_word' id='word_1_95' title='bbox 931 853 1132 912; x_wconf 84' lang='lat' dir='ltr'><strong>animos,</strong></span> <span class='ocrx_word' id='word_1_96' title='bbox 1169 851 1217 897; x_wconf 82' lang='lat'>&amp;</span> <span class='ocrx_word' id='word_1_97' title='bbox 1245 850 1387 897; x_wconf 85' lang='lat' dir='ltr'><strong>rasura</strong></span> <span class='ocrx_word' id='word_1_98' title='bbox 1410 847 1574 909; x_wconf 78' lang='lat' dir='ltr'><strong>aures,</strong></span> <span class='ocrx_word' id='word_1_99' title='bbox 1602 847 1858 912; x_wconf 86' lang='lat' dir='ltr'><strong>praesertim</strong></span> <span class='ocrx_word' id='word_1_100' title='bbox 1886 848 2186 894; x_wconf 71' lang='lat' dir='ltr'>delicatiores.</span> <span class='ocrx_word' id='word_1_101' title='bbox 2245 848 2482 907; x_wconf 59' lang='lat' dir='ltr'><strong>Qemad⁴</strong></span> <span class='ocrx_word' id='word_1_102' title='bbox 2528 857 2547 907; x_wconf 39' lang='lat' dir='ltr'><strong>Q„</strong></span> 
     </span>
     <span class='ocr_line' id='line_1_13' title="bbox 372 912 2535 981; baseline 0 -15"><span class='ocrx_word' id='word_1_103' title='bbox 372 920 566 966; x_wconf 86' lang='lat' dir='ltr'><strong>modum</strong></span> <span class='ocrx_word' id='word_1_104' title='bbox 604 921 725 966; x_wconf 88' lang='lat' dir='ltr'><strong>enim</strong></span> <span class='ocrx_word' id='word_1_105' title='bbox 764 920 812 966; x_wconf 91' lang='lat' dir='ltr'><strong>in</strong></span> <span class='ocrx_word' id='word_1_106' title='bbox 847 918 1023 981; x_wconf 62' lang='lat' dir='ltr'><strong>pistura</strong></span> <span class='ocrx_word' id='word_1_107' title='bbox 1052 914 1414 978; x_wconf 76' lang='lat' dir='ltr'><strong>imaginibusque</strong></span> <span class='ocrx_word' id='word_1_108' title='bbox 1438 916 1616 962; x_wconf 86' lang='lat' dir='ltr'><strong>colores</strong></span> <span class='ocrx_word' id='word_1_109' title='bbox 1643 915 1744 976; x_wconf 88' lang='lat' dir='ltr'><strong>plus</strong></span> <span class='ocrx_word' id='word_1_110' title='bbox 1773 912 2008 969; x_wconf 84' lang='lat' dir='ltr'><strong>afficiunt,</strong></span> <span class='ocrx_word' id='word_1_111' title='bbox 2045 929 2180 974; x_wconf 87' lang='lat' dir='ltr'><strong>quam</strong></span> <span class='ocrx_word' id='word_1_112' title='bbox 2211 912 2484 965; x_wconf 67' lang='lat' dir='ltr'><strong>lineamenta</strong></span> <span class='ocrx_word' id='word_1_113' title='bbox 2528 929 2535 966; x_wconf 64' lang='grc' dir='ltr'>ξ</span> 
     </span>
     <span class='ocr_line' id='line_1_14' title="bbox 375 978 2486 1048; baseline -0 -18"><span class='ocrx_word' id='word_1_114' title='bbox 375 1000 483 1031; x_wconf 86' lang='lat' dir='ltr'><strong>cum</strong></span> <span class='ocrx_word' id='word_1_115' title='bbox 519 997 710 1048; x_wconf 88' lang='lat' dir='ltr'><strong>propter</strong></span> <span class='ocrx_word' id='word_1_116' title='bbox 745 985 948 1031; x_wconf 88' lang='lat' dir='ltr'><strong>veritatis</strong></span> <span class='ocrx_word' id='word_1_117' title='bbox 970 982 1424 1044; x_wconf 74' lang='lat' dir='ltr'><strong>repraesentationem</strong></span> <span class='ocrx_word' id='word_1_118' title='bbox 1441 1013 1455 1038; x_wconf 90' lang='lat'><strong>,</strong></span> <span class='ocrx_word' id='word_1_119' title='bbox 1491 993 1592 1026; x_wconf 89' lang='lat' dir='ltr'><strong>tum</strong></span> <span class='ocrx_word' id='word_1_120' title='bbox 1616 995 1726 1025; x_wconf 87' lang='lat' dir='ltr'><strong>vero</strong></span> <span class='ocrx_word' id='word_1_121' title='bbox 1747 979 1809 1023; x_wconf 86' lang='lat' dir='ltr'><strong>ob</strong></span> <span class='ocrx_word' id='word_1_122' title='bbox 1835 978 2017 1024; x_wconf 82' lang='lat' dir='ltr'><strong>fallendi</strong></span> <span class='ocrx_word' id='word_1_123' title='bbox 2040 980 2117 1040; x_wconf 91' lang='lat' dir='ltr'><strong>qui</strong></span> <span class='ocrx_word' id='word_1_124' title='bbox 2142 978 2224 1024; x_wconf 90' lang='lat' dir='ltr'><strong>hos</strong></span> <span class='ocrx_word' id='word_1_125' title='bbox 2245 983 2486 1030; x_wconf 59' lang='lat' dir='ltr'><strong>intuentur*</strong></span> 
     </span>
     <span class='ocr_line' id='line_1_15' title="bbox 370 1043 2493 1112; baseline -0.001 -17"><span class='ocrx_word' id='word_1_126' title='bbox 370 1049 809 1112; x_wconf 73' lang='lat' dir='ltr'><strong>aptitudinemzita</strong></span> <span class='ocrx_word' id='word_1_127' title='bbox 843 1049 891 1095; x_wconf 91' lang='lat' dir='ltr'><strong>in</strong></span> <span class='ocrx_word' id='word_1_128' title='bbox 927 1047 1142 1109; x_wconf 76' lang='lat' dir='ltr'><strong>poemate</strong></span> <span class='ocrx_word' id='word_1_129' title='bbox 1175 1045 1463 1101; x_wconf 82' lang='lat' dir='ltr'><strong>mendacium</strong></span> <span class='ocrx_word' id='word_1_130' title='bbox 1497 1043 1821 1108; x_wconf 76' lang='lat' dir='ltr'><strong>probabilitate</strong></span> <span class='ocrx_word' id='word_1_131' title='bbox 1853 1056 2162 1106; x_wconf 79' lang='lat' dir='ltr'><strong>temperatum</strong></span> <span class='ocrx_word' id='word_1_132' title='bbox 2187 1046 2330 1107; x_wconf 87' lang='lat' dir='ltr'><strong>magis</strong></span> <span class='ocrx_word' id='word_1_133' title='bbox 2352 1047 2493 1093; x_wconf 60' lang='lat' dir='ltr'><strong>com-&#39;z</strong></span> 
     </span>
     <span class='ocr_line' id='line_1_16' title="bbox 372 1103 2495 1178; baseline -0.002 -18"><span class='ocrx_word' id='word_1_134' title='bbox 372 1127 563 1174; x_wconf 82' lang='lat' dir='ltr'><strong>movet,</strong></span> <span class='ocrx_word' id='word_1_135' title='bbox 597 1113 870 1178; x_wconf 83' lang='lat' dir='ltr'><strong>gratiusque</strong></span> <span class='ocrx_word' id='word_1_136' title='bbox 886 1112 949 1159; x_wconf 90' lang='lat' dir='ltr'><strong>est</strong></span> <span class='ocrx_word' id='word_1_137' title='bbox 971 1124 1189 1173; x_wconf 80' lang='lat' dir='ltr'><strong>apparatu</strong></span> <span class='ocrx_word' id='word_1_138' title='bbox 1214 1110 1424 1167; x_wconf 76' lang='lat' dir='ltr'><strong>carminis</strong></span> <span class='ocrx_word' id='word_1_139' title='bbox 1446 1108 1596 1154; x_wconf 84' lang='lat' dir='ltr'><strong>fabula</strong></span> <span class='ocrx_word' id='word_1_140' title='bbox 1621 1109 1666 1154; x_wconf 70' lang='grc' dir='ltr'><strong>ὃς</strong></span> <span class='ocrx_word' id='word_1_141' title='bbox 1695 1107 1924 1170; x_wconf 84' lang='lat' dir='ltr'><strong>figmento</strong></span> <span class='ocrx_word' id='word_1_142' title='bbox 1951 1106 2173 1165; x_wconf 87' lang='lat' dir='ltr'><strong>destituti.</strong></span> <span class='ocrx_word' id='word_1_143' title='bbox 2233 1110 2369 1155; x_wconf 88' lang='lat' dir='ltr'><strong>Hanc</strong></span> <span class='ocrx_word' id='word_1_144' title='bbox 2392 1103 2495 1174; x_wconf 69' lang='lat' dir='ltr'><strong>igi-&#39;j‘</strong></span> 
     </span>
     <span class='ocr_line' id='line_1_17' title="bbox 373 1171 2487 1243; baseline -0.001 -19"><span class='ocrx_word' id='word_1_145' title='bbox 373 1190 454 1225; x_wconf 89' lang='lat' dir='ltr'><strong>tur</strong></span> <span class='ocrx_word' id='word_1_146' title='bbox 488 1193 540 1225; x_wconf 90' lang='lat' dir='ltr'><strong>ut</strong></span> <span class='ocrx_word' id='word_1_147' title='bbox 565 1182 758 1243; x_wconf 86' lang='lat' dir='ltr'><strong>primam</strong></span> <span class='ocrx_word' id='word_1_148' title='bbox 787 1177 1163 1224; x_wconf 85' lang='lat' dir='ltr'><strong>c0nfiderationis</strong></span> <span class='ocrx_word' id='word_1_149' title='bbox 1184 1173 1596 1236; x_wconf 84' lang='lat' dir='ltr'><strong>antiquiflimorum</strong></span> <span class='ocrx_word' id='word_1_150' title='bbox 1620 1171 2010 1237; x_wconf 82' lang='lat' dir='ltr'><strong>philosophorum</strong></span> <span class='ocrx_word' id='word_1_151' title='bbox 2035 1173 2258 1219; x_wconf 87' lang='lat' dir='ltr'><strong>rationem</strong></span> <span class='ocrx_word' id='word_1_152' title='bbox 2283 1175 2487 1222; x_wconf 66' lang='lat' dir='ltr'><strong>extitiss‘e&#39;</strong></span> 
     </span>
     <span class='ocr_line' id='line_1_18' title="bbox 372 1236 2538 1308; baseline -0.003 -18"><span class='ocrx_word' id='word_1_153' title='bbox 372 1244 536 1308; x_wconf 84' lang='lat' dir='ltr'><strong>aliquis</strong></span> <span class='ocrx_word' id='word_1_154' title='bbox 561 1261 656 1290; x_wconf 93' lang='lat' dir='ltr'><strong>non</strong></span> <span class='ocrx_word' id='word_1_155' title='bbox 682 1243 846 1290; x_wconf 84' lang='lat' dir='ltr'><strong>frustra</strong></span> <span class='ocrx_word' id='word_1_156' title='bbox 868 1242 1128 1305; x_wconf 73' lang='lat' dir='ltr'><strong>putaverit:</strong></span> <span class='ocrx_word' id='word_1_157' title='bbox 1167 1241 1228 1286; x_wconf 87' lang='lat' dir='ltr'><strong>ita</strong></span> <span class='ocrx_word' id='word_1_158' title='bbox 1250 1253 1428 1302; x_wconf 88' lang='lat' dir='ltr'><strong>praeter</strong></span> <span class='ocrx_word' id='word_1_159' title='bbox 1456 1239 1573 1285; x_wconf 79' lang='lat' dir='ltr'><strong>hanc</strong></span> <span class='ocrx_word' id='word_1_160' title='bbox 1596 1241 1618 1300; x_wconf 79' lang='lat' dir='ltr'>j</span> <span class='ocrx_word' id='word_1_161' title='bbox 1652 1236 1892 1284; x_wconf 77' lang='lat' dir='ltr'><strong>:unditatis</strong></span> <span class='ocrx_word' id='word_1_162' title='bbox 1917 1237 2330 1297; x_wconf 77' lang='lat' dir='ltr'><strong>commoditatem,</strong></span> <span class='ocrx_word' id='word_1_163' title='bbox 2346 1250 2489 1302; x_wconf 72' lang='lat' dir='ltr'><strong>quam·</strong></span> <span class='ocrx_word' id='word_1_164' title='bbox 2531 1253 2538 1290; x_wconf 73' lang='lat' dir='ltr'>J</span> 
     </span>
     <span class='ocr_line' id='line_1_19' title="bbox 370 1303 2497 1366; baseline -0.001 -12"><span class='ocrx_word' id='word_1_165' title='bbox 370 1307 453 1354; x_wconf 89' lang='lat' dir='ltr'><strong>sub</strong></span> <span class='ocrx_word' id='word_1_166' title='bbox 490 1308 744 1355; x_wconf 85' lang='lat' dir='ltr'><strong>fabularum</strong></span> <span class='ocrx_word' id='word_1_167' title='bbox 772 1307 1053 1363; x_wconf 85' lang='lat' dir='ltr'><strong>involucris,</strong></span> <span class='ocrx_word' id='word_1_168' title='bbox 1088 1318 1302 1366; x_wconf 79' lang='lat' dir='ltr'><strong>tanquam</strong></span> <span class='ocrx_word' id='word_1_169' title='bbox 1330 1303 1408 1350; x_wconf 83' lang='lat' dir='ltr'><strong>sub</strong></span> <span class='ocrx_word' id='word_1_170' title='bbox 1433 1305 1660 1366; x_wconf 73' lang='lat' dir='ltr'><strong>pampinis</strong></span> <span class='ocrx_word' id='word_1_171' title='bbox 1685 1319 1821 1360; x_wconf 83' lang='lat' dir='ltr'><strong>uvaS,</strong></span> <span class='ocrx_word' id='word_1_172' title='bbox 1855 1303 2142 1348; x_wconf 83' lang='lat' dir='ltr'><strong>reconditam</strong></span> <span class='ocrx_word' id='word_1_173' title='bbox 2166 1303 2250 1348; x_wconf 77' lang='lat' dir='ltr'><strong>esse</strong></span> <span class='ocrx_word' id='word_1_174' title='bbox 2273 1304 2497 1365; x_wconf 44' lang='lat' dir='ltr'><strong>constat,</strong></span> 
     </span>
     <span class='ocr_line' id='line_1_20' title="bbox 370 1367 2533 1431; baseline -0.001 -14"><span class='ocrx_word' id='word_1_175' title='bbox 370 1373 589 1419; x_wconf 86' lang='lat' dir='ltr'><strong>videntur</strong></span> <span class='ocrx_word' id='word_1_176' title='bbox 621 1373 734 1418; x_wconf 87' lang='lat' dir='ltr'><strong>mihi</strong></span> <span class='ocrx_word' id='word_1_177' title='bbox 768 1373 976 1418; x_wconf 83' lang='lat' dir='ltr'><strong>homines</strong></span> <span class='ocrx_word' id='word_1_178' title='bbox 998 1369 1301 1431; x_wconf 82' lang='lat' dir='ltr'><strong>sapientiffimi</strong></span> <span class='ocrx_word' id='word_1_179' title='bbox 1325 1371 1460 1414; x_wconf 87' lang='lat' dir='ltr'><strong>etiam</strong></span> <span class='ocrx_word' id='word_1_180' title='bbox 1488 1367 1751 1414; x_wconf 86' lang='lat' dir='ltr'><strong>nonnullam</strong></span> <span class='ocrx_word' id='word_1_181' title='bbox 1776 1367 2014 1413; x_wconf 83' lang='lat' dir='ltr'><strong>brevitatis</strong></span> <span class='ocrx_word' id='word_1_182' title='bbox 2038 1367 2083 1412; x_wconf 86' lang='lat' dir='ltr'><strong>in</strong></span> <span class='ocrx_word' id='word_1_183' title='bbox 2108 1383 2164 1413; x_wconf 88' lang='lat' dir='ltr'><strong>eo</strong></span> <span class='ocrx_word' id='word_1_184' title='bbox 2189 1367 2389 1414; x_wconf 82' lang='lat' dir='ltr'><strong>habuisie</strong></span> <span class='ocrx_word' id='word_1_185' title='bbox 2413 1385 2482 1415; x_wconf 88' lang='lat' dir='ltr'><strong>ra·</strong></span> <span class='ocrx_word' id='word_1_186' title='bbox 2532 1404 2533 1409; x_wconf 64' lang='lat'><strong>,</strong></span> 
     </span>
     <span class='ocr_line' id='line_1_21' title="bbox 370 1431 2539 1498; baseline -0.003 -15"><span class='ocrx_word' id='word_1_187' title='bbox 370 1438 579 1496; x_wconf 90' lang='lat' dir='ltr'><strong>tionem,</strong></span> <span class='ocrx_word' id='word_1_188' title='bbox 615 1451 668 1483; x_wconf 90' lang='lat' dir='ltr'><strong>ut</strong></span> <span class='ocrx_word' id='word_1_189' title='bbox 702 1448 813 1498; x_wconf 87' lang='lat' dir='ltr'><strong>puta</strong></span> <span class='ocrx_word' id='word_1_190' title='bbox 847 1438 975 1498; x_wconf 74' lang='lat' dir='ltr'><strong>ejus,</strong></span> <span class='ocrx_word' id='word_1_191' title='bbox 1004 1450 1139 1496; x_wconf 84' lang='lat' dir='ltr'><strong>quam</strong></span> <span class='ocrx_word' id='word_1_192' title='bbox 1172 1434 1226 1479; x_wconf 85' lang='lat' dir='ltr'><strong>ad</strong></span> <span class='ocrx_word' id='word_1_193' title='bbox 1262 1433 1522 1478; x_wconf 86' lang='lat' dir='ltr'><strong>docendum</strong></span> <span class='ocrx_word' id='word_1_194' title='bbox 1558 1434 1758 1479; x_wconf 79' lang='lat' dir='ltr'><strong>maxime</strong></span> <span class='ocrx_word' id='word_1_195' title='bbox 1777 1431 2039 1494; x_wconf 86' lang='lat' dir='ltr'><strong>judicarent</strong></span> <span class='ocrx_word' id='word_1_196' title='bbox 2065 1431 2351 1495; x_wconf 74' lang='lat' dir='ltr'><strong>appositam,</strong></span> <span class='ocrx_word' id='word_1_197' title='bbox 2385 1450 2495 1493; x_wconf 77' lang='lat' dir='ltr'><strong>non,</strong></span> <span class='ocrx_word' id='word_1_198' title='bbox 2538 1474 2539 1477; x_wconf 75' lang='grc'>,</span> 
     </span>
     <span class='ocr_line' id='line_1_22' title="bbox 369 1495 2547 1566; baseline -0.001 -19"><span class='ocrx_word' id='word_1_199' title='bbox 369 1502 516 1547; x_wconf 89' lang='lat' dir='ltr'><strong>modo</strong></span> <span class='ocrx_word' id='word_1_200' title='bbox 549 1503 737 1566; x_wconf 78' lang='lat' dir='ltr'><strong>angusta</strong></span> <span class='ocrx_word' id='word_1_201' title='bbox 760 1495 910 1547; x_wconf 86' lang='lat' dir='ltr'><strong>rerum</strong></span> <span class='ocrx_word' id='word_1_202' title='bbox 935 1499 1227 1563; x_wconf 77' lang='lat' dir='ltr'><strong>expositione</strong></span> <span class='ocrx_word' id='word_1_203' title='bbox 1250 1499 1413 1544; x_wconf 80' lang='lat' dir='ltr'><strong>multas</strong></span> <span class='ocrx_word' id='word_1_204' title='bbox 1438 1496 1678 1544; x_wconf 85' lang='lat' dir='ltr'><strong>sententias</strong></span> <span class='ocrx_word' id='word_1_205' title='bbox 1705 1495 2087 1559; x_wconf 70' lang='lat' dir='ltr'><strong>comple&amp;endo,</strong></span> <span class='ocrx_word' id='word_1_206' title='bbox 2122 1496 2194 1543; x_wconf 89' lang='lat' dir='ltr'><strong>sed</strong></span> <span class='ocrx_word' id='word_1_207' title='bbox 2223 1498 2359 1543; x_wconf 86' lang='lat' dir='ltr'><strong>etiam</strong></span> <span class='ocrx_word' id='word_1_208' title='bbox 2387 1498 2495 1544; x_wconf 46' lang='lat' dir='ltr'><strong>me?</strong></span> <span class='ocrx_word' id='word_1_209' title='bbox 2546 1540 2547 1543; x_wconf 71' lang='grc'>,</span> 
     </span>
     <span class='ocr_line' id='line_1_23' title="bbox 369 1560 2547 1630; baseline -0.001 -18"><span class='ocrx_word' id='word_1_210' title='bbox 369 1568 546 1613; x_wconf 75' lang='lat' dir='ltr'><strong>mor-iae</strong></span> <span class='ocrx_word' id='word_1_211' title='bbox 580 1567 972 1630; x_wconf 85' lang='lat' dir='ltr'><strong>quamplurimum</strong></span> <span class='ocrx_word' id='word_1_212' title='bbox 1006 1564 1321 1622; x_wconf 82' lang='lat' dir='ltr'><strong>inserviendo,</strong></span> <span class='ocrx_word' id='word_1_213' title='bbox 1358 1563 1432 1608; x_wconf 88' lang='lat' dir='ltr'><strong>cui</strong></span> <span class='ocrx_word' id='word_1_214' title='bbox 1468 1564 1673 1627; x_wconf 87' lang='lat' dir='ltr'><strong>inprimis</strong></span> <span class='ocrx_word' id='word_1_215' title='bbox 1708 1560 1953 1608; x_wconf 64' lang='lat' dir='ltr'><strong>amica&#39;est.</strong></span> <span class='ocrx_word' id='word_1_216' title='bbox 2020 1561 2166 1619; x_wconf 84' lang='lat' dir='ltr'><strong>Quod</strong></span> <span class='ocrx_word' id='word_1_217' title='bbox 2191 1578 2297 1608; x_wconf 90' lang='lat' dir='ltr'><strong>cum</strong></span> <span class='ocrx_word' id='word_1_218' title='bbox 2324 1561 2487 1610; x_wconf 75' lang='lat' dir='ltr'><strong>simili·r</strong></span> <span class='ocrx_word' id='word_1_219' title='bbox 2534 1581 2547 1618; x_wconf 55' lang='grc' dir='ltr'><strong>χ’</strong></span> 
     </span>
     <span class='ocr_line' id='line_1_24' title="bbox 371 1625 2547 1695; baseline -0 -19"><span class='ocrx_word' id='word_1_220' title='bbox 371 1642 443 1677; x_wconf 86' lang='lat' dir='ltr'><strong>ter</strong></span> <span class='ocrx_word' id='word_1_221' title='bbox 468 1630 549 1677; x_wconf 88' lang='lat' dir='ltr'><strong>fibi</strong></span> <span class='ocrx_word' id='word_1_222' title='bbox 576 1631 827 1695; x_wconf 79' lang='lat' dir='ltr'><strong>persuasum</strong></span> <span class='ocrx_word' id='word_1_223' title='bbox 855 1631 1040 1677; x_wconf 81' lang='lat' dir='ltr'><strong>haberet</strong></span> <span class='ocrx_word' id='word_1_224' title='bbox 1065 1631 1310 1694; x_wconf 75' lang='lat' dir='ltr'><strong>po‘e&#39;tarum</strong></span> <span class='ocrx_word' id='word_1_225' title='bbox 1333 1628 1673 1691; x_wconf 76' lang='lat' dir='ltr'><strong>sapientissimus</strong></span> <span class='ocrx_word' id='word_1_226' title='bbox 1688 1627 1939 1684; x_wconf 75' lang='lat' dir='ltr'><strong>HoratitiS,</strong></span> <span class='ocrx_word' id='word_1_227' title='bbox 1972 1625 2091 1672; x_wconf 87' lang='lat' dir='ltr'><strong>hanc</strong></span> <span class='ocrx_word' id='word_1_228' title='bbox 2116 1628 2172 1673; x_wconf 87' lang='lat' dir='ltr'><strong>de</strong></span> <span class='ocrx_word' id='word_1_229' title='bbox 2197 1630 2495 1691; x_wconf 81' lang='lat' dir='ltr'><strong>praeceptio-&#39;</strong></span> <span class='ocrx_word' id='word_1_230' title='bbox 2534 1639 2547 1683; x_wconf 58' lang='grc' dir='ltr'><strong>ἦ</strong></span> 
     </span>
     <span class='ocr_line' id='line_1_25' title="bbox 371 1692 2547 1759; baseline -0.003 -17"><span class='ocrx_word' id='word_1_231' title='bbox 371 1697 955 1759; x_wconf 73' lang='lat' dir='ltr'><strong>numconditionelegem</strong></span> <span class='ocrx_word' id='word_1_232' title='bbox 983 1696 1121 1742; x_wconf 88' lang='lat' dir='ltr'><strong>tulit:</strong></span> <span class='ocrx_word' id='word_1_233' title='bbox 2482 1692 2496 1716; x_wconf 80' lang='lat'><strong>,·</strong></span> <span class='ocrx_word' id='word_1_234' title='bbox 2545 1704 2547 1707; x_wconf 82' lang='lat'>·</span> 
     </span>
    </p>

    <p class='ocr_par' dir='ltr' id='par_1_8' title="bbox 499 1759 1609 1826">
     <span class='ocr_line' id='line_1_26' title="bbox 499 1759 1609 1826; baseline -0.004 -19"><span class='ocrx_word' id='word_1_235' title='bbox 499 1763 719 1826; x_wconf 74' lang='lat' dir='ltr'><strong>Qicquid</strong></span> <span class='ocrx_word' id='word_1_236' title='bbox 732 1764 982 1822; x_wconf 75' lang='lat' dir='ltr'><strong>praecipies,</strong></span> <span class='ocrx_word' id='word_1_237' title='bbox 1017 1760 1094 1819; x_wconf 88' lang='lat' dir='ltr'><strong>esto</strong></span> <span class='ocrx_word' id='word_1_238' title='bbox 1119 1760 1257 1805; x_wconf 82' lang='lat' dir='ltr'><strong>brevis</strong></span> <span class='ocrx_word' id='word_1_239' title='bbox 1272 1790 1289 1816; x_wconf 90' lang='lat'><strong>,</strong></span> <span class='ocrx_word' id='word_1_240' title='bbox 1321 1768 1368 1804; x_wconf 79' lang='lat' dir='ltr'><strong>ut</strong></span> <span class='ocrx_word' id='word_1_241' title='bbox 1396 1762 1473 1804; x_wconf 78' lang='lat' dir='ltr'><strong>cito</strong></span> <span class='ocrx_word' id='word_1_242' title='bbox 1496 1759 1609 1804; x_wconf 60' lang='lat' dir='ltr'><strong>dina</strong></span> 
     </span>
    </p>

    <p class='ocr_par' dir='ltr' id='par_1_9' title="bbox 496 1824 2514 1886">
     <span class='ocr_line' id='line_1_27' title="bbox 496 1824 2514 1886; baseline -0.004 -15"><span class='ocrx_word' id='word_1_243' title='bbox 496 1828 741 1886; x_wconf 59' lang='lat' dir='ltr'><strong>Percipient</strong></span> <span class='ocrx_word' id='word_1_244' title='bbox 761 1828 893 1873; x_wconf 73' lang='lat' dir='ltr'><strong>animi</strong></span> <span class='ocrx_word' id='word_1_245' title='bbox 912 1826 1079 1883; x_wconf 73' lang='lat' dir='ltr'><strong>dociles,</strong></span> <span class='ocrx_word' id='word_1_246' title='bbox 1114 1834 1355 1884; x_wconf 77' lang='lat' dir='ltr'><strong>teneantque</strong></span> <span class='ocrx_word' id='word_1_247' title='bbox 1363 1824 1522 1884; x_wconf 82' lang='lat' dir='ltr'><strong>fideles.</strong></span> <span class='ocrx_word' id='word_1_248' title='bbox 2511 1879 2514 1882; x_wconf 11' lang='grc' dir='ltr'><em>Α</em></span> 
     </span>
    </p>

    <p class='ocr_par' dir='ltr' id='par_1_10' title="bbox 365 1886 2543 2148">
     <span class='ocr_line' id='line_1_28' title="bbox 498 1886 2537 1953; baseline -0.002 -16"><span class='ocrx_word' id='word_1_249' title='bbox 498 1892 634 1938; x_wconf 67' lang='lat' dir='ltr'><strong>Omne</strong></span> <span class='ocrx_word' id='word_1_250' title='bbox 645 1890 952 1953; x_wconf 71' lang='lat' dir='ltr'><strong>fhpervacuztm</strong></span> <span class='ocrx_word' id='word_1_251' title='bbox 966 1893 1085 1950; x_wconf 82' lang='lat' dir='ltr'><strong>pleno</strong></span> <span class='ocrx_word' id='word_1_252' title='bbox 1105 1891 1154 1935; x_wconf 89' lang='lat' dir='ltr'><strong>de</strong></span> <span class='ocrx_word' id='word_1_253' title='bbox 1169 1887 1334 1949; x_wconf 54' lang='lat' dir='ltr'><strong>pestere</strong></span> <span class='ocrx_word' id='word_1_254' title='bbox 1354 1898 1515 1934; x_wconf 74' lang='lat' dir='ltr'><strong>manat.</strong></span> <span class='ocrx_word' id='word_1_255' title='bbox 2389 1893 2393 1897; x_wconf 85' lang='lat'>&#39;</span> <span class='ocrx_word' id='word_1_256' title='bbox 2479 1886 2488 1933; x_wconf 67' lang='grc' dir='ltr'>Τ</span> <span class='ocrx_word' id='word_1_257' title='bbox 2535 1895 2537 1897; x_wconf 67' lang='grc'><strong>“</strong></span> 
     </span>
     <span class='ocr_line' id='line_1_29' title="bbox 367 1948 2486 2019; baseline -0.001 -17"><span class='ocrx_word' id='word_1_258' title='bbox 367 1955 508 2003; x_wconf 87' lang='lat' dir='ltr'><strong>Nota</strong></span> <span class='ocrx_word' id='word_1_259' title='bbox 539 1955 603 2002; x_wconf 86' lang='lat' dir='ltr'><strong>est</strong></span> <span class='ocrx_word' id='word_1_260' title='bbox 636 1955 857 2019; x_wconf 86' lang='lat' dir='ltr'><strong>plerisque</strong></span> <span class='ocrx_word' id='word_1_261' title='bbox 886 1954 1100 2001; x_wconf 82' lang='lat' dir='ltr'><strong>omnibus</strong></span> <span class='ocrx_word' id='word_1_262' title='bbox 1135 1952 1280 1999; x_wconf 80' lang='lat' dir='ltr'><strong>Persei</strong></span> <span class='ocrx_word' id='word_1_263' title='bbox 1308 1953 1494 1998; x_wconf 87' lang='lat' dir='ltr'><strong>historia</strong></span> <span class='ocrx_word' id='word_1_264' title='bbox 1511 1986 1526 2011; x_wconf 89' lang='lat'><strong>,</strong></span> <span class='ocrx_word' id='word_1_265' title='bbox 1558 1967 1693 2012; x_wconf 86' lang='lat' dir='ltr'><strong>quem</strong></span> <span class='ocrx_word' id='word_1_266' title='bbox 1720 1948 1925 1998; x_wconf 82' lang='lat' dir='ltr'><strong>adversus</strong></span> <span class='ocrx_word' id='word_1_267' title='bbox 1948 1948 2235 2013; x_wconf 84' lang='lat' dir='ltr'><strong>Gorgonum</strong></span> <span class='ocrx_word' id='word_1_268' title='bbox 2259 1962 2449 2014; x_wconf 83' lang='lat' dir='ltr'><strong>gentem</strong></span> <span class='ocrx_word' id='word_1_269' title='bbox 2475 1951 2486 1961; x_wconf 58' lang='lat'>²</span> 
     </span>
     <span class='ocr_line' id='line_1_30' title="bbox 366 1985 2488 2084; baseline -0.002 -16"><span class='ocrx_word' id='word_1_270' title='bbox 366 2037 559 2083; x_wconf 87' lang='lat' dir='ltr'><strong>quarum</strong></span> <span class='ocrx_word' id='word_1_271' title='bbox 596 2022 753 2084; x_wconf 87' lang='lat' dir='ltr'><strong>regina</strong></span> <span class='ocrx_word' id='word_1_272' title='bbox 786 2020 874 2066; x_wconf 86' lang='lat' dir='ltr'><strong>fuit</strong></span> <span class='ocrx_word' id='word_1_273' title='bbox 900 2018 1120 2075; x_wconf 83' lang='lat' dir='ltr'><strong>Medusa,</strong></span> <span class='ocrx_word' id='word_1_274' title='bbox 1155 2017 1328 2064; x_wconf 88' lang='lat' dir='ltr'><strong>bellum</strong></span> <span class='ocrx_word' id='word_1_275' title='bbox 1355 2017 1555 2079; x_wconf 78' lang='lat' dir='ltr'><strong>geffiffe,</strong></span> <span class='ocrx_word' id='word_1_276' title='bbox 1591 2016 1760 2062; x_wconf 85' lang='lat' dir='ltr'><strong>Graeci</strong></span> <span class='ocrx_word' id='word_1_277' title='bbox 1782 2014 2025 2079; x_wconf 87' lang='lat' dir='ltr'><strong>scriptores</strong></span> <span class='ocrx_word' id='word_1_278' title='bbox 2049 2030 2321 2062; x_wconf 86' lang='lat' dir='ltr'><strong>memorant.</strong></span> <span class='ocrx_word' id='word_1_279' title='bbox 2392 1985 2488 2064; x_wconf 46' lang='lat' dir='ltr'><strong>Sed}</strong></span> 
     </span>
     <span class='ocr_line' id='line_1_31' title="bbox 365 2076 2543 2148; baseline -0.004 -18"><span class='ocrx_word' id='word_1_280' title='bbox 365 2085 504 2147; x_wconf 79' lang='lat' dir='ltr'><strong>hujus</strong></span> <span class='ocrx_word' id='word_1_281' title='bbox 539 2084 673 2131; x_wconf 84' lang='lat' dir='ltr'><strong>rebus</strong></span> <span class='ocrx_word' id='word_1_282' title='bbox 710 2084 846 2148; x_wconf 88' lang='lat' dir='ltr'><strong>gestis</strong></span> <span class='ocrx_word' id='word_1_283' title='bbox 875 2084 1055 2131; x_wconf 86' lang='lat' dir='ltr'><strong>fabulae</strong></span> <span class='ocrx_word' id='word_1_284' title='bbox 1079 2098 1185 2129; x_wconf 90' lang='lat' dir='ltr'><strong>cum</strong></span> <span class='ocrx_word' id='word_1_285' title='bbox 1210 2082 1293 2129; x_wconf 85' lang='lat' dir='ltr'><strong>alia</strong></span> <span class='ocrx_word' id='word_1_286' title='bbox 1312 2082 1650 2128; x_wconf 86' lang='lat' dir='ltr'><strong>admiscuerunt</strong></span> <span class='ocrx_word' id='word_1_287' title='bbox 1666 2115 1680 2140; x_wconf 87' lang='lat'><strong>,</strong></span> <span class='ocrx_word' id='word_1_288' title='bbox 1717 2092 1818 2125; x_wconf 91' lang='lat' dir='ltr'><strong>tum</strong></span> <span class='ocrx_word' id='word_1_289' title='bbox 1843 2081 2147 2126; x_wconf 85' lang='lat' dir='ltr'><strong>narrationem</strong></span> <span class='ocrx_word' id='word_1_290' title='bbox 2178 2080 2234 2123; x_wconf 91' lang='lat' dir='ltr'><strong>de</strong></span> <span class='ocrx_word' id='word_1_291' title='bbox 2259 2079 2491 2127; x_wconf 59' lang='lat' dir='ltr'><strong>Medusae*</strong></span> <span class='ocrx_word' id='word_1_292' title='bbox 2514 2076 2543 2123; x_wconf 79' lang='lat' dir='ltr'><strong>l</strong></span> 
     </span>
    </p>
   </div>
   <div class='ocr_carea' id='block_1_3' title="bbox 364 2127 2547 2354">
    <p class='ocr_par' dir='ltr' id='par_1_11' title="bbox 364 2127 2547 2354">
     <span class='ocr_line' id='line_1_32' title="bbox 364 2127 2545 2222; baseline 0.001 -30"><span class='ocrx_word' id='word_1_293' title='bbox 364 2150 518 2211; x_wconf 86' lang='lat' dir='ltr'><strong>capite</strong></span> <span class='ocrx_word' id='word_1_294' title='bbox 541 2148 760 2206; x_wconf 81' lang='lat' dir='ltr'><strong>saxifico,</strong></span> <span class='ocrx_word' id='word_1_295' title='bbox 797 2151 1008 2196; x_wconf 88' lang='lat' dir='ltr'><strong>Deorum</strong></span> <span class='ocrx_word' id='word_1_296' title='bbox 1043 2163 1132 2211; x_wconf 91' lang='lat' dir='ltr'><strong>ope</strong></span> <span class='ocrx_word' id='word_1_297' title='bbox 1164 2147 1219 2193; x_wconf 86' lang='lat' dir='ltr'><strong>ab</strong></span> <span class='ocrx_word' id='word_1_298' title='bbox 1253 2145 1350 2210; x_wconf 88' lang='lat' dir='ltr'><strong>ipso</strong></span> <span class='ocrx_word' id='word_1_299' title='bbox 1386 2159 1644 2220; x_wconf 82' lang='lat' dir='ltr'><strong>amputato.</strong></span> <span class='ocrx_word' id='word_1_300' title='bbox 1688 2146 1820 2192; x_wconf 87' lang='lat' dir='ltr'><strong>Haec</strong></span> <span class='ocrx_word' id='word_1_301' title='bbox 1847 2142 2049 2191; x_wconf 84' lang='lat' dir='ltr'><strong>fabulose</strong></span> <span class='ocrx_word' id='word_1_302' title='bbox 2069 2141 2241 2200; x_wconf 66' lang='lat' dir='ltr'><strong>affie&#39;ta,</strong></span> <span class='ocrx_word' id='word_1_303' title='bbox 2263 2142 2497 2206; x_wconf 53' lang='lat' dir='ltr'><strong>quantam*</strong></span> <span class='ocrx_word' id='word_1_304' title='bbox 2535 2127 2545 2222; x_wconf 49' lang='grc' dir='ltr'>ἐ</span> 
     </span>
     <span class='ocr_line' id='line_1_33' title="bbox 2541 2256 2544 2283; baseline 0 0"><span class='ocrx_word' id='word_1_305' title='bbox 2541 2256 2544 2283; x_wconf 70' lang='lat' dir='ltr'><strong>l</strong></span> 
     </span>
     <span class='ocr_line' id='line_1_34' title="bbox 2542 2325 2547 2354; baseline 0 0"><span class='ocrx_word' id='word_1_306' title='bbox 2542 2325 2547 2354; x_wconf 73' lang='lat' dir='ltr'><strong>l</strong></span> 
     </span>
    </p>
   </div>
   <div class='ocr_carea' id='block_1_4' title="bbox 2528 1397 2547 2009">
    <p class='ocr_par' dir='ltr' id='par_1_12' title="bbox 2528 1397 2547 2009">
     <span class='ocr_line' id='line_1_35' title="bbox 2528 1397 2547 2009; baseline 0 1699"><span class='ocrx_word' id='word_1_307' title='bbox 2528 1397 2547 2009; x_wconf 95' lang='lat' dir='ltr'><strong> </strong></span> 
     </span>
    </p>
   </div>
   <div class='ocr_carea' id='block_1_5' title="bbox 355 2207 2547 3180">
    <p class='ocr_par' dir='ltr' id='par_1_13' title="bbox 355 2207 2547 3180">
     <span class='ocr_line' id='line_1_36' title="bbox 365 2207 2547 2274; baseline -0.003 -15"><span class='ocrx_word' id='word_1_308' title='bbox 365 2213 415 2259; x_wconf 92' lang='lat' dir='ltr'><strong>in</strong></span> <span class='ocrx_word' id='word_1_309' title='bbox 438 2212 610 2259; x_wconf 83' lang='lat' dir='ltr'><strong>summa</strong></span> <span class='ocrx_word' id='word_1_310' title='bbox 633 2212 860 2259; x_wconf 87' lang='lat' dir='ltr'><strong>brevitate</strong></span> <span class='ocrx_word' id='word_1_311' title='bbox 883 2215 1124 2259; x_wconf 84' lang='lat' dir='ltr'><strong>continent</strong></span> <span class='ocrx_word' id='word_1_312' title='bbox 1148 2211 1384 2259; x_wconf 67' lang='lat' dir='ltr'><strong>do&amp;rinae</strong></span> <span class='ocrx_word' id='word_1_313' title='bbox 1408 2227 1590 2272; x_wconf 79' lang='lat' dir='ltr'><strong>copiam</strong></span> <span class='ocrx_word' id='word_1_314' title='bbox 1606 2215 1634 2268; x_wconf 80' lang='lat'><strong>,‘</strong></span> <span class='ocrx_word' id='word_1_315' title='bbox 1655 2209 1710 2255; x_wconf 90' lang='lat' dir='ltr'><strong>ad</strong></span> <span class='ocrx_word' id='word_1_316' title='bbox 1736 2211 1876 2255; x_wconf 86' lang='lat' dir='ltr'><strong>vitam</strong></span> <span class='ocrx_word' id='word_1_317' title='bbox 1897 2222 2034 2271; x_wconf 88' lang='lat' dir='ltr'><strong>atque</strong></span> <span class='ocrx_word' id='word_1_318' title='bbox 2059 2222 2205 2253; x_wconf 89' lang='lat' dir='ltr'><strong>mores</strong></span> <span class='ocrx_word' id='word_1_319' title='bbox 2236 2207 2484 2257; x_wconf 77' lang='lat' dir='ltr'><strong>conferen·</strong></span> <span class='ocrx_word' id='word_1_320' title='bbox 2536 2223 2547 2274; x_wconf 68' lang='lat' dir='ltr'><strong>l</strong></span> 
     </span>
     <span class='ocr_line' id='line_1_37' title="bbox 365 2271 2544 2338; baseline -0.002 -14"><span class='ocrx_word' id='word_1_321' title='bbox 365 2276 457 2324; x_wconf 87' lang='lat' dir='ltr'><strong>tis?</strong></span> <span class='ocrx_word' id='word_1_322' title='bbox 493 2278 525 2325; x_wconf 86' lang='lat' dir='ltr'>fi</span> <span class='ocrx_word' id='word_1_323' title='bbox 551 2275 760 2324; x_wconf 84' lang='lat' dir='ltr'><strong>Perseum</strong></span> <span class='ocrx_word' id='word_1_324' title='bbox 788 2275 960 2324; x_wconf 86' lang='lat' dir='ltr'><strong>scilicet</strong></span> <span class='ocrx_word' id='word_1_325' title='bbox 983 2277 1208 2324; x_wconf 80' lang='lat' dir='ltr'><strong>rationem</strong></span> <span class='ocrx_word' id='word_1_326' title='bbox 1239 2277 1497 2338; x_wconf 79' lang='lat' dir='ltr'><strong>intelligas,</strong></span> <span class='ocrx_word' id='word_1_327' title='bbox 1533 2273 1773 2320; x_wconf 84' lang='lat' dir='ltr'><strong>Medusam</strong></span> <span class='ocrx_word' id='word_1_328' title='bbox 1800 2288 1941 2330; x_wconf 92' lang='lat' dir='ltr'><strong>vero,</strong></span> <span class='ocrx_word' id='word_1_329' title='bbox 1977 2288 2067 2317; x_wconf 89' lang='lat' dir='ltr'><strong>una</strong></span> <span class='ocrx_word' id='word_1_330' title='bbox 2090 2288 2198 2317; x_wconf 91' lang='lat' dir='ltr'><strong>cum</strong></span> <span class='ocrx_word' id='word_1_331' title='bbox 2223 2271 2490 2335; x_wconf 58' lang='lat' dir='ltr'><strong>sororibus,</strong></span> <span class='ocrx_word' id='word_1_332' title='bbox 2536 2279 2544 2329; x_wconf 67' lang='lat' dir='ltr'><strong>jl</strong></span> 
     </span>
     <span class='ocr_line' id='line_1_38' title="bbox 367 2336 2544 2404; baseline -0.001 -15"><span class='ocrx_word' id='word_1_333' title='bbox 367 2342 663 2403; x_wconf 79' lang='lat' dir='ltr'><strong>voluptatum</strong></span> <span class='ocrx_word' id='word_1_334' title='bbox 698 2341 933 2388; x_wconf 87' lang='lat' dir='ltr'><strong>illecebras</strong></span> <span class='ocrx_word' id='word_1_335' title='bbox 956 2375 972 2401; x_wconf 90' lang='lat'><strong>,</strong></span> <span class='ocrx_word' id='word_1_336' title='bbox 1019 2357 1134 2404; x_wconf 85' lang='lat' dir='ltr'><strong>quae</strong></span> <span class='ocrx_word' id='word_1_337' title='bbox 1168 2342 1345 2387; x_wconf 89' lang='lat' dir='ltr'><strong>ratione</strong></span> <span class='ocrx_word' id='word_1_338' title='bbox 1379 2340 1573 2401; x_wconf 69' lang='lat' dir='ltr'><strong>superari</strong></span> <span class='ocrx_word' id='word_1_339' title='bbox 1613 2336 1758 2384; x_wconf 89' lang='lat' dir='ltr'><strong>solent</strong></span> <span class='ocrx_word' id='word_1_340' title='bbox 1789 2336 1951 2383; x_wconf 89' lang='lat' dir='ltr'><strong>divino</strong></span> <span class='ocrx_word' id='word_1_341' title='bbox 1973 2336 2145 2399; x_wconf 71' lang='lat' dir='ltr'><strong>‘adjuta</strong></span> <span class='ocrx_word' id='word_1_342' title='bbox 2182 2338 2386 2386; x_wconf 83' lang='lat' dir='ltr'><strong>auxilio:</strong></span> <span class='ocrx_word' id='word_1_343' title='bbox 2431 2339 2486 2387; x_wconf 56' lang='lat' dir='ltr'><strong>id*</strong></span> <span class='ocrx_word' id='word_1_344' title='bbox 2536 2351 2544 2390; x_wconf 62' lang='lat' dir='ltr'><strong>J«</strong></span> 
     </span>
     <span class='ocr_line' id='line_1_39' title="bbox 366 2400 2543 2471; baseline -0.003 -14"><span class='ocrx_word' id='word_1_345' title='bbox 366 2407 638 2471; x_wconf 83' lang='lat' dir='ltr'><strong>quodaegis</strong></span> <span class='ocrx_word' id='word_1_346' title='bbox 663 2407 903 2453; x_wconf 85' lang='lat' dir='ltr'><strong>Minervae</strong></span> <span class='ocrx_word' id='word_1_347' title='bbox 928 2407 1079 2452; x_wconf 88' lang='lat' dir='ltr'><strong>innuit</strong></span> <span class='ocrx_word' id='word_1_348' title='bbox 1101 2410 1208 2451; x_wconf 82' lang='lat' dir='ltr'><strong>curn</strong></span> <span class='ocrx_word' id='word_1_349' title='bbox 1238 2404 1467 2452; x_wconf 86' lang='lat' dir='ltr'><strong>Mercurii</strong></span> <span class='ocrx_word' id='word_1_350' title='bbox 1493 2402 1675 2467; x_wconf 67' lang='lat' dir='ltr'><strong>gladio,</strong></span> <span class='ocrx_word' id='word_1_351' title='bbox 1712 2401 1760 2447; x_wconf 85' lang='lat'>&amp;</span> <span class='ocrx_word' id='word_1_352' title='bbox 1783 2401 1902 2448; x_wconf 88' lang='lat' dir='ltr'><strong>Orci</strong></span> <span class='ocrx_word' id='word_1_353' title='bbox 1931 2400 2088 2465; x_wconf 82' lang='lat' dir='ltr'><strong>galea,</strong></span> <span class='ocrx_word' id='word_1_354' title='bbox 2123 2401 2287 2464; x_wconf 90' lang='lat' dir='ltr'><strong>quibus</strong></span> <span class='ocrx_word' id='word_1_355' title='bbox 2311 2405 2480 2466; x_wconf 73' lang='lat' dir='ltr'><strong>poetae</strong></span> <span class='ocrx_word' id='word_1_356' title='bbox 2542 2407 2543 2431; x_wconf 70' lang='lat'>³</span> 
     </span>
     <span class='ocr_line' id='line_1_40' title="bbox 362 2465 2545 2533; baseline -0.001 -15"><span class='ocrx_word' id='word_1_357' title='bbox 362 2472 495 2518; x_wconf 86' lang='lat' dir='ltr'><strong>illum</strong></span> <span class='ocrx_word' id='word_1_358' title='bbox 532 2487 775 2519; x_wconf 90' lang='lat' dir='ltr'><strong>armavere.</strong></span> <span class='ocrx_word' id='word_1_359' title='bbox 845 2471 993 2530; x_wconf 75' lang='lat' dir='ltr'><strong>Quod</strong></span> <span class='ocrx_word' id='word_1_360' title='bbox 1025 2470 1058 2517; x_wconf 87' lang='lat' dir='ltr'><strong>s1</strong></span> <span class='ocrx_word' id='word_1_361' title='bbox 1085 2470 1367 2533; x_wconf 81' lang='lat' dir='ltr'><strong>Gorgones,</strong></span> <span class='ocrx_word' id='word_1_362' title='bbox 1403 2484 1517 2531; x_wconf 86' lang='lat' dir='ltr'><strong>quae</strong></span> <span class='ocrx_word' id='word_1_363' title='bbox 1543 2465 1778 2514; x_wconf 89' lang='lat' dir='ltr'><strong>Dorcadas</strong></span> <span class='ocrx_word' id='word_1_364' title='bbox 1801 2466 1983 2512; x_wconf 88' lang='lat' dir='ltr'><strong>Oceani</strong></span> <span class='ocrx_word' id='word_1_365' title='bbox 2011 2465 2285 2529; x_wconf 88' lang='lat' dir='ltr'><strong>Aethiopici</strong></span> <span class='ocrx_word' id='word_1_366' title='bbox 2317 2468 2481 2516; x_wconf 77' lang='lat' dir='ltr'><strong>insulas</strong></span> <span class='ocrx_word' id='word_1_367' title='bbox 2537 2472 2545 2531; x_wconf 30' lang='lat'><strong>3?</strong></span> 
     </span>
     <span class='ocr_line' id='line_1_41' title="bbox 362 2529 2500 2600; baseline -0.003 -18"><span class='ocrx_word' id='word_1_368' title='bbox 362 2536 582 2584; x_wconf 85' lang='lat' dir='ltr'><strong>habitasse</strong></span> <span class='ocrx_word' id='word_1_369' title='bbox 617 2536 950 2600; x_wconf 77' lang='lat' dir='ltr'><strong>perhibentur,</strong></span> <span class='ocrx_word' id='word_1_370' title='bbox 983 2551 1117 2595; x_wconf 83' lang='lat' dir='ltr'><strong>aquas</strong></span> <span class='ocrx_word' id='word_1_371' title='bbox 1151 2533 1261 2596; x_wconf 88' lang='lat' dir='ltr'><strong>ipsas</strong></span> <span class='ocrx_word' id='word_1_372' title='bbox 1298 2533 1612 2595; x_wconf 86' lang='lat' dir='ltr'><strong>interpreteris</strong></span> <span class='ocrx_word' id='word_1_373' title='bbox 1639 2534 1772 2577; x_wconf 80' lang='lat' dir='ltr'><strong>maris</strong></span> <span class='ocrx_word' id='word_1_374' title='bbox 1793 2530 1935 2590; x_wconf 86' lang='lat' dir='ltr'><strong>filias,</strong></span> <span class='ocrx_word' id='word_1_375' title='bbox 1973 2529 2215 2577; x_wconf 90' lang='lat' dir='ltr'><strong>Medusam</strong></span> <span class='ocrx_word' id='word_1_376' title='bbox 2242 2547 2352 2579; x_wconf 89' lang='lat' dir='ltr'><strong>vero</strong></span> <span class='ocrx_word' id='word_1_377' title='bbox 2374 2533 2500 2595; x_wconf 53' lang='lat' dir='ltr'><strong>par-2</strong></span> 
     </span>
     <span class='ocr_line' id='line_1_42' title="bbox 362 2593 2545 2659; baseline -0.001 -11"><span class='ocrx_word' id='word_1_378' title='bbox 362 2612 459 2648; x_wconf 88' lang='lat' dir='ltr'><strong>tem</strong></span> <span class='ocrx_word' id='word_1_379' title='bbox 495 2616 649 2648; x_wconf 87' lang='lat' dir='ltr'><strong>earum</strong></span> <span class='ocrx_word' id='word_1_380' title='bbox 683 2601 970 2658; x_wconf 84' lang='lat' dir='ltr'><strong>tenuiorem,</strong></span> <span class='ocrx_word' id='word_1_381' title='bbox 1005 2615 1057 2645; x_wconf 93' lang='lat' dir='ltr'><strong>ac</strong></span> <span class='ocrx_word' id='word_1_382' title='bbox 1079 2597 1472 2659; x_wconf 68' lang='lat' dir='ltr'><strong>super-natantem,</strong></span> <span class='ocrx_word' id='word_1_383' title='bbox 1507 2597 1719 2643; x_wconf 83' lang='lat' dir='ltr'><strong>Perseum</strong></span> <span class='ocrx_word' id='word_1_384' title='bbox 1741 2595 1938 2659; x_wconf 87' lang='lat' dir='ltr'><strong>denique</strong></span> <span class='ocrx_word' id='word_1_385' title='bbox 1962 2593 2133 2642; x_wconf 88' lang='lat' dir='ltr'><strong>solem:</strong></span> <span class='ocrx_word' id='word_1_386' title='bbox 2171 2595 2505 2658; x_wconf 24' lang='lat' dir='ltr'><strong>non·defutu-,</strong></span> <span class='ocrx_word' id='word_1_387' title='bbox 2538 2598 2545 2659; x_wconf 63' lang='lat' dir='ltr'><strong>{J</strong></span> 
     </span>
     <span class='ocr_line' id='line_1_43' title="bbox 358 2659 2501 2727; baseline -0.001 -15"><span class='ocrx_word' id='word_1_388' title='bbox 358 2681 436 2713; x_wconf 86' lang='lat' dir='ltr'><strong>rae</strong></span> <span class='ocrx_word' id='word_1_389' title='bbox 464 2665 566 2711; x_wconf 91' lang='lat' dir='ltr'><strong>sunt</strong></span> <span class='ocrx_word' id='word_1_390' title='bbox 603 2666 652 2712; x_wconf 90' lang='lat' dir='ltr'><strong>in</strong></span> <span class='ocrx_word' id='word_1_391' title='bbox 686 2665 772 2711; x_wconf 86' lang='lat' dir='ltr'><strong>hac</strong></span> <span class='ocrx_word' id='word_1_392' title='bbox 797 2663 889 2727; x_wconf 90' lang='lat' dir='ltr'><strong>ipsa</strong></span> <span class='ocrx_word' id='word_1_393' title='bbox 912 2663 1060 2710; x_wconf 86' lang='lat' dir='ltr'><strong>fabula</strong></span> <span class='ocrx_word' id='word_1_394' title='bbox 1083 2662 1384 2724; x_wconf 64' lang='lat' dir='ltr'><strong>subjeetiones</strong></span> <span class='ocrx_word' id='word_1_395' title='bbox 1407 2660 1695 2725; x_wconf 88' lang='lat' dir='ltr'><strong>ingeniosae,</strong></span> <span class='ocrx_word' id='word_1_396' title='bbox 1730 2659 1786 2707; x_wconf 92' lang='lat' dir='ltr'><strong>de</strong></span> <span class='ocrx_word' id='word_1_397' title='bbox 1808 2674 1992 2706; x_wconf 89' lang='lat' dir='ltr'><strong>naturae</strong></span> <span class='ocrx_word' id='word_1_398' title='bbox 2014 2661 2196 2723; x_wconf 89' lang='lat' dir='ltr'><strong>Deique</strong></span> <span class='ocrx_word' id='word_1_399' title='bbox 2220 2660 2406 2724; x_wconf 86' lang='lat' dir='ltr'><strong>opificis</strong></span> <span class='ocrx_word' id='word_1_400' title='bbox 2429 2680 2475 2710; x_wconf 90' lang='lat' dir='ltr'><strong>a·</strong></span> <span class='ocrx_word' id='word_1_401' title='bbox 2500 2707 2501 2710; x_wconf 75' lang='grc'>,</span> 
     </span>
     <span class='ocr_line' id='line_1_44' title="bbox 357 2724 2492 2790; baseline -0.002 -13"><span class='ocrx_word' id='word_1_402' title='bbox 357 2729 593 2777; x_wconf 67' lang='lat' dir='ltr'><strong>&amp;ionibus</strong></span> <span class='ocrx_word' id='word_1_403' title='bbox 623 2729 933 2786; x_wconf 89' lang='lat' dir='ltr'><strong>mirabilibus,</strong></span> <span class='ocrx_word' id='word_1_404' title='bbox 963 2729 1085 2775; x_wconf 87' lang='lat' dir='ltr'><strong>vires</strong></span> <span class='ocrx_word' id='word_1_405' title='bbox 1115 2725 1210 2774; x_wconf 89' lang='lat' dir='ltr'><strong>suas</strong></span> <span class='ocrx_word' id='word_1_406' title='bbox 1249 2741 1436 2774; x_wconf 89' lang='lat' dir='ltr'><strong>naturae</strong></span> <span class='ocrx_word' id='word_1_407' title='bbox 1475 2726 1793 2790; x_wconf 86' lang='lat' dir='ltr'><strong>impertientis.</strong></span> <span class='ocrx_word' id='word_1_408' title='bbox 1863 2725 1952 2772; x_wconf 91' lang='lat' dir='ltr'><strong>Sed</strong></span> <span class='ocrx_word' id='word_1_409' title='bbox 1985 2725 2066 2772; x_wconf 88' lang='lat' dir='ltr'><strong>ista</strong></span> <span class='ocrx_word' id='word_1_410' title='bbox 2100 2724 2328 2789; x_wconf 82' lang='lat' dir='ltr'><strong>prolixius</strong></span> <span class='ocrx_word' id='word_1_411' title='bbox 2353 2742 2492 2777; x_wconf 76' lang='lat' dir='ltr'><strong>nunc‘</strong></span> 
     </span>
     <span class='ocr_line' id='line_1_45' title="bbox 358 2789 2539 2858; baseline -0.003 -18"><span class='ocrx_word' id='word_1_412' title='bbox 358 2794 593 2858; x_wconf 74' lang='lat' dir='ltr'><strong>persequi,</strong></span> <span class='ocrx_word' id='word_1_413' title='bbox 626 2793 972 2856; x_wconf 78' lang='lat' dir='ltr'><strong>fabularumque</strong></span> <span class='ocrx_word' id='word_1_414' title='bbox 1007 2791 1227 2838; x_wconf 85' lang='lat' dir='ltr'><strong>utilitates</strong></span> <span class='ocrx_word' id='word_1_415' title='bbox 1261 2791 1509 2838; x_wconf 82' lang='lat' dir='ltr'><strong>uberrimas</strong></span> <span class='ocrx_word' id='word_1_416' title='bbox 1542 2804 1763 2837; x_wconf 84' lang='lat' dir='ltr'><strong>excutere</strong></span> <span class='ocrx_word' id='word_1_417' title='bbox 1799 2795 2008 2853; x_wconf 81' lang='lat' dir='ltr'><strong>(quarum</strong></span> <span class='ocrx_word' id='word_1_418' title='bbox 2033 2791 2170 2848; x_wconf 88' lang='lat' dir='ltr'><strong>aliae,</strong></span> <span class='ocrx_word' id='word_1_419' title='bbox 2205 2789 2318 2836; x_wconf 88' lang='lat' dir='ltr'><strong>teste</strong></span> <span class='ocrx_word' id='word_1_420' title='bbox 2343 2791 2475 2839; x_wconf 88' lang='lat' dir='ltr'><strong>Hali-</strong></span> <span class='ocrx_word' id='word_1_421' title='bbox 2538 2830 2539 2834; x_wconf 74' lang='grc'>,</span> 
     </span>
     <span class='ocr_line' id='line_1_46' title="bbox 358 2850 2545 2920; baseline -0 -15"><span class='ocrx_word' id='word_1_422' title='bbox 358 2858 584 2905; x_wconf 83' lang='lat' dir='ltr'><strong>carnaffeo</strong></span> <span class='ocrx_word' id='word_1_423' title='bbox 600 2893 616 2917; x_wconf 89' lang='lat'><strong>,</strong></span> <span class='ocrx_word' id='word_1_424' title='bbox 650 2870 835 2913; x_wconf 83' lang='lat' dir='ltr'><strong>naturae</strong></span> <span class='ocrx_word' id='word_1_425' title='bbox 855 2873 993 2920; x_wconf 85' lang='lat' dir='ltr'><strong>opera</strong></span> <span class='ocrx_word' id='word_1_426' title='bbox 1017 2855 1287 2917; x_wconf 56' lang='lat' dir='ltr'><strong>dmnyogjox</strong></span> <span class='ocrx_word' id='word_1_427' title='bbox 1307 2850 1577 2903; x_wconf 77' lang='lat' dir='ltr'><strong>abumbrata</strong></span> <span class='ocrx_word' id='word_1_428' title='bbox 1595 2856 1839 2902; x_wconf 88' lang='lat' dir='ltr'><strong>continent</strong></span> <span class='ocrx_word' id='word_1_429' title='bbox 1856 2877 1871 2912; x_wconf 88' lang='lat'>;</span> <span class='ocrx_word' id='word_1_430' title='bbox 1888 2856 1998 2902; x_wconf 87' lang='lat' dir='ltr'><strong>aliae</strong></span> <span class='ocrx_word' id='word_1_431' title='bbox 2026 2854 2333 2902; x_wconf 77' lang='lat' dir='ltr'><strong>humanarum</strong></span> <span class='ocrx_word' id='word_1_432' title='bbox 2357 2856 2477 2904; x_wconf 85' lang='lat' dir='ltr'><strong>cala·</strong></span> <span class='ocrx_word' id='word_1_433' title='bbox 2538 2855 2545 2897; x_wconf 50' lang='lat' dir='ltr'><strong>s&#39;</strong></span> 
     </span>
     <span class='ocr_line' id='line_1_47' title="bbox 356 2919 2540 2984; baseline 0 -15"><span class='ocrx_word' id='word_1_434' title='bbox 356 2923 575 2970; x_wconf 88' lang='lat' dir='ltr'><strong>mitatum</strong></span> <span class='ocrx_word' id='word_1_435' title='bbox 607 2920 969 2969; x_wconf 84' lang='lat' dir='ltr'><strong>consolationem</strong></span> <span class='ocrx_word' id='word_1_436' title='bbox 1009 2921 1176 2968; x_wconf 87' lang='lat' dir='ltr'><strong>habent</strong></span> <span class='ocrx_word' id='word_1_437' title='bbox 1188 2942 1205 2977; x_wconf 77' lang='lat'>3</span> <span class='ocrx_word' id='word_1_438' title='bbox 1250 2923 1362 2968; x_wconf 87' lang='lat' dir='ltr'><strong>aliae</strong></span> <span class='ocrx_word' id='word_1_439' title='bbox 1396 2934 1616 2979; x_wconf 88' lang='lat' dir='ltr'><strong>terrores,</strong></span> <span class='ocrx_word' id='word_1_440' title='bbox 1651 2922 2006 2983; x_wconf 87' lang='lat' dir='ltr'><strong>animorumque</strong></span> <span class='ocrx_word' id='word_1_441' title='bbox 2039 2919 2411 2984; x_wconf 87' lang='lat' dir='ltr'><strong>perturbationes</strong></span> <span class='ocrx_word' id='word_1_442' title='bbox 2445 2919 2471 2968; x_wconf 73' lang='lat' dir='ltr'><strong>a</strong></span> <span class='ocrx_word' id='word_1_443' title='bbox 2538 2929 2540 2976; x_wconf 64' lang='grc' dir='ltr'><strong><em>ἐ</em></strong></span> 
     </span>
     <span class='ocr_line' id='line_1_48' title="bbox 355 2981 2469 3050; baseline -0 -17"><span class='ocrx_word' id='word_1_444' title='bbox 355 2987 490 3034; x_wconf 88' lang='lat' dir='ltr'><strong>nobis</strong></span> <span class='ocrx_word' id='word_1_445' title='bbox 526 2986 791 3050; x_wconf 88' lang='lat' dir='ltr'><strong>depellunt,</strong></span> <span class='ocrx_word' id='word_1_446' title='bbox 838 2983 1167 3048; x_wconf 88' lang='lat' dir='ltr'><strong>opinionesque</strong></span> <span class='ocrx_word' id='word_1_447' title='bbox 1199 2986 1404 3032; x_wconf 87' lang='lat' dir='ltr'><strong>evellunt</strong></span> <span class='ocrx_word' id='word_1_448' title='bbox 1443 3001 1606 3048; x_wconf 89' lang='lat' dir='ltr'><strong>parum</strong></span> <span class='ocrx_word' id='word_1_449' title='bbox 1629 2981 1791 3042; x_wconf 62' lang='lat' dir='ltr'><strong>&#39;sanas3</strong></span> <span class='ocrx_word' id='word_1_450' title='bbox 1837 2985 1947 3032; x_wconf 87' lang='lat' dir='ltr'><strong>aliae</strong></span> <span class='ocrx_word' id='word_1_451' title='bbox 1990 2985 2177 3031; x_wconf 87' lang='lat' dir='ltr'><strong>aliarum</strong></span> <span class='ocrx_word' id='word_1_452' title='bbox 2212 2984 2469 3032; x_wconf 87' lang='lat' dir='ltr'><strong>utilitatum</strong></span> 
     </span>
     <span class='ocr_line' id='line_1_49' title="bbox 356 3047 2471 3115; baseline -0 -18"><span class='ocrx_word' id='word_1_453' title='bbox 356 3049 486 3098; x_wconf 89' lang='lat' dir='ltr'><strong>causa</strong></span> <span class='ocrx_word' id='word_1_454' title='bbox 507 3052 806 3114; x_wconf 79' lang='lat' dir='ltr'><strong>&#39;excogitatae</strong></span> <span class='ocrx_word' id='word_1_455' title='bbox 839 3049 971 3106; x_wconf 90' lang='lat' dir='ltr'><strong>sunt)</strong></span> <span class='ocrx_word' id='word_1_456' title='bbox 1007 3049 1146 3107; x_wconf 89' lang='lat' dir='ltr'><strong>haec,</strong></span> <span class='ocrx_word' id='word_1_457' title='bbox 1180 3051 1368 3114; x_wconf 85' lang='lat' dir='ltr'><strong>inquam</strong></span> <span class='ocrx_word' id='word_1_458' title='bbox 1405 3049 1611 3115; x_wconf 89' lang='lat' dir='ltr'><strong>persequi</strong></span> <span class='ocrx_word' id='word_1_459' title='bbox 1643 3062 1783 3114; x_wconf 89' lang='lat' dir='ltr'><strong>atque</strong></span> <span class='ocrx_word' id='word_1_460' title='bbox 1815 3065 2052 3114; x_wconf 87' lang='lat' dir='ltr'><strong>exponere</strong></span> <span class='ocrx_word' id='word_1_461' title='bbox 2074 3048 2213 3095; x_wconf 90' lang='lat' dir='ltr'><strong>nimis</strong></span> <span class='ocrx_word' id='word_1_462' title='bbox 2235 3047 2348 3096; x_wconf 58' lang='lat' dir='ltr'><strong>effet*</strong></span> <span class='ocrx_word' id='word_1_463' title='bbox 2372 3050 2471 3096; x_wconf 91' lang='lat' dir='ltr'><strong>lon-</strong></span> 
     </span>
     <span class='ocr_line' id='line_1_50' title="bbox 356 3113 2472 3180; baseline -0.001 -17"><span class='ocrx_word' id='word_1_464' title='bbox 356 3131 489 3180; x_wconf 89' lang='lat' dir='ltr'><strong>gum.</strong></span> <span class='ocrx_word' id='word_1_465' title='bbox 559 3115 731 3180; x_wconf 42' lang='lat' dir='ltr'><strong>ltaque·</strong></span> <span class='ocrx_word' id='word_1_466' title='bbox 755 3115 923 3161; x_wconf 87' lang='lat' dir='ltr'><strong>horum</strong></span> <span class='ocrx_word' id='word_1_467' title='bbox 944 3114 1230 3161; x_wconf 88' lang='lat' dir='ltr'><strong>enarratione</strong></span> <span class='ocrx_word' id='word_1_468' title='bbox 1253 3116 1301 3162; x_wconf 87' lang='lat' dir='ltr'><strong>in</strong></span> <span class='ocrx_word' id='word_1_469' title='bbox 1327 3115 1450 3163; x_wconf 88' lang='lat' dir='ltr'><strong>aliud</strong></span> <span class='ocrx_word' id='word_1_470' title='bbox 1476 3128 1657 3178; x_wconf 89' lang='lat' dir='ltr'><strong>tempus</strong></span> <span class='ocrx_word' id='word_1_471' title='bbox 1680 3114 1874 3177; x_wconf 59' lang='lat' dir='ltr'><strong>reicita,</strong></span> <span class='ocrx_word' id='word_1_472' title='bbox 1908 3115 2049 3161; x_wconf 91' lang='lat' dir='ltr'><strong>venio</strong></span> <span class='ocrx_word' id='word_1_473' title='bbox 2074 3129 2198 3160; x_wconf 90' lang='lat' dir='ltr'><strong>nunc</strong></span> <span class='ocrx_word' id='word_1_474' title='bbox 2222 3113 2276 3159; x_wconf 89' lang='lat' dir='ltr'><strong>ad</strong></span> <span class='ocrx_word' id='word_1_475' title='bbox 2301 3125 2472 3161; x_wconf 87' lang='lat' dir='ltr'><strong>ceteras</strong></span> 
     </span>
    </p>
   </div>
   <div class='ocr_carea' id='block_1_6' title="bbox 356 3177 2496 3290">
    <p class='ocr_par' dir='ltr' id='par_1_14' title="bbox 356 3177 2496 3290">
     <span class='ocr_line' id='line_1_51' title="bbox 356 3177 2496 3252; baseline -0.002 -24"><span class='ocrx_word' id='word_1_476' title='bbox 356 3181 596 3252; x_wconf 82' lang='lat' dir='ltr'><strong>rationes,</strong></span> <span class='ocrx_word' id='word_1_477' title='bbox 616 3194 758 3244; x_wconf 83' lang='lat' dir='ltr'><strong>quae,</strong></span> <span class='ocrx_word' id='word_1_478' title='bbox 791 3187 969 3243; x_wconf 86' lang='lat' dir='ltr'><strong>praeter</strong></span> <span class='ocrx_word' id='word_1_479' title='bbox 1004 3177 1218 3230; x_wconf 61' lang='lat' dir='ltr'><strong>hastenus</strong></span> <span class='ocrx_word' id='word_1_480' title='bbox 1241 3181 1419 3242; x_wconf 85' lang='lat' dir='ltr'><strong>allatas,</strong></span> <span class='ocrx_word' id='word_1_481' title='bbox 1453 3179 1509 3228; x_wconf 88' lang='lat' dir='ltr'><strong>ad</strong></span> <span class='ocrx_word' id='word_1_482' title='bbox 1533 3179 1790 3230; x_wconf 89' lang='lat' dir='ltr'><strong>istiusmodi</strong></span> <span class='ocrx_word' id='word_1_483' title='bbox 1811 3179 2070 3229; x_wconf 85' lang='lat' dir='ltr'><strong>fabularum</strong></span> <span class='ocrx_word' id='word_1_484' title='bbox 2091 3190 2359 3227; x_wconf 82' lang='lat' dir='ltr'><strong>commenta</strong></span> <span class='ocrx_word' id='word_1_485' title='bbox 2377 3178 2496 3241; x_wconf 56' lang='lat' dir='ltr'><strong>pri-‚</strong></span> 
     </span>
     <span class='ocr_line' id='line_1_52' title="bbox 1278 3257 2472 3290; baseline -0.002 2"><span class='ocrx_word' id='word_1_486' title='bbox 1278 3260 1280 3262; x_wconf 71' lang='grc'>’</span> <span class='ocrx_word' id='word_1_487' title='bbox 2373 3257 2472 3290; x_wconf 79' lang='lat' dir='ltr'><strong>mos</strong></span> 
     </span>
    </p>
   </div>
  </div>
 </body>
</html>
