2547 3708
288 168 356 236 34

800 165 860 219 P.
937 160 1344 219 OVrDll
1417 163 1946 222 NASONIS

442 282 541 335 345
584 263 743 342 Mens
769 280 988 336 quoque
1017 263 1084 316 fic
1112 263 1263 319 furiis
1289 282 1478 320 vecors
1505 268 1763 337 agitetur,
1801 280 1860 321 ut
1889 269 1997 333 illi,

657 337 837 411 Unum
866 337 951 389 cui
980 349 1107 388 toto
1126 354 1357 407 corpore
1381 340 1567 391 vulnus
1594 351 1722 392 erat.

582 410 770 482 thue
801 408 1137 480 Dryantidae
1164 409 1497 483 Rhodopeia
1523 428 1686 482 regna
1710 413 1954 476 tenenti„

285 654 326 697 ὅ(
347 652 562 703 aliipaffim.
616 651 650 690 Is
669 658 917 701 corporetoto
935 647 1207 687 invulnerabilis
1220 654 1295 686 erat
1311 676 1320 692 ,

285 715 426 753 praeter
447 705 622 741 finistrum
644 704 735 740 latus
755 731 764 747 ,
800 702 856 740 vel
880 710 918 739 ut
947 701 1006 738 alii
1034 700 1189 743 volunt,
1213 700 1324 748 jugu-

286 757 377 793 lum.
432 755 542 792 Unde
568 753 667 791 Naso
708 766 819 790 unum
852 753 902 790 illi
930 751 1060 788 vulnus
1093 748 1197 788 fuiffe
1220 750 1324 790 dicit.

286 807 385 843 Nam
400 817 484 843 cum
501 806 688 842 Telamon
699 805 1041 852 quodamtetnpore
1056 813 1120 850 pro
1132 801 1251 838 liberis
1272 801 1325 838 sa·

285 868 344 894 cra
358 858 508 898 faceret,
523 856 700 893 Hercules
715 857 794 892 casu
806 854 1082 898 illaqtranfiens,
1094 852 1326 900 hospitioque

286 915 460 955 exceptus
491 906 593 944 sacris
651 907 815 943 interfuit
839 934 849 949 ‚
904 904 1009 941 simul
1060 904 1195 949 Jo-vern
1245 914 1323 950 pre-

286 966 386 995 catus
409 986 419 1001 ,
458 967 498 996 ut
528 957 730 994 Telamoni
760 957 877 1004 proles
909 954 1066 992 mascula
1101 952 1326 996 nasceretur,

285 1009 439 1058 ejusque
498 1016 629 1045 votum
688 1008 845 1056 Aquilae
891 1004 1192 1053 praetervolantis
1229 1004 1327 1041 orni-

283 1070 333 1097 ne
361 1059 645 1108 comprobatum
680 1059 749 1100 est,
805 1056 965 1104 indeque
1012 1066 1101 1103 puer
1141 1053 1238 1102 Ajax
1273 1054 1327 1091 di-

285 1109 362 1148 etus
392 1138 402 1154 ‚
454 1121 565 1158 quem
615 1108 778 1146 adultum
842 1107 1020 1145 Hercules
1073 1106 1222 1143 leonina
1269 1105 1329 1143 sua

282 1161 465 1205 involvit,
494 1161 602 1208 eique
623 1159 723 1196 illam
743 1159 846 1196 dono
868 1157 997 1200 dedit,
1024 1168 1095 1206 qua
1106 1155 1223 1192 tectus
1246 1154 1323 1193 sau-

283 1212 370 1248 ciari
390 1222 467 1248 non
490 1218 652 1258 poterat,
681 1217 939 1258 praeterquam·
959 1209 995 1245 in
1013 1218 1056 1244 ea
1069 1208 1230 1255 corporis
1243 1218 1321 1254 par-

282 1269 320 1299 te
336 1289 346 1305 ,
376 1261 436 1298 ubi
462 1262 598 1299 Leonis
620 1260 759 1309 pertusa
782 1261 882 1307 pellis
902 1268 978 1296 erat
998 1259 1033 1295 in
1057 1257 1159 1295 usum
1182 1258 1322 1306 gestan-

282 1311 351 1349 dae
380 1312 565 1360 pharetrae
590 1339 599 1355 ,
637 1312 691 1349 uti
721 1310 933 1348 Scholiastes
963 1308 1123 1346 Homeri
1159 1308 1259 1345 Iliad.
1283 1308 1322 1350 »lac

279 1362 444 1400 *Tzetzes
467 1363 505 1399 in
535 1362 806 1411 Lycophronem‚
837 1360 1029 1409 Sophoclis
1052 1359 1263 1396 Schollastes
1283 1361 1321 1396 in

277 1412 821 1463 Ajacemflagela't'ferum‚Suidas
832 1413 869 1449 in
881 1424 976 1449 voce
993 1410 1222 1458 Α’σφαίδοιςῳ
1237 1422 1320 1458 pro-

282 1463 467 1501 diderunt.
529 1464 642 1502 Paulo
670 1464 771 1500 aliter
800 1462 974 1499 Pindarus
1007 1461 1128 1498 lllhm.
1155 1461 1242 1498 Ode
1266 1473 1319 1497 vr.

280 1514 535 1562 Apollodorus
549 1514 606 1553 lib.
632 1526 691 1551 111.
707 1514 984 1551 Philostratusin
1001 1511 1185 1549 Heroicis.
1210 1512 1320 1549 Certe

284 1573 391 1603 vetus
415 1565 546 1603 Ovidii
565 1564 776 1602 Scholialles
798 1592 808 1608 ‚
837 1566 874 1601 ὃ(
894 1564 972 1612 post
996 1575 1082 1601 eum
1105 1562 1295 1600 Domitius
1310 1591 1320 1607 ‚

280 1614 473 1660 Zarottus,
503 1617 541 1653 &
555 1616 752 1664 Egnatius,
768 1616 867 1652 hunc
890 1616 1017 1651 locum
1041 1613 1087 1651 de
1103 1615 1247 1661 Marsya
1266 1614 1322 1650 in-

281 1673 526 1714 terpretantur
541 1694 550 1710 ‚
580 1676 770 1713 propterea
785 1664 887 1713 quod
903 1665 1060 1702 Ovidius
1085 1664 1213 1701 lib.v1.
1241 1665 1326 1702 Me-

281 1717 469 1765 tamorph.
483 1717 540 1756 ‘de
558 1717 702 1765 Marsya
724 1717 815 1766 pelle
838 1716 994 1764 spoliato
1015 1715 1063 1752 sic
1083 1715 1203 1752 canit:

332 1785 522 1823 Clamanti
544 1785 630 1823 cutis
652 1784 694 1830 est
706 1785 862 1833 flammas
882 1783 1015 1833 direpta
1033 1794 1091 1834 per
1107 1797 1242 1833 artur„

331 1841 404 1873 Nec
425 1836 610 1885 quicquam
635 1834 699 1881 nisi
721 1835 855 1871 vulnus
873 1846 949 1871 erat

279 1884 404 1931 Ipsum
426 1895 550 1924 autem
584 1887 706 1923 furore
726 1886 848 1925 aetum
871 1885 941 1923 sese
961 1886 998 1923 in
1022 1886 1159 1925 flumen
1180 1889 1230 1927 sui
1251 1900 1318 1937 po·

277 1936 351 1973 stea
379 1938 543 1973 nominis
573 1935 777 1973 demersisse
809 1936 920 1973 docet
953 1937 1013 1973 hic
1041 1938 1173 1975 Suidae
1202 1940 1318 1977 locus.

276 1985 309 2028 ἲς
339 1985 601 2045 ψφρονῆσκς
628 1985 749 2038 ἐ’ῥῇιψεν
781 1988 892 2024 ἓοιυτῖν
923 1989 962 2028 εἷς
995 1986 1024 2026 ⁴?-
1055 1989 1224 2040 ποἾοιμέν,
1255 1994 1318 2029 καὶ

277 2040 455 2092 υἷι-ὤλετο,
485 2039 726 2092 'austrapio-&n
744 2038 925 2090 ὅποτκμές
936 2040 1116 2092 Mago-dag,
1148 2045 1188 2081 In
1200 2055 1315 2092 quam

278 2094 494 2136 sententiam
511 2125 519 2137 ‚
549 2096 694 2143 Egnatii
717 2095 923 2143 praesertim
937 2098 1161 2134 authoritate
1182 2096 1313 2136 duetus

278 2146 450 2192 primum,
496 2146 761 2183 inclinaveram
789 2159 799 2187 ;
838 2157 938 2187 nunc
979 2146 1022 2182 ab
1063 2147 1129 2185 illa„
1167 2147 1314 2186 discedo

277 2195 506 2233 Parrhasium
533 2195 678 2243 Epistol.
700 2207 758 2241 24.
783 2196 948 2237 secutus,
976 2203 1056 2232 tum
1089 2197 1192 2245 quod
1221 2198 1318 2234 Ovi-

283 2245 362 2284 dius
390 2247 575 2294 utriusque
599 2246 719 2292 Aiacis
742 2256 847 2282 more
871 2245 935 2281 suo
953 2245 1220 2293 consequenter
1239 2259 1318 2284 me-

280 2296 425 2334 minisse
449 2298 540 2334 viius
564 2296 636 2340 est,
659 2305 738 2333 tum
763 2297 873 2332 eriam
887 2295 988 2344 quod
1001 2296 1156 2334 furiosos
1176 2297 1317 2346 aliquot

282 2348 408 2395 magni
433 2348 596 2385 nominis
626 2354 926 2390 enumeraturus,
955 2347 1111 2395 Ajacem
1133 2347 1315 2385 Telamo-

279 2398 385 2435 nium
418 2396 690 2445 praetermisisse
719 2409 795 2434 non
829 2397 1006 2435 debuerit.
1060 2397 1229 2436 SArvAG.
1250 2398 1319 2437 Cui

278 2449 534 2497 eratJuret.qui
544 2459 619 2484 erat
631 2448 706 2485 duo
719 2448 789 2484 alii.
803 2446 912 2485 redte.
927 2448 1016 2485 Met.
1032 2461 1086 2485 vx.
1102 2448 1147 2486 de
1159 2449 1319 2498 Marsya,

278 2504 354 2536 Nec
376 2499 565 2548 quicquam
588 2497 653 2547 nist
678 2499 808 2535 vulnus
826 2507 913 2535 erat.
953 2498 1046 2536 libro
1075 2511 1136 2536 κν.
1160 2499 1205 2535 de
1225 2500 1321 2547 Hip-

279 2550 413 2598 polyto
428 2577 437 2592 ,
466 2563 643 2598 unumque
664 2559 737 2586 erat
750 2549 867 2584 omnia
881 2548 1024 2588 vulnus.
1079 2550 1222 2587 Herus.
1250 2550 1320 2588 Sed

280 2601 507 2638 contrarium
540 2600 603 2636 hic
638 2599 759 2637 dicere
788 2600 907 2637 voluit
938 2600 1054 2639 Poeta
1079 2628 1089 2644 ‚
1118 2600 1183 2638 illis
1204 2600 1316 2647 locis,

277 2650 563 2699 quaeadducunt
590 2650 658 2687 viri
671 2650 796 2693 docti,
824 2650 1001 2688 nimirum
1035 2659 1074 2688 ut
1105 2651 1317 2699 Salvagnius

284 2702 393 2745 bene,
407 2714 482 2738 uno
496 2710 639 2738 tantum
660 2701 746 2738 loco
759 2702 923 2747 corporis
938 2700 1093 2747 potuisse
1114 2701 1314 2746 vulnerari,

280 2751 355 2789 vid.
385 2752 428 2789 ad
449 2764 539 2789 κω.
562 2753 656 2789 Met.
680 2762 763 2799 392.
789 2752 850 2787 ubi
866 2754 977 2796 pestus
995 2762 1069 2787 tum
1082 2753 1223 2788 demum
1237 2753 1320 2788 vul-

283 2815 366 2839 nera
381 2805 524 2849 passum.
552 2804 589 2839 &
617 2805 664 2840 ita
683 2802 746 2838 hle
773 2801 826 2838 cui
855 2811 923 2836 toto
948 2806 1075 2850 pectere
1103 2803 1179 2839 duo
1200 2803 1319 2851 scripti

283 2853 320 2890 ὅ(
339 2854 453 2898 prima
471 2853 597 2890 editio.
629 2852 718 2890 editi
741 2853 830 2890 olim
844 2878 854 2895 ,
883 2854 944 2902 qui
963 2864 1031 2889 toto
1051 2864 1179 2902 corpore
1189 2853 1320 2890 vulnus

281 2902 398 2940 habet.
453 2903 580 2940 Buttm.

337 2965 419 3002 347.
449 2959 557 3000 thue
578 2951 841 3003 Dryantidae.]
872 2954 1064 3002 Lycurgus
1081 2953 1256 3000 Dryantis
1278 2955 1318 2992 fi-

282 3005 375 3046 lius,
404 3004 468 3051 qui
489 3004 550 3040 fibi
572 3017 670 3041 crura
691 3006 822 3044 incidit
837 3032 846 3048 ‚
873 3005 933 3042 vel
953 3006 1037 3054 quia
1060 3004 1152 3044 vites
1182 3005 1314 3043 Bacchi

282 3056 523 3103 extirpaverat
538 3081 549 3097 ,
579 3056 638 3091 vel
655 3057 740 3102 quia
762 3068 848 3093 cum
872 3064 987 3092 matre
1009 3055 1228 3097 concubuit,
1251 3066 1314 3092 ve-

283 3117 363 3145 cors
393 3103 567 3148 effeetus,
599 3117 674 3141 uno
693 3105 833 3153 semper
855 3105 946 3152 pede
968 3105 1071 3142 nudo
1091 3105 1311 3149 ambulavit,

283 3156 388 3207 quod
417 3156 530 3203 tangit
562 3155 749 3192 Horatius.
814 3156 1053 3193 lumniam-2&
1092 3156 1308 3203 Lycurgum
1367 3137 1415 3183 ph

282 3208 423 3247 innuit.
451 3214 491 3242 ut
515 3214 628 3252 puto,
660 3206 830 3254 Dryantis
848 3206 963 3243 filium
980 3234 989 3250 ‚
1013 3218 1125 3254 quern
1147 3207 1309 3249 μονοκρή-

281 3259 370 3298 :max
396 3257 541 3299 Graeco
570 3256 735 3307 epitheto
765 3256 986 3305 appellatum
1007 3256 1182 3304 invenie,
1207 3257 1310 3308 quod

2358 492 2417 550 In

1378 650 1415 688 in
1448 650 1563 688 altero
1593 656 1736 689 tantum
1768 650 1863 698 pede
1895 649 2057 689 calceum
2097 652 2256 693 haberet.
2306 657 2421 698 Hunc

1380 701 1572 738 Homerus
1597 699 1616 737 a
1639 702 1730 745 Jove
1753 702 1895 739 lumine
1925 702 2094 740 orbatum
2122 707 2281 752 cecinit,
2307 722 2420 758 quare

1380 752 1486 801 quod
1506 752 1619 789 altero
1641 751 1733 799 pede
1754 753 1864 790 laesus
1887 751 1995 797 esset,
2025 755 2162 791 cultum
2183 758 2283 804 pedis
2304 762 2419 809 dispa-

1382 815 1458 840 rem
1495 803 1592 840 Naso
1624 802 1812 850 ingeniose
1847 804 1949 841 dixit.
2014 805 2172 842 EGNAT.
2202 809 2418 859 Lycurgum

1382 854 1559 902 Dryantis
1581 852 1696 890 filium
1719 855 1880 903 intellige
1895 882 1903 897 ‚
1935 854 1981 891 de
2001 867 2078 903 quo
2105 858 2200 904 apud
2223 860 2418 908 Hyginum

1383 904 1431 940 ita
1452 905 1625 942 traditur:
1665 910 1834 952 Lycurgus
1857 907 2034 953 Dryantis
2050 906 2143 950 filius
2157 936 2167 951 ,
2196 909 2358 948 Liberum
2377 915 2419 950 de

1384 968 1482 1003 regno
1498 956 1642 1002 fugavit
1656 971 1666 991 .·
1694 969 1795 1003 quem
1816 969 1893 992 cum
1906 968 2041 1004 negaret
2053 959 2154 994 deum
2167 961 2244 1008 effe,
2271 963 2418 999 vinum.

1384 1019 1446 1056 que
1468 1005 1615 1053 lnbiffae,
1643 1017 1686 1045 <y
1709 1005 1819 1042 ebrius
1845 1019 1994 1042 matrem
2009 1010 2114 1055 suam
2137 1012 2269 1047 molare
2290 1015 2419 1054 voluis.

1379 1065 1431 1107 set
1445 1083 1455 1099 ,
1484 1068 1568 1093 tunc
1590 1057 1680 1091 vites
1700 1057 1850 1093 excidere
1873 1059 1914 1102 est
1936 1070 2101 1095 conatus-⁴
2128 1063 2351 1110 quoddzceret
2372 1057 2419 1101 fl·

1386 1108 1448 1144 lud
1461 1108 1595 1144 malum
1618 1107 1911 1143 medicamentum
1931 1110 1986 1156 effe
2000 1137 2009 1152 ‚
2037 1112 2128 1157 quod
2140 1125 2266 1149 mente)
2286 1114 2418 1152 immu-

1378 1169 1483 1197 taret.
1535 1158 1609 1206 Qi
1630 1158 1770 1204 insania
1789 1158 1814 1194 ὰ
1839 1158 1955 1193 Libero
1979 1159 2104 1207 objecYa
2118 1189 2128 1204 ,
2154 1177 2293 1200 uxorem
2313 1165 2416 1209 suam

1379 1222 1423 1250 w
1435 1209 1553 1256 filium
1575 1209 1760 1254 interfecit.
1787 1209 1965 1259 ipsumque
1989 1215 2184 1259 Lycurgum
2206 1215 2306 1251 Liber
2325 1227 2417 1264 pan-

1378 1260 1485 1297 theris
1513 1259 1629 1305 objecit
1658 1260 1695 1295 in
1716 1258 1869 1309 Rhodope
1890 1288 1899 1301 ‚
1940 1260 2002 1309 qui
2027 1274 2124 1298 mons
2152 1264 2194 1302 eli
2225 1261 2414 1314 Thraciae,

1377 1312 1667 1361 uqusimperium
1685 1309 1820 1347 habuit.
1876 1310 1952 1348 Hic
1971 1313 2125 1350 traditur
2144 1326 2259 1354 unum
2277 1321 2414 1362 pedem

1377 1363 1439 1400 sibi
1464 1375 1530 1411 pro
1550 1361 1680 1398 vitibus
1702 1359 1882 1398 excidiffe.
1934 1362 2169 1411 Atquehunc
2181 1369 2416 1410 μονοκρήπιδα

1378 1414 1511 1451 Graeci
1533 1424 1686 1463 quoque
1706 1422 1896 1450 vocarunt.
1923 1414 2025 1461 quod
2061 1416 2176 1453 Ovid.
2216 1409 2416 1466 fignihcare

1378 1465 1540 1508 volens„
1558 1470 1599 1500 In
1614 1463 1747 1511 gemino
1763 1463 1875 1512 dispar
1887 1464 2028 1512 cuipede
2047 1466 2159 1503 cultus
2178 1480 2254 1504 erat
2269 1497 2279 1512 ,
2309 1472 2414 1509 dixit.

1378 1516 1493 1553 Porro
1506 1515 1552 1552 de
1564 1514 1741 1552 furoribus
1756 1517 1915 1564 Lycurgi
1939 1516 2048 1552 etiam
2072 1516 2218 1555 Flaccus
2241 1523 2415 1561 meminit

1378 1567 1487 1614 primi
1510 1567 1716 1613 Argonaut.
1738 1568 1820 1607 726.
1849 1565 2002 1609 Bistonas
2021 1567 2069 1603 ad
2087 1569 2224 1605 meritos
2242 1584 2320 1606 cum
2342 1585 2414 1608 cor-

1380 1630 1452 1653 nua
1464 1622 1577 1666 saeva
1609 1616 1786 1664 Thyoneus
1816 1615 1948 1663 Torsit,
1986 1629 2028 1656 εν
2055 1618 2197 1664 infoelix
2215 1622 2298 1666 jam
2318 1623 2415 1661 milit

1371 1669 1555 1713 furoribus
1576 1674 1751 1711 Haemus,
1781 1669 1875 1714 Jam
1898 1668 2068 1716 Rhodopes
2091 1683 2229 1714 nemora
2250 1672 2326 1708 alta
2337 1675 2415 1719 fre-

1381 1729 1486 1756 munt
1499 1747 1508 1762 ,
1536 1718 1641 1754 talem
1662 1718 1771 1755 incita
1791 1718 1898 1767 longis
1918 1718 2108 1756 Porticibus
2129 1722 2413 1769 conjunxquefu-

1374 1770 1449 1818 git,
1476 1779 1617 1817 natique
1636 1774 1841 1817 Lycurgum.
1893 1769 2068 1807 Mrcrrt..
2096 1775 2247 1820 Lycurgo
2264 1773 2414 1821 Dryanv

1373 1822 1418 1857 tis
1439 1820 1515 1858 filio
1535 1820 1727 1857 Thracum
1758 1821 1850 1867 Regi
1875 1847 1885 1863 ‚
1920 1821 1983 1869 qui
2013 1821 2131 1868 spreto
2164 1823 2201 1858 &
2224 1827 2411 1871 exagitato

1373 1870 1519 1908 Baccho
1548 1872 1584 1908 in
1618 1870 1781 1907 furorem
1817 1871 1935 1908 versus
1956 1899 1966 1915 ‚
2013 1872 2115 1908 tibias
2143 1871 2205 1909 fibi
2236 1874 2408 1920 succidit,

1375 1932 1460 1959 cum
1481 1923 1571 1960 vites
1604 1921 1772 1958 excidere
1799 1930 1961 1968 putaret,
1992 1930 2031 1958 ut
2053 1924 2205 1959 refertur
2227 1925 2271 1961 ab
2291 1927 2412 1972 Apol-

1372 1971 1507 2010 lodoro
1529 1971 1664 2009 lib.111.
1693 1972 1851 2018 Higyno
1878 1983 1955 2021 cap.
1978 1982 2056 2020 132.
2093 1973 2224 2011 Servio
2253 1975 2292 2013 iu
2320 1976 2411 2020 illud

1373 2022 1517 2070 Virgilii
1543 2021 1680 2059 libari.
1700 2020 1852 2059 AEneid.

1424 2093 1569 2131 Thraces
1589 2102 1696 2131 arant
1719 2095 1792 2131 acri
1813 2095 1989 2142 quondam
2010 2106 2154 2145 regnata
2174 2101 2332 2148 Lycurgo„

1374 2177 1477 2214 Hinc
1502 2178 1539 2214 δε
1571 2176 1778 2220 μουοκρήπις
1813 2175 1959 2211 Graeco
1997 2175 2164 2221 epitheto
2209 2177 2411 2225 appellatur

1373 2228 1628 2274 Anthologiae
1640 2227 1767 2263 lib.1v.
1785 2235 1860 2271 cap.
1875 2225 1909 2261 8,
1937 2224 2203 2273 Epigrammatv.
2226 2239 2287 2274 44.
2304 2230 2410 2278 quod

1372 2276 1548 2313 nimirum
1574 2277 1608 2312 in
1636 2287 1714 2312 uno
1741 2283 1884 2312 tantum
1916 2275 2010 2322 pede
2038 2274 2204 2313 calceum
2236 2278 2409 2326 haberet,

1372 2326 1488 2363 altero
1506 2326 1638 2364 scilicet
1656 2334 1847 2373 amputato
1864 2353 1874 2369 ‚
1902 2337 2024 2374 eoque
2037 2325 2226 2364 Nasonem
2239 2329 2410 2377 respexis*

1372 2377 1407 2414 se
1422 2389 1529 2422 ,cum
1552 2378 1601 2414 ait
1614 2404 1624 2420 ,
1656 2382 1696 2412 In
1710 2376 1844 2424 gemino
1873 2375 1987 2424 dispar
2005 2376 2059 2413 cui
2072 2376 2155 2424 pede
2175 2378 2286 2417 cultus
2306 2391 2407 2428 erat,

1374 2429 1512 2476 primus
1539 2428 1712 2464 omniurn
1737 2427 1879 2463 Urceus
1901 2427 2044 2464 Codrus
2068 2427 2239 2467 sermone
2263 2431 2406 2478 primo,

1377 2479 1415 2515 &
1437 2479 1514 2526 post
1537 2489 1622 2515 eum
1644 2478 1833 2526 Egnatius,
1863 2476 2113 2517 observarunt.
2168 2480 2230 2518 De
2243 2481 2426 2532 Lycurgi.

1375 2528 1466 2566 vero
1487 2530 1611 2567 furore
1629 2529 1666 2566 δί
1698 2528 1847 2565 interitu
1868 2531 1966 2564 varie
1985 2528 2146 2565 scribitur
2164 2531 2208 2567 ab
2230 2531 2406 2570 Homero

1373 2579 1473 2616 iliad.
1488 2592 1540 2617 vr.
1568 2581 1606 2617 ὅτ
1629 2579 1818 2616 Eustaihio
1833 2579 1868 2615 in
1886 2579 2046 2615 eundem
2063 2606 2073 2621 ‚
2088 2579 2262 2617 Diodoro
2281 2581 2405 2620 Siculo

1372 2629 1431 2667 libi
1454 2643 1516 2668 111.
1547 2629 1732 2678 Sophocle
1761 2629 1797 2665 in
1828 2630 2042 2676 Antigone,
2077 2629 2241 2679 inibique
2263 2631 2406 2671 Deme-

1372 2681 1444 2717 trio
1470 2681 1652 2719 Triclinio
1673 2708 1684 2722 ,
1733 2679 1929 2716 Heraclide
1961 2678 2119 2715 Pontico
2147 2680 2184 2717 in
2209 2681 2404 2730 Allegoriis

1375 2731 1610 2775 Homericis,
1639 2731 1795 2778 Higyno
1816 2728 2058 2766 locolaudato
2073 2756 2083 2771 ‚
2112 2730 2199 2767 item
2222 2744 2304 2780 cap.
2319 2744 2405 2779 242.

1374 2782 1517 2828 Joanne
1541 2782 1682 2819 Tzetza
1715 2779 1867 2816 chiliade
1895 2791 1929 2815 v-.
1981 2780 2137 2816 Historia
2164 2793 2206 2828 19
2247 2783 2405 2821 Laetaris

1374 2834 1429 2869 tio
1451 2834 1485 2869 in
1509 2833 1568 2870 lib.
1590 2844 1640 2868 w.
1679 2831 1857 2867 Statianae
1890 2829 2123 2871 Thebaidos,
2152 2832 2403 2881 Aristophanis

1375 2884 1571 2920 Scholiaste
1591 2884 1625 2918 in
1656 2882 1844 2929 Equitibus
1870 2907 1880 2922 ‚
1906 2880 1965 2916 ubi
1988 2881 2033 2917 de
2055 2880 2214 2919 Crambe
2241 2883 2402 2930 lepidam

1374 2935 1532 2971 fabulam
1553 2940 1842 2969 commemorat.
1897 2931 2070 2972 Eiusdem
2089 2934 2258 2969 meminit
2272 2934 2403 2978 &Pluq

1375 2985 1516 3021 tarchus
1538 2982 1853 3020 lib.deaudiendis
1866 2981 2008 3025 Poetis,
2038 2983 2128 3017 item
2147 2982 2205 3018 lib.
2228 2983 2273 3020 de
2285 2985 2400 3024 virtu-

1371 3043 1406 3071 te
1440 3034 1587 3072 Morali.
1641 3032 1952 3079 Rhodopezaregna
1973 3030 1992 3067 {1
2017 3030 2201 3079 Rhodope
2224 3033 2399 3073 Thraciae

1370 3096 1535 3128 monte,
1556 3084 1653 3121 unde
1687 3084 1784 3120 Naso
1807 3082 1965 3131 Epistola
1989 3081 2157 3129 Phyllidis
2178 3082 2223 3121 ad
2251 3085 2400 3133 Demo:

1420 3145 1598 3174 oontem:

1417 3206 1517 3254 Qae
1537 3203 1600 3238 tibi
1618 3201 1742 3247 subjeci
1758 3198 1919 3245 latiffima
1937 3210 2040 3246 regna
2062 3198 2232 3248 Lycurgi,

1466 3253 1616 3294 Nomine
1627 3251 1798 3300 foemineo
1817 3251 1883 3287 vix
1895 3250 1987 3298 saris
2005 3257 2086 3297 apta
2104 3250 2185 3297 regi,

2307 3301 2398 3350 Q*
