2547 3708
444 151 574 204 DE
637 152 693 202 P.
762 151 1185 206 OVIDIO
1254 156 1732 213 NASONE;

492 283 932 336 ANGELI
1008 288 1644 343 POLITIANI

214 382 856 442 ELEGIA
1011 386 1184 441 DE
1329 389 1955 468 EXILQO

1046 504 1147 536 ET

586 575 1034 651 ‘MORTE
1100 580 1511 632 OVIDII„

219 694 307 804 E
321 690 366 740 T
372 694 491 756 jacet
510 694 694 740 Euxinis
716 704 838 741 vates
856 697 1072 744 Romanus
1095 700 1139 744 in
1158 702 1263 747 oris:

375 761 614 806 Romanum
632 770 773 805 vatem
791 761 974 807 barbara
999 773 1115 809 terra
1135 768 1250 826 tegit.

220 822 351 870 Terra
372 828 474 887 tegit
493 835 661 882 vatem,
695 834 847 872 teneros
867 829 938 887 qai
958 829 1054 886 lastt
1074 844 1257 888 amores,

284 890 513 947 Barbara,
547 904 673 951 quam
688 891 837 951 gelidis
859 893 983 937 alluit
1005 892 1110 953 Ister
1133 897 1267 955 aquis.

217 955 314 1002 Nec
333 963 374 999 te
398 955 538 1001 Roma
550 955 678 1015 pudet
691 988 708 1013 ,
742 969 845 1016 quae
864 966 981 1002 tanto
1004 959 1176 1005 immitis
1196 961 1387 1020 alumno,

283 1019 463 1066 Pectora
484 1020 609 1065 hahes
633 1022 726 1082 ipsts
748 1021 994 1068 barbariora
1020 1022 1163 1068 Getis?

218 1084 412 1144 Ecquid,
446 1086 494 1131 Io
517 1084 700 1147 Musae,
735 1086 934 1144 Scythicis
956 1089 999 1132 in
1013 1088 1174 1147 finibus
1194 1105 1313 1153 aegro

286 1146 440 1196 Taedia
464 1152 535 1210 qui
558 1150 688 1195 morbi
708 1150 911 1210 demeret,
945 1153 1053 1198 ullus
1075 1153 1202 1200 erat?

217 1214 386 1274 Ecquid
390 1213 615 1276 frigidulos
634 1217 706 1275 qui
724 1217 822 1261 leffto
840 1218 1062 1276 imponeret
1081 1229 1202 1266 artus
1215 1252 1232 1279 ,

281 1280 378 1324 Aut
399 1282 471 1340 qai
493 1279 716 1341 dulciloquo
726 1279 900 1341 falleret
921 1297 986 1328 ore
1004 1283 1143 1330 diem?

215 1344 311 1390 Aut
333 1345 404 1405 qui
424 1353 605 1391 tentaret
610 1346 807 1407 salientis
827 1356 1010 1407 tempora
1035 1365 1165 1396 venae
1177 1383 1193 1409 ,

277 1410 375 1454 Aut
387 1407 576 1470 fomenta
598 1426 726 1457 mana
748 1413 820 1472 qui
835 1423 1061 1473 properata
1082 1414 1236 1461 daret?

215 1473 415 1520 Conderet
434 1485 512 1521 aut
535 1478 663 1522 oculos
683 1477 819 1522 media
828 1477 928 1538 jam
953 1489 1082 1525 morte
1099 1490 1321 1541 natantes,

279 1541 375 1585 Aut
394 1540 541 1602 legeret
559 1541 774 1603 summam
798 1545 870 1603 qui
880 1545 979 1603 pias
999 1559 1065 1590 ore
1084 1545 1302 1593 animam?

212 1604 375 1651 Nullus
394 1615 510 1652 erat:
545 1608 695 1653 nullus.
729 1617 911 1667 veteres,
943 1618 992 1654 ta
1014 1609 1148 1669 dura,
1170 1610 1338 1673 sodales

276 1669 376 1715 Hea
389 1672 538 1730 procul
553 1673 583 1717 a
608 1673 745 1719 Ponto
760 1706 775 1731 ,
809 1672 985 1720 Martia
1009 1676 1176 1735 Roma,
1209 1676 1344 1723 tenes!

209 1733 374 1781 Nullus
393 1745 500 1781 erat.
527 1739 674 1797 procul
688 1736 745 1783 ah
764 1738 911 1798 conjux
924 1772 939 1798 ,
965 1742 1176 1803 parvique
1195 1750 1377 1802 nepotes:

279 1800 378 1846 Nec
386 1799 539 1862 fuerat
549 1802 772 1865 profugum
796 1814 900 1850 nata
912 1803 1093 1867 sequuta
1107 1817 1292 1867 patrem.

213 1864 378 1912 Scilicet
397 1868 596 1913 immanes
615 1868 728 1926 Beffi
737 1900 752 1926 9
775 1869 974 1932 flavique
1000 1872 1188 1933 Coralli,

275 1932 372 1976 Aut
392 1947 464 1977 vos
481 1934 620 1991 pelliti
628 1932 764 1994 saxea
785 1935 908 1980 corda
931 1935 1088 1994 Getae,

216 1992 379 2040 Scilicet
404 1995 595 2042 horribili
616 1997 774 2043 dederit
784 1997 995 2058 solamina
1017 2001 1145 2047 vulta

282 2059 515 2119 Sarmata,
549 2061 603 2106 ah
623 2071 732 2121 epoto
742 2060 865 2124 saepe
885 2063 1094 2109 vehendus
1115 2063 1243 2125 equo?

213 2122 450 2183 Sarmata,
484 2128 550 2171 cui
573 2127 754 2188 rigidam
778 2126 941 2187 demiſjo
962 2129 1006 2172 in
1028 2128 1181 2175 lumine
1190 2127 1378 2189 frontem

276 2187 408 2234 Mota
419 2190 612 2252 pruinoso
645 2200 828 2251 tempera
849 2193 960 2237 crine
969 2190 1139 2254 sonant.

217 2252 303 2300 Sed
319 2263 459 2300 tamen
482 2255 537 2306 [9³
559 2255 674 2313 Beffi
692 2255 963 2315 exstinctam,
998 2257 1053 2309 {9⁹
1063 2257 1227 2315 flevere
1248 2259 1433 2318 Coralli,

280 2319 586 2382 Sarmataqae:
624 2320 679 2372 [9³
705 2322 833 2367 durus
853 2322 1037 2367 contudit
1058 2338 1132 2368 ora
1159 2323 1294 2369 Getes.

215 2382 478 2444 Exstinotum
503 2385 558 2438 {9³
579 2395 732 2432 montes
739 2386 933 2445 flebant,
968 2387 1023 2439 ἔθ’
1031 2387 1187 2449 sylva,
1211 2387 1438 2452 feraeque,

280 2448 344 2495 Et
355 2450 475 2510 fleſje
495 2452 539 2496 in
558 2451 701 2497 mediis
718 2452 872 2498 dicitur
891 2451 997 2511 Ister
1016 2455 1150 2514 aquis.

218 2513 344 2579 Qin
367 2518 496 2561 etiam
510 2518 627 2578 pigro
648 2526 872 2564 concretum
884 2515 1048 2580 frigore
1071 2518 1259 2566 Pontum
1272 2552 1289 2578 ,

279 2581 518 2626 Nereidum
538 2583 728 2640 lacrymis
747 2583 955 2643 intepuiſje
963 2582 1130 2644 ferunt.

214 2644 445 2692 Accurrire
466 2647 574 2692 leves
589 2647 762 2707 Paphia
784 2662 873 2693 cum
885 2647 1039 2694 Matre
1061 2649 1273 2705 volucres,

280 2709 520 2772 Arfiiroque
530 2710 650 2772 faces
657 2711 900 2774 suppoficere
920 2729 1027 2775 rogo.

218 2773 357 2836 Qem
367 2778 499 2836 fimul
514 2776 712 2839 absamfit
737 2778 910 2838 rapidae
932 2780 1133 2825 violentia
1141 2778 1349 2839 flammae
1362 2810 1380 2836 ,

284 2839 499 2900 Reliquias
518 2847 622 2888 teoto
640 2842 886 2905 compofitere
909 2844 1021 2889 cado.

219 2902 533 2966 Imposttamqae
553 2908 673 2953 brevi
681 2911 905 2970 stgnarunt
925 2910 1104 2955 carmine
1115 2906 1300 2966 saxum:

286 2969 384 3032 ,Qui
399 2968 507 3023 jacet
524 2969 592 3015 hic
606 3004 622 3027 ,
656 2975 786 3018 teneri
807 2974 945 3019 dootor
967 2976 1121 3020 amoris
1142 2982 1248 3020 erat.

219 3031 317 3094 Losa
336 3035 464 3080 locum
484 3036 568 3080 late
576 3031 723 3097 saneto
748 3037 950 3095 Cytherea
970 3040 1123 3101 liquore

284 3099 452 3145 Irrorat
471 3101 597 3146 nivea
620 3110 758 3162 terque
778 3112 998 3164 quaterque
1016 3118 1158 3149 manu.

220 3161 309 3211 Vos
331 3178 481 3226 quoque
500 3165 692 3212 Pierides
710 3167 807 3211 vati
827 3167 984 3227 libastis
1006 3170 1165 3215 ademto

289 3228 517 3290 Carmina,
536 3228 621 3292 secl
636 3229 764 3293 nostro
786 3245 864 3278 non
884 3231 1096 3292 referenda
1106 3232 1223 3296 sono,
1323 3295 1374 3345 G

1387 3309 1425 3363 g

2034 3293 2141 3346 DE
