2547 3708
227 135 296 186 30
721 115 1274 175 P.OVIDII

1347 112 1895 171 NASONIS

516 215 650 271 Huc
681 232 908 288 precor,
946 213 1050 267 huc
1085 212 1276 267 vestras
1305 229 1492 266 omnes
1518 210 1780 265 advertite
1806 222 2042 274 menteS,

377 304 443 355 70

593 288 664 343 Et
689 288 839 342 finite
864 287 1058 358 optatis
1085 286 1296 358 pondus
1321 285 1482 340 iness'e
1507 284 1654 338 meis,

527 361 743 432 Ipsaque
767 374 826 414 tu
854 360 1006 414 tellus
1025 398 1041 422 ‚
1077 358 1250 431 ipsum
1276 374 1401 412 cum
1427 355 1674 411 fluctibus
1700 372 1929 429 aequor,

603 434 713 503 lpse
737 451 878 487 meas
904 431 1101 486 AEther
1130 432 1314 502 accipe
1337 431 1540 484 summe
1566 446 1769 500 preces,

531 506 825 575 Sideraque
856 508 909 560 δε
938 505 1096 559 radiis
1119 503 1448 559 circumdata
1472 503 1607 558 Solis
1631 502 1838 573 imagO,

604 579 899 650 Lunaque,
939 594 1077 649 quae
1111 594 1432 648 numquam,
1473 592 1585 648 quo
1609 575 1784 646 prius,
1820 591 1916 630 ore
1940 574 2114 631 micas,

385 668 450 720 75
525 652 760 723 Noxque
788 651 1129 705 tenebrarum
1155 651 1327 721 specie
1353 648 1648 705 reverenda
1677 662 1914 712 tuarum,

605 726 870 797 Quaeque
898 737 1073 778 ratum
1099 722 1294 796 triplici
1321 724 1514 795 pollice
1540 721 1675 778 netis
1702 737 1850 794 opuS.

290 934 351 981 65.
378 933 540 984 Jam‘que
563 932 776 984 Kalendis.]
822 934 866 972 In
898 945 1004 971 more
1035 933 1194 982 politum
1219 934 1288 972 fuit

240 989 336 1034 apud
364 985 581 1029 Romanos,
610 993 649 1022 ut
677 985 832 1024 Kalend.
862 984 1023 1032 januarii
1051 986 1143 1022 laeta
1167 987 1204 1021 &
1230 985 1288 1033 ju-

242 1036 361 1075 cunda
386 1037 492 1074 verba
516 1037 744 1075 efferrentur.
780 1036 925 1074 Auctor
940 1036 1099 1081 Plinius,
1128 1036 1166 1074 δε
1191 1035 1289 1074 Ovi-

244 1086 326 1125 dius
348 1087 422 1135 ipse
443 1088 502 1125 lib.
526 1100 554 1125 1.
577 1086 666 1125 Fast.
696 1088 867 1125 Cremu.

293 1139 357 1177 66.
386 1143 467 1174 Non
487 1137 708 1187 mentitura]
743 1145 846 1176 Nunc
858 1137 1034 1176 matutino
1054 1138 1288 1182 Petavianus;

244 1195 286 1226 ut
308 1188 562 1226 salutationem
586 1190 808 1228 matutinam
830 1190 972 1227 innuat.

296 1239 360 1287 69.
386 1239 580 1277 Advertite
617 1241 786 1291 mentes.]
843 1241 942 1278 Edit.
961 1240 1124 1279 Domitii
1147 1241 1186 1279 δε
1218 1247 1289 1278 tres

244 1288 387 1338 scripti,
416 1291 592 1328 divertite.

299 1351 359 1385 72.
388 1342 454 1390 Ipse
475 1355 568 1378 meas
598 1342 724 1380 AEther
751 1342 858 1391 accipe
882 1344 1020 1391 summe
1046 1341 1192 1392 prece5.]
1231 1343 1288 1380 Ex

244 1391 405 1430 formula
430 1393 544 1430 veteri
569 1421 579 1436 ‚
613 1405 685 1442 qua
713 1406 836 1442 preces
867 1394 941 1431 suas
963 1394 1068 1443 accipi
1087 1396 1288 1443 rogabant,

248 1451 287 1480 ut
309 1443 405 1491 apud
427 1443 622 1492 Virgilium
644 1445 704 1482 lib.
723 1457 777 1482 tv.
804 1444 1010 1482 AEneidos:

301 1507 457 1556 Accipite
477 1508 539 1544 hac
560 1536 568 1551 ,
585 1508 817 1559 meritumque
840 1507 944 1545 malis
965 1507 1143 1547 advertite
1155 1522 1295 1548 numen.

246 1578 440 1623 Valerium
462 1578 648 1616 Catonem
675 1577 781 1616 diris:

300 1637 436 1674 Littora
452 1666 460 1681 ‚
482 1651 569 1685 quae
586 1638 700 1676 (ἰιιίσεε
721 1652 828 1677 auras
849 1639 1048 1689 diffunditis
1065 1639 1176 1690 agris,

299 1689 457 1737 Accipite
471 1689 535 1725 has
557 1702 651 1726 voces

248 1753 362 1802 Apud
384 1755 565 1792 Ovidium
589 1753 703 1802 ipsum
728 1755 866 1803 passim.
908 1758 1044 1806 Neque
1062 1769 1153 1796 vero
1175 1765 1296 1795 teme-

250 1816 290 1842 re
308 1805 424 1850 dixit,
452 1805 578 1842 AEther
604 1808 771 1852 summe;
802 1807 950 1845 Tullius
973 1810 1070 1846 enim
1092 1809 1151 1846 lib.
1179 1821 1226 1846 11.
1255 1809 1296 1845 de

255 1861 402 1892 Natura
427 1862 577 1892 Deorum
599 1883 610 1899 ‚
646 1868 691 1893 ex
722 1857 905 1905 Euripidis
933 1858 1111 1897 sententia
1140 1859 1298 1898 AEthera

251 1907 439 1997 {ptumum
480 1907 608 1944 Deum
646 1908 903 1956 appellandum
945 1909 1016 1947 effe
1056 1910 1219 1960 prodidit
1255 1911 1294 1949 in

280 1970 325 1996 is:

304 2008 402 2046 Vides
414 2006 564 2055 sublime
578 2009 998 2061 fusum'immodcratum
1019 2011 1194 2057 AEthera,

306 2060 382 2107 (ἐξά
403 2069 513 2094 tenero
533 2069 665 2096 terram
687 2063 920 2096 circumvecta
943 2060 1184 2110 ampleifiitur;

305 2117 408 2148 Hunc
430 2111 614 2194 sunzmam
647 2110 768 2146 habeto
804 2111 947 2146 Divum
972 2137 983 2154 ,
1013 2111 1105 2149 hunc
1126 2112 1301 2161 perhibeto

431 2165 493 2196 AEt
524 2173 592 2197 era.

258 2229 360 2267 Hinc
392 2228 567 2276 Virgilius
586 2226 648 2264 lib.
668 2239 712 2264 11.
741 2227 880 2273 Georg.
901 2236 979 2262 non
998 2223 1114 2261 solum
1136 2222 1300 2271 patrem,

254 2281 315 2318 sed
337 2280 447 2317 etiarn
471 2279 734 2323 omnipotentem
767 2285 876 2314 vocat
899 2303 909 2319 ,
945 2286 1022 2324 quo
1043 2275 1198 2310 nomine
1219 2272 1300 2310 nul-

257 2332 334 2368 lum
363 2341 485 2378 neque
515 2330 743 2366 elementum
770 2355 780 2372 ,
823 2337 943 2375 neque
974 2325 1104 2362 mundi
1134 2333 1300 2372 partem,

260 2393 383 2428 neque
431 2381 557 2418 Dcurn
596 2389 735 2428 praeter
781 2389 899 2417 unum
935 2377 1073 2425 Jovem
1113 2374 1303 2424 appellita-

262 2441 367 2470 runt:

315 2502 348 2534 T
346 2509 406 2533 um
425 2504 529 2534 Pater
547 2494 755 2543 omnipotens
767 2493 942 2541 foecundis
956 2491 1125 2531 imbribus
1141 2491 1279 2532 AEcher.

266 2570 314 2609 Et
336 2580 426 2606 vero
446 2567 583 2616 Jupiter
601 2566 639 2602 &
662 2564 794 2603 AEther
813 2564 925 2603 iidem
949 2563 1090 2602 crediti.
1119 2563 1231 2600 δην.

321 2642 380 2678 73.
409 2631 592 2678 Sideraque
610 2639 653 2668 ω’
682 2628 790 2664 radiis
821 2627 1039 2665 circumdata
1060 2625 1143 2662 Solis
1162 2621 1304 2671 imago]

269 2683 328 2720 Sic
351 2681 490 2720 Atridis
513 2682 733 2728 imprecatus
753 2679 848 2727 Ajax
868 2679 963 2725 apud
977 2677 1200 2725 Sophoclem
1216 2686 1307 2712 con-

269 2736 378 2771 vertit
399 2733 606 2769 sermonem
629 2730 673 2767 ad
697 2730 845 2767 Solem:
874 2733 922 2764 Σῡ
942 2729 971 2765 δ’
995 2726 1018 2764 ὦ
1042 2729 1101 2764 τὸν
1123 2726 1233 2762 aia-Du
1254 2724 1308 2761 οὐ-

274 2786 370 2827 ρανὸν
391 2782 594 2827 διφρηλκῶν
618 2780 704 2822 ἥλιε.
724 2780 1014 2817 &Prometheus
1037 2778 1132 2826 apud
1154 2776 1312 2823 AEschy-

272 2835 375 2872 lum:
407 2836 477 2868 Καὶ
503 2833 565 2868 τὸν
593 2833 780 2870 πανόπτην
810 2833 939 2867 κύκλον
965 2829 1066 2872 ἡλίου
1090 2830 1202 2867 καλῶ.
1253 2827 1312 2866 Sic

271 2885 375 2924 Dilo
400 2886 596 2931 imprecata
618 2881 783 2919 AEneae:

329 2954 383 2993 Sol
398 2982 408 2998 ,
436 2952 496 3001 qui
515 2962 689 2988 terrarum
709 2951 864 3001 flammis
882 2960 976 3000 opera
996 2952 1112 2989 omnia
1134 2950 1278 2999 lustras,

327 3012 445 3054 Tuque
467 3002 595 3039 harum
609 3031 618 3046 ‚
647 3016 717 3043 (rc.

278 3086 476 3122 Caeterum
500 3079 687 3126 imaginem
708 3079 790 3116 solis
809 3080 922 3126 dixit,
950 3082 1130 3132 utVirgil.
1150 3082 1314 3122 libam.

279 3134 460 3174 IEneidos
483 3132 670 3180 imaginem
695 3136 835 3168 Lanae.-

333 3221 424 3255 Sicut
442 3228 552 3265 aquae
573 3214 763 3251 tremulum
780 3214 886 3253 labris
908 3216 967 3253 ubi
988 3216 1104 3254 lumen
1124 3217 1246 3257 ahenis

332 3269 403 3307 Sole
420 3267 659 3316 repercuſjum‚
687 3276 750 3303 aut
769 3266 944 3307 radiantis
963 3267 1114 3318 imagine
1135 3275 1264 3309 Lunae.

2248 797 2385 871 Qui-

1346 933 1409 972 De
1429 944 1499 983 qua
1529 931 1722 970 locutione
1751 938 1924 979 peracute
1953 931 2019 970 suo
2042 943 2148 970 more
2171 931 2284 978 Julius
2306 933 2391 972 Sca-

1345 984 1435 1034 liger
1455 985 1509 1021 vir
1530 984 1693 1021 summus
1717 984 1772 1021 his
1796 982 1936 1022 verbis:
1966 987 2031 1020 An
2054 987 2160 1021 Po'eta
2174 984 2304 1031 sciebat
2326 984 2387 1022 hoc

1344 1035 1370 1073 a
1403 1034 1612 1084 Philofiiphis
1643 1033 1843 1082 disputari,
1887 1032 2049 1071 tamenne
2079 1048 2129 1072 res
2148 1033 2191 1081 fit
2210 1035 2386 1084 quaedam

1335 1088 1460 1135 suapte
1482 1097 1614 1123 natura
1645 1085 1785 1132 existens
1805 1101 1817 1122 .·
1855 1084 1894 1123 id
1915 1085 2004 1135 quod
2029 1085 2071 1132 est
2104 1086 2216 1122 veluti
2245 1086 2332 1123 color
2351 1087 2390 1123 in

1345 1137 1453 1175 herba
1470 1137 1597 1174 viridis
1611 1165 1622 1182 ,
1649 1149 1696 1173 an
1716 1137 1828 1185 imago
1855 1138 2031 1187 quaedam
2055 1137 2194 1186 corporis
2215 1135 2360 1174 lucentis
2373 1146 2390 1176 ἒ

1347 1189 1503 1237 qualitas
1522 1189 1565 1235 est
1586 1187 1756 1226 viriditas
1783 1188 1823 1226 in
1841 1187 1974 1236 speculo
1994 1216 2005 1233 ‚
2034 1202 2076 1226 ex
2097 1202 2178 1224 vero
2201 1187 2323 1225 herbae
2340 1201 2394 1225 co-

1346 1240 1415 1277 lore
1435 1253 1587 1278 manans
1602 1267 1612 1284 ‚
1637 1239 1761 1277 idcirco
1792 1245 1914 1276 Lunae
1936 1239 2122 1288 imaginem
2148 1239 2265 1276 lumen
2284 1239 2396 1287 ipsum
2420 1238 2423 1239 ⁷

1347 1291 1520 1329 intellexit
1550 1320 1561 1337 ‚
1599 1301 1639 1328 ut
1655 1289 1725 1340 sit,
1752 1290 1873 1327 lamen
1897 1292 1934 1327 in
1959 1290 2180 1339 laquearibus
2196 1290 2252 1338 effe
2273 1296 2395 1328 Lunae

1344 1342 1533 1391 imaginem
1546 1351 1717 1392 exceptam
1728 1352 1832 1390 atque
1843 1342 2072 1390 repercussam.
2099 1341 2196 1378 Libet
2208 1369 2218 1385 ,
2228 1341 2395 1387 inquam,

1347 1397 1491 1431 Po'e'tam
1497 1393 1605 1442 supra
1625 1392 1791 1430 trivialia
1804 1392 1941 1440 ingenia
1952 1392 2175 1440 interpretari
2191 1420 2200 1436 ,
2213 1405 2391 1439 nusquam

1347 1445 1438 1482 enim
1461 1448 1568 1493 Musa
1596 1443 1693 1481 illius
1713 1443 1860 1481 mortale
1887 1443 2076 1494 quicquam
2093 1444 2211 1492 fimat.
2265 1443 2321 1480 Ex
2340 1443 2396 1481 his

1347 1508 1438 1535 vero
1457 1496 1704 1544 Scaligerianis
1727 1503 1827 1543 patet
1846 1522 1857 1540 ,
1884 1506 1996 1544 quam
2028 1506 2113 1532 vere
2133 1493 2307 1541 scripserit
2324 1493 2398 1531 Po-

1345 1547 1491 1586 litianus
1513 1548 1551 1584 in
1575 1546 1817 1584 Miscellaneis
1833 1573 1843 1591 ,
1869 1556 1950 1594 cap.
1975 1558 2032 1583 nr.
2063 1546 2095 1582 ei
2117 1545 2396 1594 quiPoe'tarum

1351 1599 1698 1647 interpretationem
1731 1597 1873 1645 suscipit
1896 1624 1905 1642 ,
1933 1607 2011 1634 non
2031 1596 2297 1645 prospiciendas
2315 1596 2401 1634 Phi-

1349 1650 1592 1698 losophorum
1616 1648 1734 1686 modo
1758 1648 1937 1693 familias,
1964 1647 2399 1694 sediurisconsultorum,

1349 1702 1442 1739 item
1475 1701 1513 1738 &
1546 1699 1839 1738 Dialefficorum
1863 1727 1874 1744 ,
1902 1700 1942 1736 &
1966 1700 2180 1749 quicunque
2208 1697 2401 1736 doctrinae

1350 1752 1453 1790 illurn
1492 1750 1622 1789 orbem
1659 1751 1834 1796 faciunt,
1873 1761 1968 1800 quae
1999 1761 2177 1789 vocamus
2211 1749 2404 1799 Encyclia.

1353 1804 1553 1841 SALVAGN.

1406 1879 1423 1915 7
1432 1879 1465 1917 3.
1492 1866 1766 1918 circumdata]
1797 1865 2018 1916 circumflua
2040 1867 2182 1905 Moreti
2203 1866 2336 1906 codex.

1407 1943 1465 1979 74.
1496 1938 1664 1978 Lunaque
1682 1945 1772 1981 quae
1791 1945 1992 1983 numquam
2005 1959 2015 1977 ,
2042 1931 2214 1982 quoprius
2232 1945 2286 1969 ore
2299 1959 2309 1977 ‚
2332 1931 2402 1969 mi·

1355 1983 1450 2032 cas.]
1482 1983 1702 2020 Maffeianus
1723 1982 1784 2020 lib.
1804 1982 1903 2027 orbe,
1932 1994 2011 2020 non
2042 1995 2108 2020 ore.
2138 1981 2332 2022 Libentius
2348 1982 2403 2028 see

1356 2045 1464 2082 quor.
1484 2034 1578 2070 libro
1599 2045 1660 2070 xv.
1691 2033 1789 2070 Met.

1410 2121 1483 2152 Nec
1501 2122 1566 2161 par
1581 2142 1590 2157 ‚
1618 2123 1683 2149 aut
1704 2114 1823 2149 eadem
1845 2114 2031 2148 nocturnae
2042 2113 2164 2159 fhrma
2185 2111 2326 2149 Dianae

1409 2165 1480 2209 Esse
1492 2162 1595 2208 potest!
1606 2174 1777 2208 umquam
1791 2189 1802 2202 ,
1823 2163 2020 2212 semperque
2039 2164 2204 2199 hodierna
2222 2165 2381 2214 sequente
2391 2163 2405 2207 ζ

1408 2213 1442 2248 Si
1462 2211 1598 2260 crescit,
1627 2211 1740 2248 minor
1752 2211 1818 2260 cst.-
1846 2213 1982 2261 major,
2022 2226 2033 2249 ι
2055 2214 2229 2252 contrahit
2251 2214 2378 2253 orbem.

1357 2279 1404 2318 Et
1425 2278 1461 2316 in
1485 2277 1594 2325 Epist.
1617 2290 1663 2316 It.
1686 2290 1720 2325 ς.

1412 2347 1515 2378 Luna
1536 2352 1660 2391 quater
1679 2342 1788 2381 latuit
1801 2371 1811 2388 ‚
1838 2353 1907 2382 toto
1927 2354 2052 2394 quater
2071 2345 2146 2384 orbe
2165 2346 2329 2387 recrevit.

1363 2410 1536 2448 CrofAN.
1588 2411 1689 2460 Quia
1719 2410 1837 2450 modo
1862 2422 2009 2451 curuata
2036 2413 2072 2451 in
2093 2425 2255 2458 cornua,
2285 2410 2403 2450 modo

1359 2473 1477 2509 aequa
1502 2463 1674 2508 portione
1695 2461 1807 2501 divisa
1827 2491 1838 2508 ‚
1877 2464 1996 2502 modo
2021 2463 2158 2502 finuata
2178 2466 2216 2502 in
2247 2463 2375 2501 orbern
2395 2488 2406 2505 ,

1360 2512 1544 2549 maculosa
1570 2541 1581 2557 ‚
1619 2513 1826 2563 eademque
1849 2513 1967 2552 subito
1986 2515 2214 2563 praenitens,
2242 2515 2405 2552 immen-

1360 2563 1394 2601 sa
1416 2563 1504 2600 orbe
1527 2563 1638 2612 pleno
1662 2593 1672 2609 ‚
1708 2576 1750 2603 ac
1776 2573 1928 2613 repente
1957 2565 2054 2603 nulia
2074 2593 2085 2610 ,
2121 2564 2209 2603 alias
2239 2575 2404 2612 pernox,

1363 2613 1448 2652 alias
1469 2613 1541 2652 sera
1557 2643 1568 2660 ‚
1596 2616 1634 2653 ὅ(
1657 2624 1757 2664 parte
1779 2615 1851 2653 diei
1872 2615 1963 2655 Solis
1991 2616 2113 2654 lucem
2134 2615 2334 2664 adjuvans,
2364 2621 2405 2652 ut

1365 2665 1550 2714 eleganter
1571 2666 1734 2715 loquitur
1752 2667 1887 2704 Plinius
1905 2666 1965 2704 lib.
1982 2679 2028 2704 11.
2066 2667 2204 2704 Histor.
2223 2665 2408 2707 naturalis,

1367 2728 1444 2764 cap.
1466 2727 1502 2766 9.
1530 2717 1730 2756 SALVAGN.
1768 2719 1846 2765 §zuo
1860 2716 1957 2768 prius
1981 2716 2057 2753 orbe
2078 2718 2215 2764 Regius
2238 2718 2274 2754 ἃ
2299 2715 2407 2754 multi

1368 2767 1486 2805 editi:
1534 2769 1661 2806 eadem
1701 2768 1852 2806 varietas
1883 2767 1978 2816 apud
2009 2767 2092 2806 Val.
2124 2767 2241 2805 Frate.
2270 2780 2315 2805 ix.
2347 2778 2408 2813 57.

1370 2818 1503 2856 Nullus
1528 2820 1567 2856 in
1588 2819 1664 2856 orbe
1691 2818 1805 2856 rubor.
1834 2819 1895 2855 ubi
1925 2818 2025 2865 plura
2054 2818 2231 2856 dicemus.
2259 2829 2330 2854 nos
2351 2829 2404 2853 ore

1369 2870 1619 2918 praetulimus.
1648 2882 1714 2918 pro
1733 2869 1839 2906 micas
1859 2869 1968 2907 etiam
1985 2870 2119 2919 Regius
2134 2880 2246 2912 unus,
2275 2880 2382 2906 meas.

1423 2948 1480 2985 75.
1508 2935 1752 2984 Reverentia]
1795 2940 1996 2976 Veneranda
2039 2940 2267 2978 Petavianus.

1424 2999 1482 3045 76.
1512 3002 1679 3048 Quaeque
1709 3010 1830 3038 ratum
1872 3001 1999 3051 triplici
2022 3003 2137 3052 pellice
2166 3005 2253 3041 netis
2289 3002 2405 3053 opus]

1371 3049 1496 3087 Parcas
1519 3050 1693 3098 fignificat
1716 3065 1724 3088 ε
1754 3052 1892 3096 Cloto,
1922 3053 2094 3090 Lachefin
2112 3081 2121 3096 ‚
2150 3054 2187 3091 ὃς
2211 3057 2381 3101 Atropon
2399 3081 2409 3098 ‚

1371 3101 1473 3137 Caeli
1495 3099 1581 3137 filias
1603 3114 1647 3138 ex
1674 3102 1877 3141 Themide.
1906 3103 2079 3148 Apollod.
2100 3104 2193 3141 libro
2217 3107 2337 3154 primo
2350 3105 2412 3142 Bi-

1371 3151 1500 3188 bliotlm
1530 3151 1697 3189 Crorm.
1724 3154 1917 3203 Perperam
1944 3153 2062 3202 scripti
2096 3155 2266 3202 codices,
2300 3157 2416 3194 nec‘lis.

1371 3200 1574 3239 Medicam.
1595 3203 1738 3242 Faciei:

1424 3271 1613 3320 Affiduum
1640 3273 1727 3311 duro
1743 3271 1860 3323 pollice
1881 3272 1983 3311 nebat
2004 3281 2096 3323 opus.
2374 3323 2399 3364 s

2390 3335 2424 3364 ic
