2547 3708
276 176 341 230 80

713 147 771 202 P.
850 139 1272 201 OVIDII
1345 138 1882 198 NASONIS

564 249 750 319 thue
775 247 860 300 vel
891 242 1216 315 Eurydamas
1241 254 1322 296 ter
1348 241 1551 296 circum
1573 241 1719 296 busta
1743 240 2007 316 Thrasylli

635 321 729 378 Est
754 316 1027 375 Lariffaeis
1049 328 1226 387 raptus
1249 315 1312 369 ab
1338 313 1484 369 hoste
1508 315 1657 371 rotiS.

277 543 339 583 lib.
359 556 412 580 vr.
429 542 484 580 16.
511 537 731 577 Adimantus
750 536 861 574 etiam
880 534 1042 574 Platonis
1064 534 1174 571 frater
1192 534 1316 572 Laert.

279 608 345 633 111.
367 608 398 640 4.
428 589 898 639 Alius‚quitestamentum
933 584 1178 631 Theophrasti
1209 596 1317 621 com-

279 657 394 691 mune
416 644 582 681 servaret.
601 651 636 678 v.
661 649 720 687 57⁷,
744 639 819 676 hoc
831 646 919 683 ergo
932 646 1074 673 nomen
1098 633 1227 682 Asopo
1249 647 1318 684 po-

277 697 348 734 tuit
367 695 450 733 dare
471 692 568 730 Naso
583 719 593 737 ,
623 690 683 728 vel
702 689 747 726 ab
768 688 842 726 alio
862 688 989 725 datum
1004 686 1207 734 praeferre,
1233 686 1320 735 quia

279 758 345 795 per
373 745 544 792 ambages
562 751 715 780 caecum
729 740 805 777 hoc
824 748 973 776 carmen
994 735 1128 775 emisit.
1162 736 1316 775 Obstare

279 796 417 845 potest,
446 793 548 844 quod
568 793 707 831 dicatur
720 801 831 839 regna
849 787 1005 828 tenuifle
1027 785 1174 825 Phliasia
1189 815 1199 831 ‚
1227 800 1314 827 cum

279 847 337 884 alii
367 846 550 884 advenam
588 843 648 881 vel
683 841 908 891 inquilinum
940 839 1118 877 Phliuntis
1154 838 1311 883 faciant,

275 899 479 944 Regetunc
500 896 650 933 Arante.
696 892 767 930 Sed
800 891 923 941 potuit
944 890 1035 929 alios
1059 889 1225 928 auderes
1258 890 1311 929 se-

277 957 382 985 cutus
406 945 476 985 esse
499 945 673 984 Ovidius.
696 943 828 980 Bunm.
910 990 912 992 v

333 1010 417 1047 331.
446 1002 526 1034 Aut
547 1006 585 1033 ut
607 993 882 1042 Amastriacis]
914 992 1085 1030 Lenaeus
1106 992 1188 1029 Rex
1202 991 1318 1030 Ama-

278 1050 425 1088 stricum
455 1056 580 1097 captus
609 1045 629 1083 a
653 1044 867 1082 Mithridate
892 1043 1163 1092 Paphlagoniae
1192 1045 1315 1091 Rege,

276 1100 407 1138 socero
428 1099 593 1142 Achillis,
624 1097 661 1134 in
684 1096 806 1132 Ponto
834 1094 945 1132 insula
975 1094 1068 1132 solus
1085 1092 1230 1132 relictus
1249 1094 1321 1142 est,

279 1152 342 1190 ubi
366 1152 465 1189 fame
487 1148 617 1198 periit,
645 1155 684 1185 ut
707 1145 909 1184 Favorinus
931 1146 1003 1182 ait:

275 1255 286 1265 ,,
331 1217 420 1265 Veste
437 1217 573 1268 ciboque
593 1228 709 1253 carens
728 1221 902 1258 Lenaeus,
933 1226 1009 1251 cum
1033 1224 1152 1251 tamen
1175 1214 1249 1265 effet

379 1274 452 1308 Rex
466 1297 477 1314 ,
505 1266 605 1319 quasi
617 1265 763 1305 Nicocles
776 1294 787 1312 ,
815 1265 881 1302 hac
900 1277 1030 1314 quoque
1049 1275 1158 1302 morte
1168 1266 1271 1315 perit,

276 1338 515 1376 laumas.
546 1337 688 1375 Anium
707 1335 875 1383 intelligit
890 1334 1020 1372 Bacchi
1043 1344 1292 1383 pronepotem
1308 1358 1320 1376 ‚

276 1390 302 1426 st
327 1401 413 1427 cum
447 1387 578 1426 Codro
607 1400 684 1425 non
708 1387 868 1424 fallimur
891 1413 902 1430 ,
930 1385 975 1423 de
994 1387 1132 1434 quoita
1155 1385 1316 1424 fabulam

274 1440 367 1477 texit
389 1440 581 1477 Diodorus
609 1438 671 1475 lib.
691 1450 746 1474 vr.
781 1435 958 1486 staphyle
986 1448 1028 1474 ac
1056 1435 1319 1483 Chrysotheidi

274 1491 422 1528 tradunt
453 1488 556 1528 fuiffe
586 1488 674 1527 filias
702 1497 772 1526 tres
799 1515 809 1532 ‚
847 1487 1106 1535 Molpadiam,
1146 1487 1317 1533 Rheam,

272 1541 516 1579 l‘arrheniam.
555 1539 698 1577 Rheam
720 1539 763 1576 ab
786 1538 961 1586 Apolline
981 1536 1222 1585 compressam
1237 1551 1319 1588 gra-

271 1591 396 1630 vidam
419 1590 489 1630 effe
506 1590 655 1629 factam.
710 1591 853 1627 Patrem
877 1590 1009 1627 iratum
1025 1617 1036 1633 ,
1063 1597 1241 1637 tanquam
1273 1591 1318 1628 ab

271 1640 431 1680 homine
450 1650 660 1691 corruptam
675 1669 684 1684 ‚
712 1640 822 1678 filiam
846 1641 882 1678 in
896 1651 977 1677 arca
990 1639 1163 1677 inclusam
1188 1641 1223 1678 in
1239 1652 1317 1679 ma-

273 1705 312 1731 re
331 1692 499 1741 dejecisse
513 1720 524 1738 ,
551 1703 743 1741 quaecum
758 1693 796 1729 in
809 1690 944 1729 Delum
960 1688 1148 1739 appuliffet
1162 1718 1172 1735 ,
1200 1690 1316 1731 filiurn

271 1746 412 1793 peperit
438 1745 594 1782 nomine
623 1743 777 1781 Anium.
831 1742 969 1779 Mulier
998 1750 1139 1788 praeter
1159 1743 1311 1790 opinio-

271 1806 358 1833 nem
382 1795 534 1833 salutem
567 1791 752 1838 assecuta,
779 1793 921 1831 infante
941 1792 1020 1841 post
1040 1801 1184 1840 parrum
1209 1792 1311 1841 supra

269 1845 456 1895 Apollinis
486 1846 597 1883 altare
636 1843 781 1893 posito,
810 1844 936 1880 Deum
960 1844 1105 1886 oravit,
1134 1844 1190 1880 uti
1218 1843 1243 1880 fi
1264 1856 1310 1882 ex

270 1909 319 1934 eo
340 1898 483 1945 genitus
510 1893 597 1933 effer
619 1922 631 1940 ,
684 1894 851 1932 servaret.
903 1893 1118 1941 Apollinem
1149 1893 1278 1932 dicunt
1299 1923 1310 1940 ,

268 1947 481 1985 abscondito
508 1946 650 1984 infante
672 1972 682 1988 ,
717 1945 795 1994 ejus
814 1941 995 1982 educandi
1015 1955 1138 1982 curam
1163 1944 1307 1993 cepisse.

268 1998 501 2044 donumque
541 1996 677 2034 deinde
709 1995 900 2032 divinandi
927 2004 1043 2032 artem
1073 2007 1210 2043 magno
1240 1998 1309 2033 ho-

267 2060 358 2087 nore
390 2045 559 2086 affecisse.
610 2044 800 2083 Hae‘tenus
834 2044 1034 2082 Diodorus.
1071 2045 1151 2093 lege
1182 2053 1306 2085 autem

268 2112 347 2137 non
369 2097 531 2136 Achillea
554 2096 683 2140 humo,
710 2096 771 2134 sed
801 2094 1008 2145 Apollinea,
1037 2094 1175 2133 Delum
1201 2096 1308 2134 intel-

265 2151 380 2198 ligens
403 2176 414 2193 ,
450 2148 509 2185 ubi
531 2148 657 2184 Anius!
675 2158 695 2183 a
723 2155 839 2183 matre
865 2145 1009 2183 relictus
1033 2145 1115 2183 fuit.
1170 2147 1251 2184 Nec
1268 2156 1305 2185 te

267 2201 384 2250 fugiat
404 2199 619 2247 Stapliylum
641 2196 730 2234 Anii
752 2207 889 2239 avum,
928 2195 1057 2232 Bacchi
1082 2195 1197 2233 filium
1221 2197 1304 2234 fuis-

265 2252 312 2289 se.
341 2249 438 2288 unde
460 2255 612 2286 Lenaeus
632 2248 707 2284 hoc
727 2248 814 2284 loco
838 2245 1186 2293 Aniusappellatur‚
1214 2246 1306 2283 Bac-

267 2304 326 2340 chi
348 2311 556 2350 pronepos;
597 2298 656 2336 cui
678 2297 801 2334 Lenaei
821 2307 1035 2346 cognomen
1055 2296 1103 2334 est
1119 2295 1277 2334 inditum
1292 2325 1303 2341 ‚

267 2353 344 2390 ἀπὸ
356 2354 418 2389 τοῦ
428 2351 562 2393 Λήνου,
592 2349 629 2387 id
648 2348 696 2386 est
709 2348 820 2386 alacu
835 2375 845 2389 ‚
874 2357 912 2384 ut
927 2347 1072 2385 Servius
1086 2375 1097 2391 ‚
1125 2347 1300 2386 Eusebius

266 2401 508 2442 &Diodorus
535 2400 705 2438 scribunt.
759 2398 948 2436 Interdum
980 2397 1186 2434 Limnaeum
1208 2410 1300 2436 eun-

265 2455 352 2493 dem
382 2454 492 2491 deum
519 2452 675 2500 legimus
706 2449 925 2497 appellatum
948 2460 967 2485 a
991 2449 1134 2486 Limnis
1156 2449 1301 2486 Atticae

262 2507 350 2544 vico
366 2532 375 2547 ‚
402 2504 463 2541 ubi
473 2503 655 2549 templum
665 2500 810 2543 habuit,
836 2500 924 2537 teste
938 2499 1184 2545 Aristophanis
1195 2511 1302 2537 com-

265 2555 523 2594 mentatorein
545 2553 671 2589 Ranis.
700 2551 850 2588 Cons‘r.
873 2550 964 2586 Fau.
994 2549 1094 2586 Str-ab
1145 2550 1203 2587 lib,
1229 2562 1325 2588 xrr..

267 2606 365 2646 Meri
379 2606 397 2655 ᾗ
419 2608 470 2644 τὸν
482 2605 650 2654 παρθένιον
662 2602 814 2652 ποτ-σιμός
831 2601 894 2641 ε’ςιν
906 2598 1081 2652 peltas-gie
1096 2633 1102 2645 ,
1119 2599 1289 2651 ὁμώνυμος

269 2656 534 2711 νθσυμῳκηκῦιοις
557 2659 689 2699 πόλεως.
725 2659 768 2693 ht
791 2656 925 2693 rursum
942 2670 950 2692 z
988 2649 1291 2708 ΗῗνόἦᾸΙμωςζις

270 2714 362 2760 tymni
374 2718 432 2764 μὲν
452 2714 617 2752 Διονυσίου
636 2716 694 2751 τοῦ
707 2707 913 2763 Η’ςοικλειόις
926 2709 1077 2760 τυράννου
1088 2741 1099 2760 ‚
1131 2710 1293 2764 θυγάτηρ

269 2771 287 2820 ᾖ
307 2768 512 2821 Ὀξυοίτξου,
546 2772 602 2807 τοῦ
621 2762 743 2820 Δσιξεῖὅ
763 2764 907 2813 diemo&
926 2769 983 2803 τοῦ
999 2770 1045 2816 »ἐξ
1067 2765 1293 2818 Α’λέξαινὸξον,

267 2829 342 2862 ὕες.
394 2824 532 2860 Eadem
555 2826 591 2860 ὅ(
614 2823 737 2870 Stepb.
757 2819 822 2857 nisi
845 2819 947 2867 quod
969 2821 1065 2866 apud
1087 2821 1188 2858 illum
1213 2833 1295 2859 cor-

268 2884 373 2923 rupte
386 2874 555 2914 Σικελῖκς
569 2901 578 2915 ,
605 2884 672 2921 pro
692 2868 911 2913 H‘pauam'xq
932 2869 1102 2909 scribitur.
1130 2871 1213 2909 Fuit
1234 2883 1299 2910 au-

269 2935 345 2964 tem
361 2924 490 2962 eadem
503 2924 592 2960 haec
606 2923 684 2960 urbs
700 2950 710 2966 ,
738 2921 888 2965 Κρώμνοι
904 2921 1100 2968 aliquando
1113 2921 1207 2959 dieta
1222 2950 1231 2964 ‚
1258 2930 1299 2959 ut

267 2975 365 3024 apud
393 2975 516 3012 Hom.
563 2974 729 3016 Κρώμνειν
757 2973 792 3007 τ’
820 2971 1004 3015 Αἰγῖκλόν
1034 2969 1088 3015 τ’,
1130 2974 1193 3007 καῖ
1213 2972 1299 3015 ὑψῆ-

270 3031 354 3068 λσῦς
375 3024 556 3070 Ερυῦῑυσυς.
584 3022 871 3069 autorStephan.
891 3022 1058 3060 Tametsi
1079 3023 1214 3060 rursum
1231 3025 1300 3061 Ar-

269 3079 388 3114 rianus
407 3077 443 3113 in
466 3074 634 3121 periplo.
663 3071 734 3109 five
777 3073 965 3110 itinerario
989 3073 1121 3110 Euxini
1137 3103 1146 3116 ‚
1176 3074 1297 3112 diver-

265 3130 316 3166 sas
337 3127 444 3166 faciat
475 3124 671 3163 Amastrim
696 3124 733 3160 &
755 3122 979 3161 Crornnam.
1026 3124 1096 3162 Sed
1114 3126 1187 3161 hoc
1206 3125 1297 3162 nihil

269 3179 313 3214 ad
344 3189 420 3215 rem
451 3175 686 3224 praesentem.
738 3173 912 3210 Micrtz.
952 3176 1152 3213 Domitius,
1179 3180 1298 3212 Ama-

270 3229 355 3275 strix
377 3227 456 3266 urbs
475 3226 517 3272 eli
535 3226 573 3264 in
589 3223 769 3276 peninsula
783 3251 795 3269 ,
823 3223 949 3261 habens
965 3234 1082 3273 portus
1099 3238 1139 3263 ex
1150 3236 1298 3277 utraque

2156 413 2259 464 335
2298 395 2407 453 Vel

1366 541 1469 582 parte
1490 561 1501 578 ,
1537 546 1646 583 quam
1683 533 1836 572 condidit
1866 535 2076 583 Amastris,
2120 539 2289 587 Oxyartis
2303 541 2407 588 filia,

1373 597 1462 620 uxor
1485 583 1641 633 Dionyfii
1662 586 1821 633 Tyranni
1855 585 2086 636 Heracliensis.
2140 590 2203 626 Hic
2222 591 2408 642 Dionysius

1375 638 1526 672 Lenaeus
1547 635 1657 674 dicius
1677 636 1744 682 eli,
1771 636 1831 685 qui
1849 637 2007 687 expulsus
2033 637 2059 675 ιὶ
2083 639 2316 688 Mithridate,
2341 658 2407 681 au-

1368 684 1739 742 fugit-inA'xmAs‘wg
1771 688 1917 734 δρόμον,
1945 689 2123 735 inlocum,
2152 705 2251 742 quem
2265 697 2405 744 cursum

1375 736 1528 792 Achillis
1546 736 1718 786 appellant
1739 766 1750 782 ,
1786 739 1845 776 ubi
1863 739 1889 776 a
1899 740 1974 789 suis
2001 741 2148 789 desertus
2165 743 2283 790 periit,
2311 747 2409 785 omni

1371 786 1553 833 destitutus
1580 798 1646 837 ope.
1697 788 1866 828 Zarottus
1896 793 2004 838 paulo
2025 792 2151 837 aliter,
2183 805 2314 834 omnes
2331 797 2408 836 fine

1372 838 1543 894 Authore
1567 865 1577 883 ‚
1605 847 1746 887 praeter
1767 842 2069 880 commentitium
2095 843 2319 884 Favorinum
2343 860 2407 887 ve-

1373 898 1458 926 teris
1489 889 1710 936 Interpretis.
1761 891 1823 929 An
1855 892 2056 942 Dionysius
2086 893 2145 932 ille
2167 923 2178 940 ‚
2206 898 2308 945 cujus
2327 910 2407 938 me-

1375 940 1484 995 minit
1507 940 1634 978 Strabo
1671 940 1732 979 lib.
1770 954 1841 979 xrr.
1875 943 1961 981 ideo
1991 949 2143 981 Lenaeus
2187 946 2230 984 ab
2264 948 2409 989 Ovidio

1375 989 1517 1036 dictus,
1546 990 1648 1039 quod
1668 1001 1826 1040 utroque
1838 996 1992 1032 nomine
2004 994 2164 1033 Bacchus
2186 999 2408 1047 appelletur,

1377 1051 1420 1079 ac
1450 1042 1606 1089 proinde
1626 1041 1726 1080 idem
1757 1043 1923 1082 videatur
1953 1043 2022 1082 effe
2056 1046 2254 1096 Dionyfius
2275 1051 2313 1087 &
2335 1052 2410 1089 Le-

1378 1103 1514 1137 naeus,
1551 1093 1678 1131 haeret
1716 1093 1808 1131 mihi
1836 1106 1942 1144 aqua.
2007 1096 2179 1136 Amastris
2204 1100 2330 1139 civitas
2359 1102 2410 1141 est

1379 1143 1505 1188 Ponti,
1526 1143 1571 1181 de
1591 1155 1664 1192 qua
1684 1142 1909 1183 Straboloco
1926 1147 2037 1184 citato
2051 1175 2062 1191 ,
2093 1149 2278 1189 Memnon
2294 1153 2330 1190 in
2344 1166 2410 1192 ex·

1378 1196 1512 1242 cerpris
1532 1194 1668 1243 aliique
1688 1221 1699 1238 ,
1736 1206 1814 1243 quo
1834 1197 1871 1234 in
1891 1196 2007 1235 tractu
2028 1197 2076 1235 est
2098 1199 2137 1236 ὅτ
2158 1200 2286 1239 Leuce
2310 1203 2411 1242 Insu—

1378 1243 1411 1282 la
1425 1271 1435 1288 ,
1447 1245 1650 1291 Boriflhenis
1658 1245 1733 1293 ostio
1743 1246 1870 1296 objeHa
1884 1275 1893 1290 ,
1918 1256 2034 1297 parva
2045 1249 2252 1297 admodum,
2265 1265 2308 1293 ω’
2319 1256 2412 1302 quod

1376 1294 1425 1332 ibi
1445 1295 1600 1333 Achilles
1606 1295 1695 1345 situs
1711 1297 1775 1342 est,
1797 1298 1960 1335 Achillea
1988 1302 2178 1347 cognomine
2192 1329 2201 1344 ‚
2230 1313 2269 1341 ut
2291 1307 2411 1344 verbis

1377 1354 1457 1384 utar
1477 1347 1678 1395 Pomponii
1698 1348 1823 1386 Melae
1850 1349 1909 1387 lib.
1930 1361 1975 1389 ιι.
2001 1361 2079 1398 cap.
2100 1362 2133 1396 7.
2164 1352 2334 1403 Eamque
2347 1369 2413 1405 per

1376 1397 1580 1435 Achilleam
1606 1398 1756 1436 humum
1776 1399 2022 1438 indubitanter
2049 1401 2209 1441 Ovidius
2232 1406 2414 1456 intelligit.

1376 1448 1493 1498 Cujus
1512 1458 1643 1487 votum
1667 1450 1713 1488 est
1728 1478 1739 1493 ‚
1767 1460 1807 1501 ut
1828 1451 1864 1488 in
1884 1451 1943 1489 illa
1966 1451 2034 1488 Ibis
2044 1452 2163 1491 nudus
2175 1454 2412 1505 destituatur,

1373 1500 1553 1547 quoniam
1573 1527 1583 1543 ‚
1623 1508 1663 1538 ut
1692 1501 1812 1550 inquit
1834 1502 2056 1540 Ammianus
2084 1503 2144 1541 lib.
2165 1517 2263 1545 xxrr.
2292 1510 2412 1558 Insula

1375 1554 1480 1587 Leuca
1501 1552 1576 1600 sine
1602 1551 1855 1589 habitatoribus
1886 1552 1968 1589 ullis
1990 1553 2127 1590 Achilli
2163 1555 2206 1604 est
2236 1558 2410 1601 dedicata.

1373 1605 1417 1636 In
1447 1615 1555 1651 quam
1580 1601 1754 1651 fifuerz'nt
1783 1603 1926 1653 quidam
1937 1605 2034 1649 fhrte
2050 1604 2178 1651 delati,
2209 1608 2290 1656 vifis
2310 1613 2409 1649 anti.

1374 1652 1522 1701 quitatis
1543 1653 1690 1709 pestigiis
1703 1681 1712 1697 ,
1741 1654 1928 1705 temploque
1947 1666 1991 1695 ey
2009 1656 2164 1693 donariis
2179 1658 2286 1697 eidem
2305 1664 2411 1701 Heroi

1373 1705 1574 1748 consecrans
1594 1731 1605 1748 ,
1653 1705 1781 1753 vesperi
1821 1715 1976 1755 repetunt
1996 1718 2115 1744 naves.
2167 1708 2288 1746 Sciunt
2313 1715 2409 1750 anim

1369 1765 1438 1790 non
1447 1752 1522 1802 fine
1539 1753 1739 1803 discm'mine
1757 1754 1853 1792 vitae
1873 1755 1943 1792 illic
1965 1770 2174 1806 quemquam
2198 1764 2409 1807 pernoflare.

1368 1802 1422 1841 Ibi
1442 1815 1605 1852 namque
1623 1805 1722 1843 fama
1742 1815 1817 1843 erat
1840 1806 2039 1844 Achillis&
2059 1808 2214 1847 aliorum
2232 1812 2407 1854 Heroum

1370 1854 1509 1893 animas
1530 1857 1722 1895 εἷλίσσεσθκι
1743 1856 1905 1909 ἐρημαίης
1917 1856 1982 1896 εἶναι’
2001 1855 2130 1902 aesica-0⁶5
2145 1888 2155 1904 ,
2184 1864 2319 1906 versari
2346 1865 2408 1903 de.

1363 1908 1480 1963 sertas
1497 1919 1555 1958 per
1584 1910 1696 1948 valles
1715 1939 1725 1955 ‚
1769 1923 1807 1949 ut
1831 1914 1878 1950 ait
1913 1913 2114 1962 Dionyfius
2137 1915 2406 1957 Alexandrinus

1367 1969 1404 1996 in
1427 1960 1603 2009 Periegefi
1632 1962 1732 1999 versu
1756 1963 1837 2010 546.
1874 1963 2071 2013 ipsumque
2092 1964 2113 2002 a
2140 1966 2262 2005 multis
2285 1968 2322 2005 &
2349 1971 2405 2008 vi·

1366 2008 1443 2047 sum
1466 2013 1503 2048 &
1521 2011 1689 2050 auditum
1704 2011 1774 2050 effe
1787 2022 1930 2051 narrant
1946 2015 2133 2053 Maximus
2147 2017 2284 2062 Tyrius
2299 2019 2408 2061 Orat.

1364 2070 1427 2103 27.
1453 2061 1627 2099 Arrianus
1648 2065 1684 2100 in
1706 2063 1850 2112 Periplo
1863 2064 2130 2105 PontiEuxini.
2174 2068 2277 2116 Quin
2291 2071 2404 2110 etiam

1364 2110 1572 2166 fabulantur
1600 2113 1786 2151 Helenam
1819 2116 1854 2152 in
1881 2126 1922 2152 ea
1944 2116 2060 2153 Insula
2084 2117 2161 2164 post
2182 2120 2324 2157 obitum
2346 2123 2403 2160 A·

1364 2161 1460 2198 chilli
1479 2171 1632 2211 nuptam
1647 2192 1657 2208 ,
1687 2173 1726 2202 ut
1745 2164 1870 2202 videre
1890 2165 1938 2202 est
1968 2167 2062 2212 apud
2084 2167 2338 2208 philostratum
2361 2173 2399 2212 in

1362 2211 1549 2267 Heroicis.
1588 2214 1720 2262 quue
1741 2215 2008 2262 pertinetquod
2020 2216 2207 2256 Pausanias
2225 2220 2260 2256 in
2274 2220 2400 2261 Laco-

1360 2272 1453 2297 nicis
1470 2261 1514 2298 de
1535 2263 1740 2311 Leonymo
1763 2266 2002 2309 Crotoniate,
2033 2267 2171 2306 Conon
2194 2281 2324 2309 narrat.
2341 2274 2400 2313 18.

1360 2310 1407 2348 de
1430 2312 1662 2352 Autoleonte
1681 2315 1853 2362 scriptum
1873 2315 2109 2365 reliquerunt.
2164 2320 2335 2362 Proditur
2356 2326 2397 2364 &

1357 2361 1432 2398 hoc
1453 2363 1670 2402 miraculum
1690 2393 1701 2410 ,
1743 2365 1846 2415 quod
1881 2365 2010 2404 aedem
2043 2370 2177 2409 Achilli
2203 2372 2334 2411 sacram
2356 2377 2396 2414 in

1359 2411 1488 2450 eadem
1515 2414 1629 2452 Insula
1649 2416 1746 2453 nulla
1769 2416 1967 2465 ingreditur
1999 2419 2091 2463 ales,
2120 2422 2157 2458 δε
2180 2433 2273 2470 quae
2294 2425 2393 2464 torte

1359 2462 1589 2502 advolaverit
1614 2467 1742 2514 raptim
1767 2467 1891 2515 fugam
1921 2479 2116 2518 properat,
2143 2473 2229 2509 teste
2261 2473 2392 2515 Solimo

1360 2525 1437 2561 cap.
1455 2526 1515 2553 22.
1545 2515 1665 2554 Plinio
1686 2516 1746 2555 lib.
1765 2530 1815 2555 ιο.
1848 2530 1925 2567 cap.
1945 2530 2008 2567 29.
2045 2533 2129 2559 cum
2154 2523 2292 2569 alioqui
2313 2528 2394 2565 avi-

1358 2563 1421 2602 bus
1448 2566 1607 2604 abundet
1627 2595 1637 2609 ,
1680 2569 1924 2616 quamobrem
1960 2570 2151 2619 Euripides
2186 2575 2390 2617 πολιόρνιέον

1344 2616 1522 2670 appellat;
1553 2618 1589 2653 ὃ(
1608 2616 1691 2654 sane
1711 2618 1805 2656 dista
1827 2620 1875 2656 est
1900 2621 2051 2667 Leuce,
2078 2623 2178 2671 quod
2195 2651 2205 2667 ,
2237 2627 2268 2661 ei
2290 2638 2386 2674 quae

1346 2666 1488 2722 lusum,
1516 2668 1685 2705 animalia
1706 2668 1782 2706 alba
1803 2668 1909 2715 sunt,
1936 2671 2036 2721 quod
2060 2672 2105 2709 de
2129 2673 2255 2717 Laris,
2286 2678 2388 2726 Cyc-

1351 2728 1406 2754 nis
1436 2718 1474 2754 ὅ(
1505 2718 1668 2756 Ciconiis
1710 2721 1965 2767 interpretatur
1999 2722 2159 2761 szes
2184 2725 2221 2762 in
2256 2726 2385 2774 Lyco-

1352 2767 1546 2815 phronem.
1600 2770 1826 2818 Quanquam
1859 2772 2033 2810 Arrianus
2055 2771 2075 2810 a
2096 2775 2222 2812 colore
2245 2776 2385 2819 Insulae

1352 2817 1400 2855 sic
1427 2818 1702 2857 denominatam
1732 2821 1792 2858 ait.
1848 2822 1937 2860 Sunt
1959 2832 2083 2861 autem
2109 2826 2172 2874 qui
2205 2826 2383 2868 Dromon

1354 2869 1508 2907 Achillis
1535 2881 1618 2907 cum
1659 2871 1783 2908 Leuce
1813 2873 2078 2917 confundunt,
2114 2887 2225 2924 quam
2256 2891 2312 2926 ις.
2331 2892 2384 2922 m,

1355 2918 1439 2967 pass’.
1460 2920 1504 2956 ab
1532 2920 1593 2958 illo
1620 2920 1747 2959 distare
1781 2921 1915 2961 Plinius
1935 2925 2067 2963 auihoi·
2090 2927 2139 2963 est
2160 2928 2218 2964 lib.
2240 2940 2274 2972 4.
2301 2941 2382 2979 cap.

1358 2981 1414 3007 12.
1452 2970 1650 3027 SALVAGN.
1680 2971 1884 3018 Amastricis
1903 2986 1994 3013 unus
2008 2976 2161 3014 Heinfii.
2187 2979 2386 3022 Anasiricis

1353 3020 1539 3059 Petavian.
1568 3028 1736 3059 Lernaeus
1756 3024 1894 3062 Sarrav.
1924 3032 2099 3063 Lennaeus
2127 3028 2215 3065 duo.
2236 3031 2385 3079 Lepheus

1355 3071 1551 3109 Ostavian.
1577 3072 1709 3111 deinde
1725 3075 1838 3113 nudus
1859 3077 1994 3114 Acinea
2009 3077 2157 3114 Mureti.
2187 3080 2385 3121 Achannea

1351 3134 1443 3159 unus
1458 3122 1611 3161 Heinfii.
1640 3125 1773 3162 Nescio
1787 3136 1896 3170 vero,
1920 3139 1963 3164 an
1984 3139 2059 3164 non
2078 3128 2306 3169 Mithridates
2318 3133 2383 3172 hic

1352 3173 1594 3229 intelligatur,
1615 3176 1687 3227 ‘qui
1714 3176 1869 3224 Dionyfii
1895 3188 2035 3214 nomen
2064 3179 2173 3217 etiam
2195 3181 2313 3228 cepit,
2341 3185 2383 3223 ὅτ,

1353 3234 1415 3273 qui
1439 3224 1482 3261 ab
1507 3224 1762 3273 Amastriacis,
1789 3227 1824 3265 id
1835 3226 1883 3265 est
1902 3228 2063 3268 Ponticis
2078 3257 2089 3275 ,
2107 3231 2314 3283 regionibus
2339 3235 2386 3283 (a

2284 3293 2387 3337 parte
