2547 3708
14 0 22 49 ι

18 52 21 135 l

605 144 1517 196 PRAEFATIONES.
1950 176 2117 224 ΔΜ).

18 234 19 244 ¹
44 244 247 308 ffefflbvs
278 255 435 296 motus
467 240 648 301 omniS,
683 240 733 288 &
765 239 813 285 in
839 237 1040 303 personis
1060 238 1200 285 decor
1223 239 1413 302 petitur.
1484 238 1595 287 Ideo
1620 238 2001 307 Theophrastus,
2035 250 2111 311 qui

50 321 253 370 ivinitate
271 308 487 376 loquendi
509 322 679 354 nomen
701 306 907 363 invenit,
931 320 1027 351 non
1052 303 1142 350 fine
1164 303 1293 350 causa
1316 304 1562 351 lectionem
1586 308 1832 369 poetarum
1860 311 2109 373 plurimum

47 387 131 434 ixit
154 379 325 429 oratori
345 374 567 427 conferre.
637 372 702 419 Et
729 371 919 418 Marcus
944 370 1115 417 Cicero
1138 367 1375 416 facundiae
1396 370 1722 436 literarumque
1746 390 1902 437 parens
1917 409 1930 434 ,
1966 377 2012 422 in
2035 394 2111 422 eo-

42 466 115 498 um
150 445 341 494 lectione
374 436 652 502 requiescere
677 434 806 482 illum
832 434 998 481 debere
1017 435 1310 481 existimavit.
1380 434 1511 494 Quid
1540 437 1746 484 Ennius?
1784 456 1935 486 nonne
1949 440 2114 502 suffia<

38 511 262 579 ppellabat
288 503 464 568 poetas?
501 501 626 566 quod
660 504 774 563 qzmst
803 501 967 547 deorum
997 502 1134 561 aliquo
1155 500 1254 546 dono
1278 511 1401 563 atque
1426 517 1589 549 munere
1615 506 1885 551 commendati
1908 508 2019 552 nohis
2042 508 2114 566 effi>

43 581 243 626 ideantur.
291 572 495 633 Majores
516 570 653 615 etiam
679 567 823 611 [olum
854 567 1041 628 poetam
1065 563 1211 627 ipsum
1238 564 1487 628 sapientem
1511 569 1597 614 esse
1617 569 1907 617 assi-‘ruerunt
1945 572 2110 630 Qium

18 645 154 708 igitur
183 654 278 686 earn
311 634 607 692 facultatem,
643 645 732 678 tam
761 630 978 677 illustrem
996 663 1011 688 ,
1046 642 1140 676 tam
1166 630 1360 690 claram,
1396 644 1490 678 tam
1514 635 1805 681 commodam
1831 636 1915 682 elle
1939 637 2110 683 intelli-

17 708 189 764 oeiiem,
223 704 464 768 poetarum
500 699 696 761 aliquem
733 697 838 742 viva
874 701 953 756 (ut
976 695 1131 758 ajunt)
1167 711 1283 741 voce
1304 695 1477 759 semper
1500 701 1715 745 enarravi,
1786 702 1913 747 Nar-n
1939 718 1994 749 ex
2019 719 2114 766 quo

17 747 215 833 {iempore
237 769 263 814 a
287 764 527 822 clariffimo
551 775 676 827 patre
695 774 779 807 tuo
803 761 1010 824 praevius
1033 759 1081 806 ὃς
1104 759 1197 805 dux
1221 762 1465 807 excolendi
1488 763 1662 826 ingenii
1685 765 1813 813 datus
1832 765 1926 812 sum
1950 768 2036 814 tibi
2061 783 2112 813 ac

17 835 184 895 Iacobo
210 833 366 889 fratri,
401 828 665 876 excellentis
685 826 861 888 ingenii
882 825 1186 882 adolescenti,
1221 824 1385 888 sumpfi
1410 840 1514 873 ante
1536 831 1719 888 omnia,
1753 847 1809 877 ex
1838 833 2041 879 Platonis
2065 833 2112 878 ἓξ

17 902 143 948 Fabii
176 898 424 953 sententia,
459 893 657 957 parentis
691 891 927 936 animum:
960 891 1210 953 curavique
1244 891 1291 935 in
1327 892 1515 954 primis,
1549 907 1603 940 ut
1627 895 1814 941 honeste
1836 897 1889 942 ad
1913 897 2113 960 discipli-

45 982 114 1012 am
151 959 572 1027 proficisceremini.
653 955 838 1003 Deinde
863 988 878 1014 ,
923 968 976 1001 ut
1016 972 1101 1017 pro
1135 955 1254 1001 virili
1288 970 1416 1018 parte
1450 957 1702 1020 plurimum
1742 961 2028 1023 proficeretis
2067 965 2112 1009 in

16 1028 257 1089 his-{studiis
281 1026 471 1083 nostris,
507 1038 620 1086 quae
657 1027 739 1083 (ut
776 1020 840 1066 est
864 1020 984 1084 apud
1007 1020 1316 1076 Ciceronem)
1352 1020 1657 1081 αιίοῖεβεεῑιτίὶηηι
1682 1038 1838 1086 agant,
1875 1028 2111 1073 ,fenebi‘atem

35 1090 236 1154 blefflant,
258 1091 458 1156 secundas
490 1105 554 1135 res
592 1097 768 1145 ornant,
803 1087 987 1146 adveifis
1013 1085 1250 1147 perfrigimur
1282 1086 1540 1145 assolatium
1559 1091 1786 1149 praebent,
1819 1093 2018 1138 cleleffmzt
2041 1094 2112 1138 do·

54 1163 96 1218 ἲ,
130 1176 208 1206 non
238 1158 460 1218 impediunt
484 1153 622 1215 foris,
649 1156 891 1213 pernoaemzt
919 1151 1120 1211 nobiscum
1145 1184 1159 1209 ,
1197 1154 1541 1212 peregrinantur,
1575 1155 1838 1213 rusticamur.
1909 1158 1971 1202 Et
1997 1173 2113 1218 quo-

16 1226 131 1281 niam
173 1222 324 1269 nostra
363 1235 500 1282 opera
524 1234 574 1264 ea
594 1217 851 1263 eruditione
871 1231 922 1261 ac
948 1214 1157 1261 doetrina
1180 1216 1352 1278 polles,
1386 1229 1438 1261 ut
1465 1233 1588 1263 nunc
1612 1220 1658 1264 in
1681 1220 1899 1266 Patavino
1923 1237 2114 1283 gvmna-

17 1281 76 1336 fio
107 1286 381 1334 DialeSticae
419 1282 574 1330 studiis
610 1279 877 1338 incumbas,
914 1296 1036 1326 nunc
1071 1279 1096 1325 a
1130 1280 1262 1326 nobis
1287 1281 1592 1343 eloquentiam
1618 1283 1818 1330 haurias:
1855 1278 2114 1348 quo'quum

17 1352 306 1419 postmodum
340 1366 436 1396 eam
475 1347 750 1411 dignitatern
789 1345 1009 1392 assecutus
1043 1343 1206 1403 fueris,
1241 1345 1293 1391 ad
1327 1362 1460 1408 quam
1496 1347 1765 1410 propediem
1793 1361 1840 1395 te
1864 1363 2115 1412 perventu-

18 1417 114 1477 r'um
148 1417 404 1480 speramus,
440 1428 598 1460 omnes
633 1427 728 1457 non
764 1410 866 1473 plus
891 1410 1144 1456 ornamenti
1170 1410 1225 1455 ab
1249 1427 1300 1456 ea
1323 1422 1368 1456 te
1391 1411 1610 1474 accepisse
1627 1446 1640 1471 ,
1676 1429 1807 1476 quam
1835 1414 1980 1459 eidem
2006 1429 2122 1459 con-

19 1483 162 1541 tuliffe
192 1480 481 1543 intelligant,
518 1493 611 1523 non
635 1475 816 1539 poffum
843 1474 1063 1538 smenon
1089 1475 1302 1538 gaudere.
1372 1477 1496 1521 Nam
1533 1482 1611 1537 (ut
1637 1477 1700 1522 est
1724 1478 1843 1539 apud
1870 1480 2116 1535 Senecam)

17 1536 60 1594 h'i
93 1551 161 1609 qui
194 1548 470 1593 educaverunt
502 1544 690 1605 ingenia,
726 1556 919 1603 magnam
948 1543 1202 1599 voluptatem
1226 1543 1391 1600 capiant
1414 1558 1463 1586 ex
1484 1557 1619 1587 eorum
1637 1541 1834 1603 profheru.
1863 1545 1867 1548 ’
1902 1543 2017 1589 Tibi
2043 1559 2121 1588 au-

18 1611 115 1670 tem]
129 1611 425 1658 vehementer
450 1607 686 1672 gratulor,
723 1606 846 1667 quod
870 1604 990 1651 recta
1012 1604 1064 1649 ad
1093 1605 1314 1652 virtutem
1336 1606 1408 1649 via
1432 1607 1696 1652 contendis:
1738 1607 1784 1653 &
1805 1624 1945 1671 quum
1975 1609 2120 1655 clarus

21 1675 71 1739 fis
94 1692 171 1737 ea,
207 1692 320 1738 quae
342 1673 367 1721 a
394 1673 585 1721 Graecis
619 1672 830 1735 Eugenia
866 1682 1187 1733 nuncupatur,
1223 1670 1479 1733 clariorque
1511 1669 1680 1729 indies,
1714 1687 1764 1716 ac
1796 1672 1999 1719 nobilior
2030 1673 2121 1719 vir-

20 1739 118 1803 tJute
140 1740 257 1805 ipsa,
293 1740 473 1786 futurus
494 1754 538 1784 es
565 1736 809 1782 Corneliae
831 1736 961 1798 genti
987 1734 1207 1798 praesidio
1236 1736 1467 1793 maximo,
1502 1749 1637 1798 atque
1669 1736 1910 1800 splendori.
1978 1739 2124 1801 Perge

21 1807 163 1876 igitur
187 1819 240 1853 ut
263 1804 488 1866 coepisti,
525 1802 571 1848 &
610 1806 679 1863 (ut
703 1800 832 1854 facis)
869 1800 922 1845 ad
949 1799 1271 1847 mansuetiores
1306 1800 1465 1863 poetas
1499 1800 1727 1847 interdum
1763 1802 1935 1847 redeas:
1971 1802 2041 1848 sed
2076 1806 2127 1849 in

20 1870 261 1944 praesentia
286 1869 341 1916 ad
363 1869 590 1916 Ovidium
615 1867 671 1912 de
695 1864 956 1925 Tristibus,
991 1865 1118 1926 quod
1145 1882 1261 1929 opus
1285 1864 1664 1928 elegantiffimum
1690 1865 1915 1911 succisivis
1942 1879 2125 1929 tempo-

20 1925 139 1993 ribus
160 1949 208 1982 te
232 1935 446 1980 hortante
473 1932 760 1993 interpretati
786 1929 950 1975 sumus.
1000 1930 1204 1976 Labores
1226 1943 1379 1976 autem
1409 1930 1584 1976 nostros
1606 1944 1688 1977 tuo
1711 1932 1889 1977 nomini
1912 1947 2044 1994 quam
2072 1933 2128 1978 li»

20 1999 272 2046 bentiflime
297 1999 529 2054 dicamus,
564 2009 618 2042 ut
643 1993 917 2041 Dialectices
947 1993 1124 2040 salebris
1147 1995 1194 2040 ὃ(
1214 1993 1393 2057 aspectu
1417 1994 1607 2039 horrido
1630 1996 1872 2058 fatigatus,
1908 1996 2130 2057 quemad·

22 2058 209 2110 modum
235 2064 310 2110 alii
334 2062 387 2109 ad
414 2062 550 2125 pilam
574 2059 643 2117 se,
677 2072 754 2105 aut
779 2058 834 2103 ad
866 2057 1093 2117 calculos,
1127 2072 1205 2105 aut
1243 2058 1296 2104 ad
1331 2056 1507 2104 tesseras
1539 2057 1814 2105 conferunt:
1853 2059 1914 2105 {ic
1949 2073 2000 2105 tu
2026 2074 2126 2106 tan-

20 2128 151 2195 quam
177 2128 389 2185 feriatus,
424 2126 477 2171 ad
504 2140 689 2170 carmen
714 2124 887 2169 Poetae
912 2121 1158 2186 legendum
1182 2123 1357 2169 facilius
1379 2123 1577 2168 accedas.
1639 2124 1843 2169 Invenies
1868 2137 1917 2169 tu
1942 2124 2126 2187 quidem

23 2194 135 2259 epus
169 2194 292 2239 varia
328 2190 668 2253 multiplicique
706 2187 926 2247 refertum
961 2186 1169 2234 doetrina
1193 2222 1207 2246 ,
1254 2187 1438 2250 plenum
1477 2186 1714 2234 affectibus
1744 2188 1791 2234 ἃ
1827 2187 2127 2235 miseratione„

23 2256 164 2320 Quod
188 2271 341 2305 autem
364 2255 419 2302 ad
447 2271 528 2301 nos
552 2255 716 2299 attinet
734 2286 749 2311 ,
785 2253 833 2297 in
857 2250 1106 2297 enarrando
1131 2253 1178 2298 &
1202 2251 1484 2314 corrigendo
1510 2254 1710 2298 carmine
1730 2253 1928 2298 multum
1953 2252 2128 2300 labora-

23 2321 181 2370 vimus.
251 2323 428 2369 Verum
455 2333 505 2365 ut
531 2318 646 2364 mihi
675 2317 718 2362 id
744 2332 837 2362 non
863 2316 1065 2375 assumo,
1101 2316 1227 2379 quod
1249 2318 1336 2363 Ion
1361 2316 1481 2381 apud
1497 2318 1768 2375 Platonem,
1803 2318 1884 2379 qui
1903 2318 2129 2380 gloriatur

6 2386 64 2440 lle
98 2385 440 2451 praeclarissima
471 2384 526 2430 de
561 2384 775 2430 Homero
806 2397 912 2443 prae
947 2382 1135 2428 caeteris
1170 2394 1516 2428 enarraturum:
1566 2395 1620 2428 ut
1654 2398 1802 2444 neque
1826 2383 2135 2430 Metrodorus*

24 2451 384 2516 Lampsacenus,
419 2465 565 2514 neque
604 2446 934 2495 Stesimbrotus
958 2446 1183 2506 Thasius,
1219 2462 1365 2509 neque
1400 2447 1647 2506 Glaucon,
1681 2462 1828 2509 neque
1852 2447 2009 2511 aliquis
2043 2464 2128 2493 un-

1 2536 2 2539 *
26 2511 156 2580 (iiiam
179 2532 387 2564 veterum
417 2527 490 2561 tot
514 2528 700 2576 tamque
724 2512 949 2575 praeclara
973 2512 1169 2557 Homeri
1197 2509 1341 2569 senia,
1377 2524 1495 2574 quot
1521 2511 1596 2558 ille
1616 2527 1848 2575 exponere
1868 2525 2028 2574 queat:
2066 2511 2127 2558 fic

26 2588 97 2628 me
129 2584 178 2639 in
205 2582 297 2628 hoc
331 2576 472 2644 po'e't‘a
506 2577 785 2635 enarrandO,
821 2576 1033 2640 diligenti
1065 2592 1204 2639 opera
1236 2575 1366 2622 usum
1402 2574 1611 2636 affirmo,
1647 2577 1854 2639 nihilque
1889 2594 1972 2640 pro
2006 2577 2127 2623 virili

26 2654 151 2710 parte
174 2644 543 2711 praetermisisse,
577 2642 702 2702 quod
725 2641 780 2688 ad
811 2644 906 2703 ejus
933 2640 1102 2687 sensum
1128 2640 1406 2687 eliciendum
1433 2641 1672 2705 pertineat.
1738 2642 1963 2688 Levicula
1994 2658 2126 2705 quae-

23 2710 128 2758 dam
151 2712 286 2757 etiam
310 2711 476 2774 attigi,
511 2722 563 2755 ut
589 2708 637 2754 δί
665 2722 743 2754 tua
764 2705 892 2754 causa
917 2722 1011 2752 non
1035 2708 1098 2753 ita
1129 2705 1318 2753 subactis
1350 2707 1543 2768 ingeniis
1578 2706 1845 2769 prodessem.
1913 2707 2129 2768 Accipies

26 2776 171 2844 igitur
199 2776 596 2836 interpretationes
629 2772 829 2830 nostras,
866 2771 1185 2835 intelligesque
1210 2786 1283 2817 me
1316 2771 1401 2816 tibi
1437 2787 1531 2816 non
1556 2771 1697 2817 modo
1722 2788 1865 2830 voce,
1899 2771 1968 2816 sed
1991 2772 2129 2816 etiam

27 2841 200 2904 scriptis
226 2839 433 2900 prodesse
459 2837 663 2884 voluiffe.
697 2837 1035 2899 Corneliaeque
1058 2836 1217 2900 genti,
1258 2837 1305 2882 ὃς
1329 2837 1546 2883 Maximo
1573 2838 1692 2899 patri
1717 2849 1829 2894 tuo,
1864 2837 1992 2896 cujus
2017 2835 2128 2881 libe-

8 2904 186 2977 ynt'litati
215 2904 467 2967 plurimum
489 2901 660 2948 debeo:
697 2917 878 2948 necnon
903 2901 1124 2965 generoso
1147 2900 1390 2947 Francisco
1413 2917 1546 2959 meo,
1580 2902 1653 2947 cui
1679 2893 1982 2963 superioribus
2004 2901 2129 2946 annis

8 2965 325 3017 ³in’³Ovidium
352 2968 408 3014 de
439 2971 547 3012 Arte
582 2965 762 3011 amandi
791 2967 1111 3012 Enarrationes
1145 2965 1322 3012 dicavi:
1361 2964 1539 3027 tibique
1574 2967 1619 3010 in
1652 2965 1834 3028 primis,
1869 2965 1930 3012 ob
1956 2966 2128 3028 ingenii

8 3025 335 3096 lsplendorem,
369 3030 622 3079 dofitrinam
637 3064 651 3088 ,
686 3030 937 3092 ingenitam
962 3030 1382 3090 mansuetudinem,
1416 3029 1729 3092 summamque
1752 3032 1797 3075 in
1829 3046 1900 3076 me
1932 3030 2130 3076 benevo-

8 3095 239 3160 dentiam,
275 3115 363 3161 qua
400 3099 575 3160 semper
598 3093 623 3140 a
646 3094 811 3139 teneris
842 3097 968 3142 annis
1001 3097 1055 3142 ad
1096 3096 1188 3142 hoc
1221 3094 1362 3157 usque
1396 3108 1577 3157 tempus
1603 3095 1836 3141 Merulam
1872 3108 2003 3141 tuum
2034 3108 2131 3140 tane

9 3172 169 3225 2quam.
197 3165 390 3210 alterum
423 3173 656 3225 parentem
694 3158 960 3221 prosecutus
996 3177 1062 3207 es:
1100 3175 1283 3205 necnon
1310 3159 1489 3219 Jacobo
1516 3158 1669 3218 fratri,
1704 3163 1793 3205 mei
1820 3159 1867 3206 δε
1890 3158 2130 3207 ἀοξὶίίῖῐιῃί

10 3229 244 3297 ‘cujusque
267 3244 401 3294 quam
426 3222 755 3284 amantiffirn0‚
791 3239 865 3271 me
893 3224 954 3271 ita
976 3224 1209 3272 addictum
1232 3223 1319 3272 effe
1355 3223 1613 3286 intelliges,
1646 3237 1699 3271 ut
1723 3222 1748 3270 a
1772 3224 1901 3273 vobis
1925 3239 1980 3269 ne
2008 3238 2131 3268 mor-

2089 3299 2135 3333 te
