2547 3708
684 124 1421 188 PERJ.MASSON.
2048 149 2118 204 55·

141 234 346 286 Moverat
367 227 568 290 ingenium
593 231 726 271 totam
746 231 921 269 cantata
938 234 1015 282 per
1038 224 1180 270 urbem

203 298 386 345 Nomine
404 308 482 339 non
506 305 602 335 vero
625 289 738 334 dieta
759 287 967 334 Corinna
990 286 1110 333 mihi.

17 369 86 415 Ita
111 365 159 413 &
182 366 344 410 Amor.
366 356 475 404 Lib.
498 356 589 402 lll.
614 352 682 400 El.
714 353 827 399 2311.
855 367 967 400 vers.
1002 365 1073 412 ις’.

140 431 245 475 Cum
265 421 452 480 Thebae,
485 436 575 466 cum
597 416 719 479 Trcy'a
732 417 904 480 forent,
937 433 1027 463 cam
1048 417 1240 481 Caefhris
1259 425 1352 467 aoYa
1365 440 1382 476 3

199 491 410 551 Ingenium
431 488 563 531 movit
572 484 666 546 sola
696 482 905 530 Corinna
928 497 1077 527 meum.
1349 502 1358 511 ·

12 559 86 608 Ex
116 554 277 620 quibus
310 551 442 598 facile
472 550 760 613 colligimus,
794 545 1022 593 Ovidium
1059 546 1213 609 plures
1244 548 1300 595 de
1332 548 1418 595 hac
1451 550 1631 596 Corinna
1661 546 1878 613 scripfiffe
1900 548 2115 614 Hegias,

13 637 151 687 quam·
179 618 318 667 hodie
356 615 592 679 supersunt
621 615 668 659 in
695 614 927 657 Amorum
949 610 1136 671 Libris,
1169 612 1247 660 ubi
1276 630 1448 676 paucae
1477 614 1532 661 ad
1569 630 1696 674 eam,
1733 615 1806 662 vel
1838 615 1934 678 ejus
1970 616 2116 679 gratia

12 688 202 750 scriptae
230 683 471 730 habentur.
537 678 752 726 Caeterae
780 674 928 724 forsa-n
952 677 1075 724 inter
1107 677 1182 723 illa
1206 677 1395 726 fuerunt
1419 679 1665 739 Carmina,
1702 695 1815 743 quae
1838 678 1965 727 addit
1989 681 2116 744 prio-

12 767 60 799 re
81 752 188 800 loco
209 749 251 796 se
275 746 491 795 Vulcano
514 741 764 791 tradidisse:

141 815 293 865 Multa
314 808 653 875 quidemstripstss,
677 807 758 869 sed
774 821 878 867 quae
904 805 1060 868 vitiosa
1072 810 1257 868 patavi,

206 876 501 926 Emendaturis
524 873 681 937 ignibus
704 871 783 933 ipse
804 872 908 917 aedi.

12 946 144 993 Haec
166 959 276 991 vero
299 936 498 988 Nasonis
521 938 728 985 Domina
747 949 841 983 tam
868 936 982 982 bene
1003 934 1084 982 sub
1109 936 1190 982 illo
1214 934 1448 984 Corinnae
1478 935 1587 984 falso
1619 938 1807 985 nomine
1829 938 2000 986 latebat
2015 973 2030 1000 ,
2063 953 2119 988 ut

14 1008 153 1068 aliae,
186 1003 516 1071 petovidium
543 1002 719 1063 famam*
743 1013 1006 1065 quaerentes
1028 1003 1111 1061 (a),
1146 1001 1192 1048 id
1219 1018 1392 1056 nomen
1425 1000 1509 1049 fibi
1540 1002 1780 1060 dederint3
1817 1006 1980 1053 Amor.
2007 1005 2116 1052 Lib.

16 1073 176 1132 ILEI.
201 1086 319 1118 xvix.
341 1083 457 1117 vers.
486 1066 560 1115 28.

208 1137 272 1183 Et
294 1137 448 1181 multae
463 1145 540 1193 per
558 1149 619 1179 me
635 1148 777 1189 nomen
797 1132 945 1178 habere
963 1132 1135 1178 volunt:

141 1203 266 1249 Novi
290 1202 500 1261 aliquam,
535 1198 696 1260 quaese
719 1196 983 1259 circumferat
1003 1197 1077 1256 eſje
1101 1195 1370 1244 Corinnam.

18 1266 153 1325 Qin
176 1265 346 1322 immo,
381 1263 491 1310 licet
517 1262 717 1310 Ovidius
743 1278 800 1308 ex
833 1277 988 1308 amore
1020 1259 1222 1309 sollicito
1251 1262 1477 1326 fingeret,
1510 1261 1552 1308 se
1574 1262 1747 1320 vereri,
1781 1278 1838 1308 ne
1863 1257 2120 1310 Corinnam

18 1329 104 1378 suis
127 1328 405 1376 carminibus
427 1328 491 1374 ita
513 1340 671 1374 notam
695 1327 897 1386 fecisset,
930 1338 985 1372 ut
1013 1324 1096 1372 fibi
1132 1328 1289 1374 rivales
1318 1327 1489 1374 multos
1518 1326 1784 1392 paravisset,
1819 1329 1984 1374 Amor.
2010 1328 2121 1375 Lib.

16 1395 106 1443 III.
132 1394 207 1441 El.
230 1409 318 1440 xu.
352 1405 558 1440 attamen
579 1393 750 1456 viginti
775 1391 944 1439 abhinc
967 1390 1095 1438 annis
1125 1408 1233 1440 cum
1258 1392 1437 1440 Noster
1459 1393 1625 1440 Artem
1656 1392 1834 1439 amandi
1870 1392 2121 1453 scriberet,

15 1457 220 1507 nondum
243 1474 294 1504 ea
316 1473 425 1504 vero
452 1458 638 1504 nomine
659 1471 771 1504 nota
792 1455 910 1515 fuit,
947 1455 1055 1504 Lib.
1080 1455 1173 1504 ΙΙΙ.
1200 1474 1315 1507 vers.
1340 1456 1451 1520 538.
1697 1493 1731 1519 ,ι

145 1525 212 1570 Et
230 1525 352 1571 multi
365 1556 381 1582 ,
413 1539 515 1585 qnae
527 1527 589 1584 fit
611 1523 745 1584 nostra
765 1522 1000 1582 Corinna,
1033 1534 1212 1582 rogant.·

17 1588 144 1634 Idem
167 1588 215 1634 δε
238 1589 302 1636 V.
323 1586 475 1635 seculo
498 1587 770 1652 rogantibus
794 1587 926 1652 plane
949 1587 1039 1635 fuit
1073 1587 1311 1650 ignorata,
1345 1599 1399 1636 ut
1431 1586 1604 1635 docent
1635 1584 1815 1635 Sidonii
1841 1587 2122 1652 Apollinaris

15 1651 230 1701 Carmina
255 1652 339 1715 (b):
1176 1657 1181 1658 ⁷

141 1719 207 1765 Et
228 1728 270 1764 te
295 1720 497 1766 Carmina
515 1731 590 1779 per
613 1717 829 1780 libidinosa

71 1823 75 1827 .
143 1785 337 1842 Notum,
372 1783 533 1844 Naso,
565 1794 701 1842 tenet,
736 1782 951 1846 Tomosque
974 1785 1166 1847 mistam,

140 1849 366 1912 Qondam
387 1847 625 1895 Caesareae
648 1851 769 1895 nimis
795 1850 973 1912 puellae

143 1911 263 1972 Falso
286 1915 440 1958 nomine
453 1913 667 1973 subditum
690 1913 936 1959 Corinnae.
1718 1940 1723 1944 -

20 1973 164 2021 Nihil
185 1976 308 2021 enim
334 1977 482 2021 minus
504 1975 760 2022 verosimile
776 2009 791 2034 ,
812 1993 948 2037 quam
974 1977 1101 2038 quod
1123 1976 1405 2024 venerandus
1428 1977 1503 2023 ille
1528 1977 1732 2023 Antistes
1760 1973 1992 2038 fignificat
2006 1975 2126 2035 ,Ja-

17 2041 119 2084 liam
141 2053 305 2100 nempe
331 2039 526 2102 Augusti
554 2039 697 2087 filiam
718 2040 799 2086 sub
824 2040 1058 2087 Corinnae
1082 2043 1272 2088 nomine
1293 2041 1347 2088 ab
1363 2041 1541 2089 Ovidio
1565 2054 1760 2088 amatam
1777 2075 1793 2100 ,
1828 2055 2019 2102 eamque
2042 2056 2126 2086 ex-

20 2101 103 2149 filii
127 2103 317 2148 caussam
344 2104 520 2149 Poetae
544 2103 688 2150 fuiffe.
757 2105 813 2150 In
841 2106 1012 2165 Juliam
1036 2120 1161 2153 certe
1182 2105 1341 2152 cadere
1364 2119 1599 2169 nequeunt
1624 2106 1820 2162 indicia,
1856 2120 1971 2166 quae
1996 2105 2126 2150 Naso

0 2165 75 2212 ¹de
107 2165 193 2212 suis
228 2181 336 2212 curn
365 2166 571 2212 Corinna
603 2168 740 2213 refert
761 2169 1006 2216 amoribus.
1075 2171 1213 2216 Hanc
1237 2173 1360 2216 enirn
1387 2170 1539 2231 passim
1565 2185 1650 2214 ceu
1676 2168 1874 2231 puellam
1896 2167 1960 2214 sui
1989 2170 2127 2229 juris,

20 2245 104 2277 nec
127 2243 318 2293 nuptam
343 2230 515 2293 pingit.
577 2230 701 2288 Julia
723 2246 833 2276 vero
859 2235 947 2292 jam
971 2232 1026 2278 ab
1051 2235 1141 2279 An.
1157 2234 1222 2280 U.
1249 2234 1307 2279 C.
1331 2232 1671 2280 DCCXXIX.
1708 2230 1939 2280 Marcello
1963 2225 2127 2295 nupse-

19 2295 291 2354 rat,&·cum
305 2296 340 2341 is
355 2294 433 2341 sub
448 2293 628 2341 anniU.
643 2294 1054 2344 C.DCCXXXI.
1079 2297 1259 2345 obiisset
1274 2333 1289 2358 ,
1305 2314 1417 2345 mox
1442 2315 1561 2344 anno
1574 2298 1641 2346 U.
1657 2296 1715 2344 C.
1731 2297 2125 2346 DCCXXXIH.

20 2360 206 2407 ineunte
227 2361 301 2421 M.
322 2360 558 2423 Agrippae
589 2373 787 2424 nuptum
823 2361 878 2408 ab
904 2362 1118 2425 Augusto
1150 2362 1281 2423 data,
1315 2377 1453 2427 atque
1483 2362 1782 2427 subsequente
1805 2379 1924 2409 anno
1954 2363 2125 2427 Cajum

21 2425 199 2487 peperit
224 2423 304 2482 (c).
370 2424 510 2471 Unde
546 2423 679 2471 fimul
713 2426 887 2489 liquet,
922 2426 978 2473 de
998 2428 1122 2487 Julia
1154 2445 1249 2475 non
1273 2428 1399 2490 poss'e
1427 2428 1656 2492 intelligi,
1691 2427 1814 2491 quod
1842 2428 2041 2475 Ovidius
2065 2428 2123 2473 de

0 2483 95 2569 [sua
116 2488 321 2536 Corinna
340 2489 714 2536 medicaminibus
735 2491 950 2538 abortum
975 2491 1172 2539 faciente
1195 2495 1344 2553 canit,
1380 2494 1543 2540 Amor.
1569 2493 1677 2539 Lib.
1706 2494 1770 2540 Il.
1797 2493 1871 2539 El.
1890 2508 1960 2554 13.
1984 2493 2031 2540 δὲ
2053 2509 2124 2553 14.

0 2551 154 2633 'Adde
179 2569 286 2599 cum
314 2553 444 2619 Aldo·
462 2554 711 2612 Manutio,
749 2556 987 2604 Nasonem
1010 2557 1066 2604 de
1092 2557 1178 2604 suis
1200 2575 1309 2605 cum
1333 2557 1543 2605 Corinna
1566 2558 1798 2604 amoribus
1819 2573 1869 2604 ea
1895 2574 1991 2604 non
2014 2558 2126 2604 rela-

27 2629 181 2662 turum
220 2616 371 2678 fuisse,
405 2635 516 2683 quae
548 2621 636 2680 jam
666 2622 714 2667 in
747 2621 907 2669 exfilio
928 2622 1154 2686 praedi&a
1167 2621 1253 2670 El.
1281 2639 1351 2671 10.
1375 2623 1520 2669 Trist.
1545 2623 1655 2669 Lib.
1681 2623 1773 2669 IV.
1806 2622 2056 2681 scribebat,
2093 2620 2126 2668 fi

2 2678 436 2802 .‘i{¹gg3“1¹2i<llsteju⁵
467 2678 666 2733 miseriae
703 2685 751 2734 ὃζ
782 2687 929 2736 exfilii
967 2689 1110 2736 cauffa
1135 2687 1303 2736 fuisset.
1371 2689 1510 2735 Plura
1546 2687 1753 2735 dicemus
1781 2688 1835 2734 ad
1858 2688 1950 2733 An.
1971 2687 2037 2735 U.
2063 2686 2122 2733 C.

2001 2817 2127 2864 AN-

5 2934 6 2955 1
85 2924 144 2976 (a)
173 2923 503 2986 Igitur-Poetice,
538 2938 614 2968 nec
634 2933 805 2973 omnino
827 2935 934 2976 recle
955 2933 1156 2976 Martialis
1176 2934 1268 2977 Lib.
1289 2933 1347 2982 V.
1368 2933 1440 2989 Ep.
1469 2946 1533 2977 10.
1563 2944 1734 2989 quereus
1748 2964 1759 2986 ,
1787 2934 1891 2974 vivis
1909 2934 2127 2990 qnodfama

6 3023 7 3026 Ἴ
29 2988 208 3030 negatur,
239 2977 392 3018 scribit:
424 2979 552 3019 Norat
571 2980 760 3033 Nasonem
777 2986 865 3030 sola
884 2989 1068 3032 Corinna
1074 2990 1206 3042 suum

5 3031 7 3043 ⁴
82 3031 144 3082 (b)
174 3029 311 3071 Carm.
341 3043 401 3085 23.
424 3045 447 3072 a
471 3045 570 3073 vers.
595 3045 684 3085 157.

86 3085 148 3134 (c)
178 3082 271 3128 Vid.
289 3077 448 3128 {Dionis
468 3087 568 3129 Hist.
597 3088 647 3132 ad
665 3100 736 3130 eos
754 3103 897 3139 annos.
