2547 3708
291 168 354 216 6¹5
753 144 1304 210 P.OV1D11

1379 142 1687 201 NASO
1766 142 1861 198 15

582 257 768 327 thue
793 251 943 307 dedit
971 249 1125 303 saltus
1151 246 1218 300 de
1252 245 1460 300 summo
1486 242 1764 299 Thessalus
1791 242 1944 307 Ossa,

649 330 742 383 Tu
779 340 997 397 quoque
1024 319 1207 375 saxoso
1227 319 1582 391 praecipitere
1610 317 1751 387 jugo,

587 404 702 457 Aut
732 400 875 457 velut
905 394 1151 466 Euryali,
1189 393 1283 465 qui
1307 391 1575 463 sceptrum
1604 390 1747 461 cepit
1773 387 1836 441 ab
1862 387 1985 451 illo,

292 605 456 645 Romanei
484 604 566 642 bello
600 601 752 641 Poenicio
773 599 927 651 proximo
960 595 1177 646 manserunt.
1217 595 1331 632 Certe

292 655 416 696 Festus
437 664 541 694 notat
565 655 706 692 Punicos
727 653 820 697 dici,
849 663 925 687 non
955 649 1130 692 Poenicos,
1159 646 1331 696 quamvis

293 707 314 745 a
338 707 582 747 Phoenicibus
617 706 792 742 oriantur.
830 702 999 739 SALVAG.
1035 697 1205 747 Cinyphio
1228 697 1332 736 Con-

291 758 409 796 stantii
434 757 573 796 codex..
594 754 791 805 quomodo
825 753 958 791 Noster
971 750 1128 788 Metam.
1151 761 1211 786 xv,
1249 759 1335 797 735.

294 809 524 860 Cinyphium
563 807 693 854 jubam
738 804 838 842 dixit,
876 803 1022 840 Heius.
1068 800 1206 838 Nescio
1236 799 1336 836 unde

293 861 384 899 hacc
415 860 593 898 resciverit
625 855 818 901 Heinsius,
845 865 931 893 nain
953 854 990 891 in
1014 851 1218 890 Constantii
1239 850 1339 888 notis

294 912 384 950 nihil
409 912 450 949 ad
474 912 570 948 hunc
591 910 717 947 locum
737 906 894 955 reperio.

345 962 430 1011 285.
465 969 534 999 Nec
556 960 620 998 tihi
641 957 786 1007 subfidio
802 954 1007 1007 praesensfit
1026 967 1179 997 numen,
1208 961 1247 989 ut
1259 950 1339 996 illi,

295 1015 366 1052 cui
386 1013 476 1050 nihil
500 1010 777 1059 Hercaeifrofuit
793 1021 856 1045 ara
879 1005 1026 1056 ἔθυέ-κ]
1057 1006 1244 1042 Priamum
1258 1011 1340 1040 tan-

294 1065 372 1113 git,
398 1065 459 1113 qui
483 1063 505 1100 a
541 1062 681 1110 Pyrrho
716 1060 867 1097 Achillis
900 1057 977 1096 filio
999 1085 1010 1101 ‚
1036 1056 1125 1094 dum
1151 1062 1340 1103 caperetur

296 1115 417 1164 Troja
440 1143 450 1160 ,
488 1113 657 1163 quamvis
685 1109 965 1159 amplecteretur
992 1118 1091 1145 aram
1124 1106 1221 1144 lovis
1243 1106 1342 1143 Her-

297 1168 398 1209 caci,
429 1176 524 1214 quae
546 1172 621 1203 erat
640 1164 677 1201 in
700 1162 883 1211 impluvio
913 1158 1061 1197 aedium
1085 1157 1227 1195 suarum
1242 1185 1252 1201 ,
1283 1157 1338 1194 in-

297 1217 470 1255 terfec‘tus
506 1215 578 1260 est,
605 1214 694 1253 teste
728 1211 894 1262 Virgilio.
948 1210 1115 1248 INTERP.
1154 1209 1342 1246 Priamum

296 1267 496 1315 intelligit,
535 1267 599 1317 qui
627 1265 671 1303 ad
697 1264 797 1302 Iovis
826 1263 987 1301 Hercaei
1025 1272 1125 1299 aram
1146 1258 1168 1297 a
1198 1259 1341 1310 Pyrrho

298 1319 453 1357 Achillis
477 1317 552 1356 filio
577 1315 789 1356 interfectus
818 1314 879 1353 est.
933 1313 1096 1360 Consule
1115 1322 1211 1362 quae
1231 1310 1345 1348 colle-

298 1369 337 1419 gi
355 1369 415 1407 lib.
435 1381 525 1408 xm.
555 1369 808 1416 Metamphor.
843 1365 975 1403 Diuus
987 1364 1035 1402 est
1059 1372 1183 1401 autem
1206 1363 1344 1411 Iupiter

299 1427 469 1457 Hercaeur
497 1419 572 1457 ἄπο
596 1420 658 1457 τοῦ
677 1418 817 1463 ἕρκους,
843 1416 904 1454 seu
926 1415 1029 1465 quod
1051 1414 1095 1452 ad
1119 1413 1254 1451 vallum
1280 1424 1343 1450 co-

298 1470 433 1509 leretur
448 1499 459 1516 ,
487 1471 548 1510 seu
568 1469 671 1519 quod
691 1468 873 1518 praesidio
891 1467 955 1505 suo
976 1466 1124 1503 vallaret
1156 1476 1197 1502 ac
1220 1464 1345 1502 muni-

299 1529 354 1559 ret
375 1522 532 1560 Urbem.
561 1522 732 1560 CloFAN.
784 1520 932 1558 Priamo
954 1517 1089 1555 scilicet
1108 1516 1151 1554 ad
1171 1515 1350 1553 aran-110-

300 1573 356 1610 vis
386 1574 525 1611 Hercei
555 1573 777 1610 obtruncato
799 1598 814 1616 ,
848 1582 888 1608 ut
908 1568 1064 1607 scribunt
1090 1566 1283 1616 Euripides
1310 1567 1348 1603 in

301 1622 515 1663 Troadibus
539 1652 549 1668 ,
589 1622 879 1673 Tryphiodorus
915 1620 951 1656 ἐν
970 1620 1079 1656 Γλὶου
1102 1618 1214 1655 nawen
1232 1646 1244 1663 ,
1270 1618 1350 1655 Dio

303 1675 587 1723 Chrysostomus
600 1675 706 1712 Orat.
720 1686 765 1711 11.
794 1671 982 1710 Pausanias
996 1671 1033 1709 in
1046 1668 1258 1708 Meffenicis
1272 1698 1280 1711 ‚
1311 1669 1350 1706 δε

303 1724 562 1765 Corinthiacis.
611 1726 664 1763 Ex
688 1724 830 1763 Latinis
850 1723 1026 1770 Virgilius
1053 1721 1113 1759 lib.
1132 1734 1177 1758 11.
1199 1719 1353 1759 AEneid.

302 1775 442 1815 Seneca
463 1777 767 1826 Agamemnone.
823 1774 892 1812 Sed
915 1774 1014 1811 enim
1032 1772 1236 1810 Leschaeus
1254 1771 1353 1819 apud

303 1828 464 1866 eundem
479 1828 687 1865 Pausaniam
701 1827 738 1863 in
762 1825 932 1864 Phocicis
949 1823 1134 1872 prodidit,
1163 1823 1353 1860 Priamum

304 1889 383 1916 non
413 1878 515 1917 fuille
544 1877 766 1916 trucidatum
787 1875 832 1914 ad
853 1886 953 1912 aram
984 1874 1084 1911 Iovis
1106 1874 1269 1918 Hercei,
1293 1873 1353 1911 sed

304 1929 394 1967 inde
416 1929 654 1973 abstradtum,
686 1940 772 1965 cum
795 1939 861 1974 pro
883 1925 1020 1974 Regiae
1043 1923 1181 1962 foribus
1199 1924 1351 1962 obviam

307 1980 568 2029 Neoptolemo
592 1979 708 2017 faetus
724 1977 833 2021 effer,
862 1976 905 2013 ab
927 1975 1003 2024 ipso
1025 1975 1244 2023 jugulatum.
1273 1975 1354 2012 Ser-

308 2031 392 2069 vius
418 2032 506 2069 item
537 2030 674 2068 diversa
702 2036 822 2067 narrat
844 2042 853 2069 ;
896 2026 1129 2074 Lycophron
1152 2037 1242 2062 vero
1266 2025 1351 2062 Cas-

308 2080 473 2118 sandram
509 2081 650 2118 inducit
682 2079 943 2117 vaticinantem
975 2077 1057 2114 fore
1080 2103 1091 2120 ,
1129 2083 1167 2113 ut
1188 2075 1354 2113 Priamus

310 2130 356 2169 ad
368 2142 465 2169 aram
481 2132 580 2169 Iovis
594 2127 887 2177 Agamemnonii
898 2126 1142 2164 occideretur:
1155 2126 1355 2174 Quamob-

311 2193 389 2220 rem
415 2182 547 2220 Lamb.
593 2179 811 2218 Hortensius
833 2178 1087 2227 Lycophrona
1099 2177 1353 2223 reprehendit:

313 2232 412 2281 quafi
436 2232 524 2271 vero
555 2233 677 2269 Poetis
699 2231 858 2279 epitheta
888 2226 1119 2265 confundere
1141 2227 1254 2264 moris
1278 2237 1356 2263 non

314 2282 412 2321 effer.
468 2284 734 2321 serviemus.

367 2336 450 2383 285.
479 2336 530 2371 Sit
560 2334 717 2383 praesens
744 2328 912 2379 numen]
944 2327 1105 2378 Praesens
1133 2339 1274 2366 numen
1300 2339 1362 2365 va-

315 2386 383 2423 rias
417 2386 655 2433 acceptiones
673 2383 795 2421 habet.
858 2381 1048 2419 Interdum
1084 2380 1183 2417 enirn
1209 2379 1364 2417 sumitur

315 2448 383 2525 {rc}
430 2438 580 2474 favente
620 2438 658 2473 δε
699 2435 862 2483 propitio
884 2460 894 2477 ,
934 2440 977 2470 ut
1026 2431 1124 2479 apud
1165 2430 1366 2479 Virgilium

352 2499 370 2525 c
385 2499 455 2537 oga
479 2498 513 2526 1.

370 2563 442 2594 Nec
461 2566 537 2592 tam
555 2552 746 2603 praesentes
767 2549 852 2588 alibi
869 2548 1054 2597 cognoscere
1079 2547 1204 2585 Divos.

323 2647 536 2693 Aliquando
561 2645 716 2695 praesens
751 2641 934 2679 dicebatur
957 2640 1009 2682 is,
1039 2638 1097 2675 cui
1118 2634 1365 2674 viventisacra

322 2698 466 2736 fiebant.
496 2699 554 2736 Sic
575 2698 707 2734 Horat.
732 2694 794 2731 lib.
812 2704 874 2728 111.
901 2691 1107 2728 carminum
1133 2700 1168 2737 ς.

373 2767 470 2803 Coelo
491 2777 671 2802 tonantem
695 2759 905 2799 credidimus
931 2760 1067 2803 Jovem

380 2824 553 2866 Regnare.
580 2819 734 2865 praesens
763 2811 881 2848 Divus
903 2809 1085 2846 habebitur

427 2868 614 2916 Angustus.

329 2943 376 2982 Et
399 2953 442 2977 11.
464 2939 573 2988 Epist.
596 2938 623 2975 Ι.
651 2949 705 2985 ις.

383 3010 558 3056 Praesenti
579 3009 639 3046 tibi
660 3006 800 3044 divinos
822 3005 991 3051 largimur
1014 2999 1166 3037 honores,

334 3073 488 3113 Tacitus
514 3074 574 3111 lib.
596 3084 656 3110 xv.
695 3076 773 3106 Ara
806 3081 848 3107 ω’
878 3071 1003 3110 sanum
1027 3071 1224 3100 exuruntur
1247 3087 1256 3103 ‚
1286 3071 1373 3103 quae

327 3125 500 3176 praesenti
521 3123 657 3160 Herculi
669 3119 829 3157 Euander
842 3121 1062 3167 sacraverat.
1089 3113 1266 3167 Denique
1277 3118 1376 3166 prae.

330 3178 406 3225 sem
440 3177 539 3213 Deus
567 3175 627 3212 ille
656 3172 785 3212 dicitur
810 3198 820 3215 ,
858 3170 921 3219 qui
953 3166 1061 3206 adest.
1122 3165 1175 3204 ita
1205 3161 1373 3210 Virgilius

336 3228 441 3265 initio
463 3227 601 3275 Georg.

2167 478 2273 531 290
2309 458 2427 515 Sint

1438 600 1486 632 Et
1513 610 1574 634 vos
1586 595 1753 646 agrestum
1775 592 1969 645 praesentia
1990 593 2141 632 numina
2165 595 2290 633 Fauni.

1387 659 1486 705 Quia
1514 659 1629 697 Fauni
1663 660 1788 698 versari
1820 659 2060 697 credebantur
2090 659 2185 696 inter
2205 658 2345 706 sylvas,
2387 657 2428 696 δὲ

1388 708 1610 760 plerumque
1629 712 1721 749 inter
1740 711 1902 759 agrestes.
1955 710 2115 747 Ovidius
2133 711 2206 747 hoc
2229 710 2313 746 loco
2331 718 2432 757 prae-

1385 763 1462 808 sens
1492 775 1619 799 namen
1649 762 1764 806 dixit,
1790 770 1939 811 propter
1960 762 2035 810 ejus
2047 760 2197 798 statuam
2214 788 2224 804 ,
2245 759 2435 809 'quemad-

1394 812 1550 868 modum
1583 814 1732 850 Curtius
1765 815 1826 851 lib.
1848 825 1900 851 vr.
1938 817 1983 849 Et
2005 811 2064 849 ille
2090 822 2188 849 ratus
2211 810 2322 855 nihil,
2343 809 2434 861 quod

1392 873 1500 900 ettam
1521 877 1598 900 cum
1616 864 1763 912 periurio
1781 863 2001 914 detegendum
2017 865 2108 908 foret
2127 892 2137 908 ‚
2166 862 2406 900 indicaturum
2422 889 2434 906 ,

1388 922 1449 963 per
1467 915 1658 971 praesentes
1678 921 1765 952 Deos
1778 917 1894 965 jurat.
1947 914 2005 952 Est
2025 915 2124 952 enim
2147 925 2209 962 per
2231 912 2436 961 praesentes

1393 965 1500 1003 Deos
1522 976 1668 1014 jurare,
1697 977 1783 1004 curn
1813 967 1893 1016 quis
1912 964 2016 1004 tac'tis
2041 964 2207 1003 altaribus
2230 965 2267 1001 ἃ
2291 962 2438 1001 simula-

1394 1017 1585 1065 crisjurat.
1636 1016 1838 1055 Satvaou.
1870 1014 2039 1066 Praesidio
2072 1017 2179 1065 prim.
2211 1014 2311 1053 Edit.
2338 1014 2443 1052 forte·

1394 1067 1503 1113 inde,
1541 1069 1629 1117 quia
1662 1067 1720 1106 dei
1749 1065 1913 1117 praeficies
1937 1095 1947 1112 ,
1975 1068 2013 1104 δε
2033 1067 2218 1116 praestitas.
2270 1066 2322 1102 Sic
2340 1074 2443 1114 prae-

1387 1118 1468 1168 sens
1496 1120 1611 1157 etiam
1642 1131 1734 1156 unus
1764 1118 1920 1157 Heinfii.
1949 1129 2011 1167 per
2041 1118 2267 1166 praesentem
2299 1117 2446 1162 deum,

1397 1170 1602 1218 Augustum
1619 1183 1666 1208 ne
1678 1171 1758 1219 quis
1771 1169 1960 1219 intelligat;
1975 1170 2062 1208 mali
2079 1169 2175 1206 enirn
2190 1168 2325 1206 ominis
2337 1164 2440 1211 effer,

1397 1233 1488 1310 eun}
1513 1233 1734 1279 comparare
1766 1220 2013 1268 HerceoJovi
2037 1248 2047 1266 ,
2083 1221 2147 1270 qui
2166 1219 2313 1257 Priamo
2348 1217 2444 1257 nihil

1424 1284 1464 1310 ro
1486 1281 1549 1311 uit.

1397 1285 1420 1323 P
1450 1324 1535 1362 286.
1565 1325 1634 1362 Cui
1654 1322 1744 1362 nihil
1755 1321 1904 1371 HercetZ]
1926 1322 2070 1368 Ε’ρκειον
2087 1322 2155 1358 Διῖι
2169 1321 2298 1360 Graeci
2321 1318 2449 1369 appel«-

1397 1376 1522 1415 lavere
1545 1376 1707 1423 Jovem,
1733 1375 1797 1425 qui
1816 1374 2006 1423 penatibus
2017 1371 2190 1422 praeesset
2213 1401 2224 1418 ,
2253 1381 2363 1421 atque
2388 1372 2445 1408 in-

1399 1435 1454 1465 tra
1475 1429 1644 1476 proprios
1662 1427 1754 1466 lares
1782 1426 1990 1470 coleretur,
2016 1424 2168 1473 quando
2201 1426 2250 1460 τὰ
2269 1422 2353 1462 {raa
2376 1421 2447 1459 do-

1403 1489 1485 1516 mus
1515 1479 1622 1527 ipsius
1644 1479 1837 1516 circuitum
1863 1476 2045 1525 appellant
2062 1503 2072 1519 ,
2101 1475 2199 1513 unde
2220 1476 2257 1512 &
2276 1475 2336 1511 hic
2358 1478 2445 1509 Her-

1404 1543 1477 1567 ceus
1489 1529 1653 1579 Jupiter,
1683 1531 1720 1567 ὃ(
1737 1528 1831 1577 apud
1851 1527 1979 1576 Virgil.
2007 1539 2090 1564 arae
2103 1533 2257 1563 Herceae.
2285 1524 2452 1563 Eoum.

1409 1587 1555 1619 Heraeus
1578 1581 1715 1629 Iupiter
1748 1580 2059 1629 cognominatus,
2088 1576 2192 1627 quod
2213 1577 2289 1626 ejus
2313 1587 2394 1613 arae
2411 1576 2452 1613 in

1407 1631 1509 1680 septo
1530 1632 1677 1670 aedium
1700 1630 1843 1670 erectae
1865 1628 1990 1668 effent.
2042 1628 2193 1677 Septum
2211 1630 2314 1665 enim
2336 1627 2456 1664 Grae-

1409 1684 1441 1721 ci
1460 1683 1554 1727 ἑρκόν
1573 1683 1701 1721 dicunt
1716 1710 1726 1727 ,
1754 1691 1795 1720 ut
1819 1680 2094 1729 Harpocration
2116 1679 2247 1717 scribit.
2300 1678 2375 1715 Ara
2387 1688 2454 1715 au-

1407 1743 1484 1773 tem
1512 1734 1571 1773 illa
1599 1734 1699 1772 Iovis
1729 1733 1892 1777 Hercei,
1919 1731 1965 1770 ad
1988 1742 2100 1781 quam
2131 1730 2294 1767 Priamus
2315 1727 2460 1766 occisus

1409 1786 1481 1830 est,
1509 1786 1547 1823 in
1578 1785 1708 1823 mediis
1737 1783 1886 1822 aedibus
1913 1784 1950 1820 in
1983 1782 2170 1829 impluvio
2198 1789 2273 1819 erat
2302 1779 2364 1817 sub
2391 1778 2461 1816 dio

1411 1837 1641 1874 Graecorum
1680 1847 1786 1873 more
1808 1863 1817 1879 ‚
1855 1834 2055 1872 Athenaeo
2075 1831 2177 1871 teste.
2225 1832 2395 1880 Eamque
2409 1828 2465 1868 sic

1409 1888 1521 1926 Maro
1541 1887 1732 1926 describit:

1460 1956 1619 1995 Aedibus
1641 1957 1678 1993 in
1700 1954 1841 1998 mediis,
1872 1951 2032 2002 nudoque
2048 1951 2115 2000 sub
2140 1949 2287 1988 aetheris
2308 1961 2399 1995 axe,

1463 2015 1584 2057 Ingens
1604 2020 1669 2044 ara
1682 2006 1759 2054 fuit
1777 2033 1787 2050 ,
1805 2006 1982 2053 juxtaque
2006 2002 2203 2040 veterrima
2227 2001 2359 2040 laurus.

1411 2088 1452 2126 ln
1476 2100 1547 2138 qua
1568 2088 1744 2126 sacratum
1779 2083 1881 2123 fuiffe
1900 2084 2025 2132 ignem
2040 2080 2256 2128 pervigilem
2279 2080 2317 2115 &
2335 2073 2464 2124 perpe2

1420 2148 1527 2177 tuum
1550 2139 1734 2176 Adrianus
1757 2135 1958 2174 Turnebus
1978 2133 2015 2169 in
2028 2131 2253 2168 Adversariis
2271 2128 2370 2166 recte
2390 2128 2466 2173 sus<

1413 2191 1574 2236 picatur,
1604 2200 1648 2224 ex
1671 2188 1745 2224 hoc
1768 2184 1935 2234 ejusdem
1956 2183 2123 2219 Maronis
2151 2180 2274 2218 versu:

1466 2255 1637 2303 sanguine
1644 2253 1874 2301 foedantem,
1903 2263 1984 2301 quos
2010 2248 2073 2299 ipse
2100 2249 2336 2298 sacraverat,
2365 2245 2468 2295 ignes.⁴

1415 2327 1620 2376 Dionysius
1650 2320 1942 2363 Halicarnasseus
1984 2320 2021 2357 in
2047 2320 2169 2368 prirno
2195 2317 2467 2358 Historiarum,

1423 2379 1619 2416 existimari
1649 2379 1699 2415 ait
1729 2376 1771 2413 ab
1798 2372 1976 2423 aliquibus
1999 2399 2010 2415 ,
2048 2371 2215 2408 Herceos
2246 2369 2351 2406 Deos
2369 2364 2440 2404 effe
2454 2391 2473 2408 ,γ

1423 2431 1487 2479 qui
1513 2431 1548 2467 δε
1571 2429 1679 2467 Patrii
1695 2429 1731 2465 ὃς
1757 2424 1945 2463 Genethlii
1966 2431 2170 2465 vocantur;
2202 2420 2326 2458 Latini
2351 2418 2469 2456 Pene-

1422 2482 1527 2520 trales
1548 2482 1585 2518 δε
1603 2480 1755 2517 Penates
1779 2484 1928 2513 vocant.
1956 2475 2157 2512 SALVAGN.

1475 2532 1559 2576 287.
1590 2537 1699 2574 thue
1718 2528 1813 2565 dedit
1828 2525 1973 2575 saltas]
2006 2524 2118 2561 lonus
2139 2525 2218 2560 Rex
2237 2517 2468 2562 Thessaliae,

1423 2583 1517 2622 filius
1539 2576 1680 2630 Perpeti
1710 2581 1799 2617 ultra
1834 2577 1991 2614 modum
2022 2583 2131 2620 potus
2155 2574 2200 2611 de
2228 2569 2315 2609 Osi'a
2337 2576 2469 2607 monte

1421 2646 1592 2684 praeceps
1608 2634 1711 2671 datus
1732 2630 1780 2669 est
1794 2657 1805 2675 ,
1832 2637 1870 2666 ut
1892 2628 1941 2665 ait
1961 2625 2085 2663 Gallus
2103 2637 2111 2657 t

1474 2717 1565 2755 Vina
1582 2714 1703 2765 probo,
1723 2712 1756 2763 fi
1773 2722 1854 2761 pota
1879 2708 1998 2751 modo,
2025 2704 2215 2752 debentque
2233 2703 2397 2754 probari,

1529 2767 1564 2804 si
1583 2780 1649 2802 non
1666 2774 1744 2813 pota
1761 2761 1858 2800 modo
1871 2788 1879 2803 ‚
1907 2759 1997 2795 vina
2017 2769 2150 2794 venena
2169 2766 2263 2799 puto.

1480 2825 1608 2864 Nempe
1629 2817 1730 2853 nimis
1748 2823 1847 2863 potus
1870 2811 1899 2857 fle
1917 2809 2117 2858 praeeipsta:
2133 2807 2158 2842 ie
2173 2809 2319 2853 Jonas,

1533 2869 1687 2917 Vinaque
1703 2876 1789 2915 pota
1809 2861 1913 2900 nimis
1932 2863 2034 2908 cau-sa
2048 2861 2147 2906 suere
2168 2858 2268 2897 necis.

1429 2965 1669 3006 Inrrunars.
1697 2964 1858 3002 Historia
1872 2956 2345 3005 commentitia‚versusque
2355 2956 2472 2995 rhithss

1430 3021 1517 3057 mici
1543 3019 1651 3056 Gallo
1677 3016 1799 3055 affiffi,
1849 3015 2066 3060 interpretes
2086 3020 2216 3046 omnes
2228 3007 2401 3044 hocloco
2415 3009 2471 3045 fa-

1428 3071 1615 3114 ciunt,nae
1628 3067 1884 3115 intelligendo,
1898 3075 1935 3102 ut
1948 3063 2033 3100 nihil
2048 3060 2264 3106 intelligam
2284 3059 2470 3097 Domitius

1428 3121 1525 3157 enim
1545 3128 1694 3157 Haemon
1709 3115 1962 3166 inquit‚filium
1975 3111 2097 3150 habuit
2112 3109 2382 3157 '1‘l2effalum,qui
2392 3123 2470 3146 cum

1433 3170 1638 3219 Zheffaltam
1659 3172 1797 3217 imperio
1815 3177 1940 3205 teneret
1953 3192 1963 3207 ,
1990 3162 2033 3199 ab
2044 3161 2195 3210 Euryalo
2205 3161 2344 3196 advena
2364 3173 2469 3205 ,nam

1435 3233 1510 3262 erat
1549 3229 1781 3273 Corcyraem,
1809 3233 1849 3259 ex
1879 3217 1957 3267 offa
1989 3224 2103 3252 monte
2130 3211 2381 3264 praecipitatus
2401 3210 2468 3257 est,

2371 3273 2472 3300 neca-
