<?xml version="1.0" encoding="UTF-8"?>
<!DOCTYPE html PUBLIC "-//W3C//DTD XHTML 1.0 Transitional//EN"
    "http://www.w3.org/TR/xhtml1/DTD/xhtml1-transitional.dtd">
<html xmlns="http://www.w3.org/1999/xhtml" xml:lang="en" lang="en">
 <head>
  <title>
</title>
<meta http-equiv="Content-Type" content="text/html;charset=utf-8" />
  <meta name='ocr-system' content='tesseract 3.04.00' />
  <meta name='ocr-capabilities' content='ocr_page ocr_carea ocr_par ocr_line ocrx_word'/>
</head>
<body>
  <div class='ocr_page' id='page_1' title='image "./publiiovidiinaso04ovid_0347.png"; bbox 0 0 2547 3708; ppageno 0'>
   <div class='ocr_carea' id='block_1_1' title="bbox 616 137 1524 194">
    <p class='ocr_par' dir='ltr' id='par_1_1' title="bbox 616 137 1524 194">
     <span class='ocr_line' id='line_1_1' title="bbox 616 137 1524 194; baseline 0.007 -8"><span class='ocrx_word' id='word_1_1' title='bbox 616 137 1524 194; x_wconf 82' lang='lat' dir='ltr'>PRAEFATIONES.</span> 
     </span>
    </p>
   </div>
   <div class='ocr_carea' id='block_1_2' title="bbox 185 225 1357 1720">
    <p class='ocr_par' dir='ltr' id='par_1_2' title="bbox 206 225 1313 360">
     <span class='ocr_line' id='line_1_2' title="bbox 206 225 1286 296; baseline -0.003 -13"><span class='ocrx_word' id='word_1_2' title='bbox 206 237 362 296; x_wconf 82' lang='lat' dir='ltr'><em>Copia,</em></span> <span class='ocrx_word' id='word_1_3' title='bbox 395 235 602 279; x_wconf 81' lang='lat' dir='ltr'><em>luxuriem</em></span> <span class='ocrx_word' id='word_1_4' title='bbox 626 248 730 293; x_wconf 80' lang='lat' dir='ltr'><em>quae</em></span> <span class='ocrx_word' id='word_1_5' title='bbox 749 225 875 277; x_wconf 84' lang='lat' dir='ltr'><em>cauta</em></span> <span class='ocrx_word' id='word_1_6' title='bbox 897 235 1076 278; x_wconf 74' lang='lat' dir='ltr'><em>coerceat</em></span> <span class='ocrx_word' id='word_1_7' title='bbox 1104 249 1286 291; x_wconf 74' lang='lat' dir='ltr'><em>omnem3</em></span> 
     </span>
     <span class='ocr_line' id='line_1_3' title="bbox 267 296 1313 360; baseline 0 -15"><span class='ocrx_word' id='word_1_8' title='bbox 267 301 453 360; x_wconf 88' lang='lat' dir='ltr'><em>Nilque,</em></span> <span class='ocrx_word' id='word_1_9' title='bbox 476 296 783 358; x_wconf 78' lang='lat' dir='ltr'><em>supervacuum</em></span> <span class='ocrx_word' id='word_1_10' title='bbox 805 298 912 358; x_wconf 90' lang='lat' dir='ltr'><em>quod</em></span> <span class='ocrx_word' id='word_1_11' title='bbox 933 298 1155 358; x_wconf 83' lang='lat' dir='ltr'><em>videatur,</em></span> <span class='ocrx_word' id='word_1_12' title='bbox 1189 310 1313 345; x_wconf 80' lang='lat' dir='ltr'><em>amet.</em></span> 
     </span>
    </p>

    <p class='ocr_par' dir='ltr' id='par_1_3' title="bbox 199 361 1136 490">
     <span class='ocr_line' id='line_1_4' title="bbox 199 361 1133 426; baseline -0.003 -15"><span class='ocrx_word' id='word_1_13' title='bbox 199 363 332 426; x_wconf 62' lang='lat' dir='ltr'><em>Musti</em></span> <span class='ocrx_word' id='word_1_14' title='bbox 341 363 451 426; x_wconf 86' lang='lat' dir='ltr'><em>satis</em></span> <span class='ocrx_word' id='word_1_15' title='bbox 461 361 574 423; x_wconf 85' lang='lat' dir='ltr'><em>felix</em></span> <span class='ocrx_word' id='word_1_16' title='bbox 594 365 767 408; x_wconf 83' lang='lat' dir='ltr'><em>nativae</em></span> <span class='ocrx_word' id='word_1_17' title='bbox 786 377 950 407; x_wconf 78' lang='lat' dir='ltr'><em>munere</em></span> <span class='ocrx_word' id='word_1_18' title='bbox 964 361 1133 424; x_wconf 85' lang='lat' dir='ltr'><em>formae</em></span> 
     </span>
     <span class='ocr_line' id='line_1_5' title="bbox 264 426 1136 490; baseline -0.001 -16"><span class='ocrx_word' id='word_1_19' title='bbox 264 429 455 490; x_wconf 85' lang='lat' dir='ltr'><em>Negligit</em></span> <span class='ocrx_word' id='word_1_20' title='bbox 479 426 679 489; x_wconf 77' lang='lat' dir='ltr'><em>adscitam</em></span> <span class='ocrx_word' id='word_1_21' title='bbox 694 429 814 486; x_wconf 81' lang='lat' dir='ltr'><em>plena</em></span> <span class='ocrx_word' id='word_1_22' title='bbox 838 427 988 472; x_wconf 85' lang='lat' dir='ltr'><em>decoris</em></span> <span class='ocrx_word' id='word_1_23' title='bbox 1012 442 1136 488; x_wconf 86' lang='lat' dir='ltr'><em>opem.</em></span> 
     </span>
    </p>

    <p class='ocr_par' dir='ltr' id='par_1_4' title="bbox 199 490 1259 619">
     <span class='ocr_line' id='line_1_6' title="bbox 199 490 1259 553; baseline 0 -14"><span class='ocrx_word' id='word_1_24' title='bbox 199 496 390 539; x_wconf 82' lang='lat' dir='ltr'><em>Concitat</em></span> <span class='ocrx_word' id='word_1_25' title='bbox 409 490 584 553; x_wconf 60' lang='lat' dir='ltr'><em>affectus</em></span> <span class='ocrx_word' id='word_1_26' title='bbox 596 525 610 549; x_wconf 87' lang='lat'>,</span> <span class='ocrx_word' id='word_1_27' title='bbox 628 493 700 544; x_wconf 60' lang='grc' dir='ltr'><em>Ἐφ’</em></span> <span class='ocrx_word' id='word_1_28' title='bbox 722 494 765 537; x_wconf 84' lang='lat' dir='ltr'><em>in</em></span> <span class='ocrx_word' id='word_1_29' title='bbox 785 494 919 537; x_wconf 82' lang='lat' dir='ltr'><em>altam</em></span> <span class='ocrx_word' id='word_1_30' title='bbox 939 494 1098 539; x_wconf 75' lang='lat' dir='ltr'><em>labitur</em></span> <span class='ocrx_word' id='word_1_31' title='bbox 1117 509 1259 539; x_wconf 85' lang='lat' dir='ltr'><em>aurem</em></span> 
     </span>
     <span class='ocr_line' id='line_1_7' title="bbox 267 557 1100 619; baseline 0.002 -17"><span class='ocrx_word' id='word_1_32' title='bbox 267 559 422 604; x_wconf 85' lang='lat' dir='ltr'><em>Gratia</em></span> <span class='ocrx_word' id='word_1_33' title='bbox 437 557 658 611; x_wconf 79' lang='lat' dir='ltr'><em>flexanimi</em></span> <span class='ocrx_word' id='word_1_34' title='bbox 679 572 755 603; x_wconf 87' lang='lat' dir='ltr'><em>non</em></span> <span class='ocrx_word' id='word_1_35' title='bbox 775 558 981 602; x_wconf 79' lang='lat' dir='ltr'><em>imitanda</em></span> <span class='ocrx_word' id='word_1_36' title='bbox 991 557 1100 619; x_wconf 87' lang='lat' dir='ltr'><em>soni.</em></span> 
     </span>
    </p>

    <p class='ocr_par' dir='ltr' id='par_1_5' title="bbox 202 620 1226 748">
     <span class='ocr_line' id='line_1_8' title="bbox 202 620 1225 683; baseline 0.002 -15"><span class='ocrx_word' id='word_1_37' title='bbox 202 623 428 682; x_wconf 83' lang='lat' dir='ltr'><em>Ambrofiis</em></span> <span class='ocrx_word' id='word_1_38' title='bbox 436 620 607 683; x_wconf 83' lang='lat' dir='ltr'><em>saturos</em></span> <span class='ocrx_word' id='word_1_39' title='bbox 629 622 816 682; x_wconf 81' lang='lat' dir='ltr'><em>dapibus,</em></span> <span class='ocrx_word' id='word_1_40' title='bbox 837 622 1040 682; x_wconf 81' lang='lat' dir='ltr'><em>Genioque</em></span> <span class='ocrx_word' id='word_1_41' title='bbox 1060 625 1225 670; x_wconf 84' lang='lat' dir='ltr'><em>litantes</em></span> 
     </span>
     <span class='ocr_line' id='line_1_9' title="bbox 268 686 1226 748; baseline 0.001 -16"><span class='ocrx_word' id='word_1_42' title='bbox 268 687 519 732; x_wconf 80' lang='lat' dir='ltr'><em>Crediderim</em></span> <span class='ocrx_word' id='word_1_43' title='bbox 541 688 713 745; x_wconf 83' lang='lat' dir='ltr'><em>Superos</em></span> <span class='ocrx_word' id='word_1_44' title='bbox 736 686 815 731; x_wconf 87' lang='lat' dir='ltr'><em>hac</em></span> <span class='ocrx_word' id='word_1_45' title='bbox 834 702 899 748; x_wconf 85' lang='lat' dir='ltr'><em>ego</em></span> <span class='ocrx_word' id='word_1_46' title='bbox 922 703 1017 731; x_wconf 81' lang='lat' dir='ltr'><em>voce</em></span> <span class='ocrx_word' id='word_1_47' title='bbox 1035 690 1158 748; x_wconf 89' lang='lat' dir='ltr'><em>loqui.</em></span> <span class='ocrx_word' id='word_1_48' title='bbox 1220 714 1226 720; x_wconf 91' lang='lat'>·</span> 
     </span>
    </p>

    <p class='ocr_par' dir='ltr' id='par_1_6' title="bbox 199 750 1336 876">
     <span class='ocr_line' id='line_1_10' title="bbox 199 750 1336 812; baseline 0.004 -16"><span class='ocrx_word' id='word_1_49' title='bbox 199 752 337 797; x_wconf 83' lang='lat' dir='ltr'><em>Haud</em></span> <span class='ocrx_word' id='word_1_50' title='bbox 349 751 493 811; x_wconf 81' lang='lat' dir='ltr'><em>facilis</em></span> <span class='ocrx_word' id='word_1_51' title='bbox 516 751 621 796; x_wconf 77' lang='lat' dir='ltr'><em>mihi</em></span> <span class='ocrx_word' id='word_1_52' title='bbox 632 765 773 812; x_wconf 74' lang='lat' dir='ltr'><em>pugna</em></span> <span class='ocrx_word' id='word_1_53' title='bbox 783 750 879 811; x_wconf 88' lang='lat' dir='ltr'><em>fuit</em></span> <span class='ocrx_word' id='word_1_54' title='bbox 898 767 988 796; x_wconf 86' lang='lat' dir='ltr'><em>cum</em></span> <span class='ocrx_word' id='word_1_55' title='bbox 1011 753 1100 797; x_wconf 77' lang='lat' dir='ltr'><em>labe</em></span> <span class='ocrx_word' id='word_1_56' title='bbox 1115 754 1336 812; x_wconf 66' lang='lat' dir='ltr'><em>pudenda,</em></span> 
     </span>
     <span class='ocr_line' id='line_1_11' title="bbox 262 812 1187 876; baseline 0 -14"><span class='ocrx_word' id='word_1_57' title='bbox 262 812 464 875; x_wconf 76' lang='lat' dir='ltr'><em>Temporis</em></span> <span class='ocrx_word' id='word_1_58' title='bbox 485 817 634 861; x_wconf 58' lang='lat' dir='ltr'><em>allevft</em></span> <span class='ocrx_word' id='word_1_59' title='bbox 656 831 779 876; x_wconf 79' lang='lat' dir='ltr'><em>qaam</em></span> <span class='ocrx_word' id='word_1_60' title='bbox 805 831 918 861; x_wconf 85' lang='lat' dir='ltr'><em>mora</em></span> <span class='ocrx_word' id='word_1_61' title='bbox 939 817 1055 876; x_wconf 88' lang='lat' dir='ltr'><em>longa</em></span> <span class='ocrx_word' id='word_1_62' title='bbox 1080 813 1187 862; x_wconf 80' lang='lat' dir='ltr'><em>viro.</em></span> 
     </span>
    </p>

    <p class='ocr_par' dir='ltr' id='par_1_7' title="bbox 199 881 1198 1007">
     <span class='ocr_line' id='line_1_12' title="bbox 199 881 1198 942; baseline -0.002 -14"><span class='ocrx_word' id='word_1_63' title='bbox 199 882 268 929; x_wconf 91' lang='lat' dir='ltr'><em>Sic</em></span> <span class='ocrx_word' id='word_1_64' title='bbox 288 896 438 942; x_wconf 89' lang='lat' dir='ltr'><em>quoque</em></span> <span class='ocrx_word' id='word_1_65' title='bbox 454 882 657 938; x_wconf 63' lang='lat' dir='ltr'><em>pernofftis</em></span> <span class='ocrx_word' id='word_1_66' title='bbox 670 881 869 942; x_wconf 73' lang='lat' dir='ltr'><em>superavi</em></span> <span class='ocrx_word' id='word_1_67' title='bbox 887 881 1025 926; x_wconf 81' lang='lat' dir='ltr'><em>taedia</em></span> <span class='ocrx_word' id='word_1_68' title='bbox 1048 897 1198 936; x_wconf 82' lang='lat' dir='ltr'><em>curae3</em></span> 
     </span>
     <span class='ocr_line' id='line_1_13' title="bbox 260 939 1127 1007; baseline -0.002 -16"><span class='ocrx_word' id='word_1_69' title='bbox 260 945 443 1005; x_wconf 75' lang='lat' dir='ltr'><em>Succcffu</em></span> <span class='ocrx_word' id='word_1_70' title='bbox 454 943 640 1004; x_wconf 85' lang='lat' dir='ltr'><em>studium</em></span> <span class='ocrx_word' id='word_1_71' title='bbox 663 961 731 991; x_wconf 90' lang='lat' dir='ltr'><em>nec</em></span> <span class='ocrx_word' id='word_1_72' title='bbox 754 954 883 990; x_wconf 81' lang='lat' dir='ltr'><em>vacat</em></span> <span class='ocrx_word' id='word_1_73' title='bbox 908 939 1020 991; x_wconf 86' lang='lat' dir='ltr'><em>omne</em></span> <span class='ocrx_word' id='word_1_74' title='bbox 1034 945 1127 1007; x_wconf 76' lang='lat' dir='ltr'><em>suo.</em></span> 
     </span>
    </p>

    <p class='ocr_par' dir='ltr' id='par_1_8' title="bbox 200 1008 1227 1135">
     <span class='ocr_line' id='line_1_14' title="bbox 200 1008 1227 1070; baseline 0 -14"><span class='ocrx_word' id='word_1_75' title='bbox 200 1010 363 1056; x_wconf 85' lang='lat' dir='ltr'><em>Menda</em></span> <span class='ocrx_word' id='word_1_76' title='bbox 384 1011 566 1070; x_wconf 82' lang='lat' dir='ltr'><em>relegata</em></span> <span class='ocrx_word' id='word_1_77' title='bbox 590 1008 641 1068; x_wconf 87' lang='lat' dir='ltr'><em>est</em></span> <span class='ocrx_word' id='word_1_78' title='bbox 664 1011 694 1055; x_wconf 81' lang='lat' dir='ltr'><em>a</em></span> <span class='ocrx_word' id='word_1_79' title='bbox 714 1012 830 1069; x_wconf 84' lang='lat' dir='ltr'><em>tersts</em></span> <span class='ocrx_word' id='word_1_80' title='bbox 842 1011 1028 1069; x_wconf 84' lang='lat' dir='ltr'><em>plurima</em></span> <span class='ocrx_word' id='word_1_81' title='bbox 1053 1010 1227 1056; x_wconf 84' lang='lat' dir='ltr'><em>chartis.</em></span> 
     </span>
     <span class='ocr_line' id='line_1_15' title="bbox 264 1074 1180 1135; baseline -0.001 -15"><span class='ocrx_word' id='word_1_82' title='bbox 264 1076 448 1120; x_wconf 87' lang='lat' dir='ltr'><em>Comtior</em></span> <span class='ocrx_word' id='word_1_83' title='bbox 471 1074 701 1135; x_wconf 70' lang='lat' dir='ltr'><em>Ausoniuin</em></span> <span class='ocrx_word' id='word_1_84' title='bbox 708 1075 808 1134; x_wconf 86' lang='lat' dir='ltr'><em>jam</em></span> <span class='ocrx_word' id='word_1_85' title='bbox 830 1074 944 1119; x_wconf 85' lang='lat' dir='ltr'><em>videt</em></span> <span class='ocrx_word' id='word_1_86' title='bbox 967 1076 1035 1119; x_wconf 88' lang='lat' dir='ltr'><em>ille</em></span> <span class='ocrx_word' id='word_1_87' title='bbox 1057 1075 1180 1120; x_wconf 78' lang='lat' dir='ltr'><em>dient.</em></span> 
     </span>
    </p>

    <p class='ocr_par' dir='ltr' id='par_1_9' title="bbox 191 1139 1357 1264">
     <span class='ocr_line' id='line_1_16' title="bbox 191 1139 1357 1201; baseline 0.001 -17"><span class='ocrx_word' id='word_1_88' title='bbox 191 1139 345 1185; x_wconf 86' lang='lat' dir='ltr'><em>Exulis</em></span> <span class='ocrx_word' id='word_1_89' title='bbox 365 1141 563 1184; x_wconf 86' lang='lat' dir='ltr'><em>immeriti</em></span> <span class='ocrx_word' id='word_1_90' title='bbox 581 1139 744 1184; x_wconf 76' lang='lat' dir='ltr'><em>reduces</em></span> <span class='ocrx_word' id='word_1_91' title='bbox 766 1148 875 1196; x_wconf 84' lang='lat' dir='ltr'><em>tere,</em></span> <span class='ocrx_word' id='word_1_92' title='bbox 911 1140 1076 1197; x_wconf 85' lang='lat' dir='ltr'><em>Roma,</em></span> <span class='ocrx_word' id='word_1_93' title='bbox 1109 1140 1261 1185; x_wconf 82' lang='lat' dir='ltr'><em>libellos</em></span> <span class='ocrx_word' id='word_1_94' title='bbox 1273 1161 1288 1195; x_wconf 66' lang='grc' dir='ltr'><strong><em>ς</em></strong></span> <span class='ocrx_word' id='word_1_95' title='bbox 1351 1196 1357 1201; x_wconf 28' lang='lat'><em>⁶</em></span> 
     </span>
     <span class='ocr_line' id='line_1_17' title="bbox 256 1201 1146 1264; baseline -0.003 -13"><span class='ocrx_word' id='word_1_96' title='bbox 256 1205 456 1251; x_wconf 85' lang='lat' dir='ltr'><em>Nominis</em></span> <span class='ocrx_word' id='word_1_97' title='bbox 476 1205 562 1248; x_wconf 90' lang='lat' dir='ltr'><em>ulla</em></span> <span class='ocrx_word' id='word_1_98' title='bbox 571 1201 700 1263; x_wconf 76' lang='lat' dir='ltr'><em>super</em></span> <span class='ocrx_word' id='word_1_99' title='bbox 711 1207 754 1262; x_wconf 85' lang='lat' dir='ltr'><em>st</em></span> <span class='ocrx_word' id='word_1_100' title='bbox 773 1204 851 1248; x_wconf 83' lang='lat' dir='ltr'><em>tihi</em></span> <span class='ocrx_word' id='word_1_101' title='bbox 867 1219 971 1255; x_wconf 46' lang='lat' dir='ltr'><em>,cura</em></span> <span class='ocrx_word' id='word_1_102' title='bbox 993 1205 1058 1248; x_wconf 90' lang='lat' dir='ltr'><em>tui</em></span> <span class='ocrx_word' id='word_1_103' title='bbox 1077 1204 1146 1264; x_wconf 78' lang='lat' dir='ltr'><em>est.</em></span> 
     </span>
    </p>

    <p class='ocr_par' dir='ltr' id='par_1_10' title="bbox 192 1267 1248 1395">
     <span class='ocr_line' id='line_1_18' title="bbox 192 1267 1248 1330; baseline -0.001 -16"><span class='ocrx_word' id='word_1_104' title='bbox 192 1267 299 1314; x_wconf 87' lang='lat' dir='ltr'><em>Ecce</em></span> <span class='ocrx_word' id='word_1_105' title='bbox 312 1301 327 1326; x_wconf 87' lang='lat'>‚</span> <span class='ocrx_word' id='word_1_106' title='bbox 366 1268 600 1326; x_wconf 80' lang='lat' dir='ltr'><em>Cupidineis</em></span> <span class='ocrx_word' id='word_1_107' title='bbox 622 1269 730 1328; x_wconf 83' lang='lat' dir='ltr'><em>quod</em></span> <span class='ocrx_word' id='word_1_108' title='bbox 734 1268 886 1330; x_wconf 87' lang='lat' dir='ltr'><em>saucia</em></span> <span class='ocrx_word' id='word_1_109' title='bbox 908 1269 1035 1313; x_wconf 83' lang='lat' dir='ltr'><em>turba</em></span> <span class='ocrx_word' id='word_1_110' title='bbox 1047 1267 1248 1330; x_wconf 82' lang='lat' dir='ltr'><em>sagittis,</em></span> 
     </span>
     <span class='ocr_line' id='line_1_19' title="bbox 254 1333 1170 1395; baseline 0 -17"><span class='ocrx_word' id='word_1_111' title='bbox 254 1335 359 1379; x_wconf 93' lang='lat' dir='ltr'><em>Non</em></span> <span class='ocrx_word' id='word_1_112' title='bbox 378 1334 627 1378; x_wconf 83' lang='lat' dir='ltr'><em>damnaturo</em></span> <span class='ocrx_word' id='word_1_113' title='bbox 653 1333 855 1395; x_wconf 77' lang='lat' dir='ltr'><em>Caestzre,</em></span> <span class='ocrx_word' id='word_1_114' title='bbox 888 1334 1040 1378; x_wconf 83' lang='lat' dir='ltr'><em>volvat</em></span> <span class='ocrx_word' id='word_1_115' title='bbox 1060 1346 1170 1393; x_wconf 90' lang='lat' dir='ltr'><em>opus.</em></span> 
     </span>
    </p>

    <p class='ocr_par' dir='ltr' id='par_1_11' title="bbox 194 1396 1250 1526">
     <span class='ocr_line' id='line_1_20' title="bbox 194 1396 1250 1460; baseline 0 -17"><span class='ocrx_word' id='word_1_116' title='bbox 194 1396 284 1457; x_wconf 72' lang='lat' dir='ltr'><em>lpse</em></span> <span class='ocrx_word' id='word_1_117' title='bbox 293 1397 391 1457; x_wconf 90' lang='lat' dir='ltr'><em>suis</em></span> <span class='ocrx_word' id='word_1_118' title='bbox 402 1397 572 1457; x_wconf 84' lang='lat' dir='ltr'><em>posthac</em></span> <span class='ocrx_word' id='word_1_119' title='bbox 580 1397 743 1457; x_wconf 78' lang='lat' dir='ltr'><em>fidibus</em></span> <span class='ocrx_word' id='word_1_120' title='bbox 756 1397 873 1460; x_wconf 84' lang='lat' dir='ltr'><em>quod</em></span> <span class='ocrx_word' id='word_1_121' title='bbox 887 1397 1053 1442; x_wconf 84' lang='lat' dir='ltr'><em>mandet</em></span> <span class='ocrx_word' id='word_1_122' title='bbox 1076 1399 1222 1458; x_wconf 80' lang='lat' dir='ltr'><em>Apollo</em></span> <span class='ocrx_word' id='word_1_123' title='bbox 1234 1418 1250 1453; x_wconf 67' lang='grc' dir='ltr'><strong><em>ς</em></strong></span> 
     </span>
     <span class='ocr_line' id='line_1_21' title="bbox 255 1463 1188 1526; baseline -0.001 -18"><span class='ocrx_word' id='word_1_124' title='bbox 255 1464 389 1526; x_wconf 60' lang='lat' dir='ltr'><em>,Quod</em></span> <span class='ocrx_word' id='word_1_125' title='bbox 391 1463 515 1524; x_wconf 87' lang='lat' dir='ltr'><em>soror</em></span> <span class='ocrx_word' id='word_1_126' title='bbox 532 1464 668 1508; x_wconf 86' lang='lat' dir='ltr'><em>Ao&#39;nio</em></span> <span class='ocrx_word' id='word_1_127' title='bbox 688 1464 782 1510; x_wconf 90' lang='lat' dir='ltr'><em>colle</em></span> <span class='ocrx_word' id='word_1_128' title='bbox 808 1478 963 1508; x_wconf 84' lang='lat' dir='ltr'><em>novena</em></span> <span class='ocrx_word' id='word_1_129' title='bbox 987 1472 1126 1516; x_wconf 32' lang='lat' dir='ltr'><em>canat&amp;-</em></span> <span class='ocrx_word' id='word_1_130' title='bbox 1183 1463 1188 1468; x_wconf 84' lang='grc'>’</span> 
     </span>
    </p>

    <p class='ocr_par' dir='ltr' id='par_1_12' title="bbox 185 1525 1219 1653">
     <span class='ocr_line' id='line_1_22' title="bbox 185 1525 1219 1589; baseline -0.001 -15"><span class='ocrx_word' id='word_1_131' title='bbox 185 1525 406 1589; x_wconf 82' lang='lat' dir='ltr'><em>Degener,</em></span> <span class='ocrx_word' id='word_1_132' title='bbox 441 1527 495 1578; x_wconf 73' lang='lat'><em>&amp;²</em></span> <span class='ocrx_word' id='word_1_133' title='bbox 519 1528 624 1576; x_wconf 84' lang='lat' dir='ltr'><em>nulli</em></span> <span class='ocrx_word' id='word_1_134' title='bbox 642 1528 798 1589; x_wconf 74' lang='lat' dir='ltr'><em>Caestzr</em></span> <span class='ocrx_word' id='word_1_135' title='bbox 827 1527 1030 1573; x_wconf 83' lang='lat' dir='ltr'><em>laudande</em></span> <span class='ocrx_word' id='word_1_136' title='bbox 1044 1529 1219 1586; x_wconf 78' lang='lat' dir='ltr'><em>poetae,</em></span> 
     </span>
     <span class='ocr_line' id='line_1_23' title="bbox 253 1590 1168 1653; baseline 0 -16"><span class='ocrx_word' id='word_1_137' title='bbox 253 1594 493 1638; x_wconf 83' lang='lat' dir='ltr'><em>Dardanus</em></span> <span class='ocrx_word' id='word_1_138' title='bbox 512 1590 721 1653; x_wconf 78' lang='lat' dir='ltr'><em>Anchisae</em></span> <span class='ocrx_word' id='word_1_139' title='bbox 744 1603 842 1638; x_wconf 89' lang='lat' dir='ltr'><em>tune</em></span> <span class='ocrx_word' id='word_1_140' title='bbox 851 1590 999 1652; x_wconf 84' lang='lat' dir='ltr'><em>ferare</em></span> <span class='ocrx_word' id='word_1_141' title='bbox 1021 1591 1168 1650; x_wconf 88' lang='lat' dir='ltr'><em>nepos?</em></span> 
     </span>
    </p>

    <p class='ocr_par' dir='ltr' id='par_1_13' title="bbox 191 1654 1202 1720">
     <span class='ocr_line' id='line_1_24' title="bbox 191 1654 1202 1720; baseline 0.001 -19"><span class='ocrx_word' id='word_1_142' title='bbox 191 1655 302 1704; x_wconf 79' lang='lat' dir='ltr'><em>Tune</em></span> <span class='ocrx_word' id='word_1_143' title='bbox 326 1657 594 1715; x_wconf 75' lang='lat' dir='ltr'><em>Cytheriacae</em></span> <span class='ocrx_word' id='word_1_144' title='bbox 614 1656 1010 1720; x_wconf 28' lang='lat' dir='ltr'><em>censendusroriginis</em></span> <span class='ocrx_word' id='word_1_145' title='bbox 1030 1654 1202 1702; x_wconf 85' lang='lat' dir='ltr'><em>haeres?</em></span> 
     </span>
    </p>
   </div>
   <div class='ocr_carea' id='block_1_3' title="bbox 253 1718 1390 1789">
    <p class='ocr_par' dir='ltr' id='par_1_14' title="bbox 253 1718 1390 1789">
     <span class='ocr_line' id='line_1_25' title="bbox 253 1718 1390 1789; baseline -0.002 -22"><span class='ocrx_word' id='word_1_146' title='bbox 253 1723 382 1789; x_wconf 73' lang='lat' dir='ltr'><em>Qid</em></span> <span class='ocrx_word' id='word_1_147' title='bbox 402 1723 479 1768; x_wconf 86' lang='lat' dir='ltr'><em>tihi</em></span> <span class='ocrx_word' id='word_1_148' title='bbox 491 1755 506 1781; x_wconf 79' lang='lat'>‚</span> <span class='ocrx_word' id='word_1_149' title='bbox 540 1722 643 1782; x_wconf 84' lang='lat' dir='ltr'><em>quid</em></span> <span class='ocrx_word' id='word_1_150' title='bbox 663 1724 793 1768; x_wconf 83' lang='lat' dir='ltr'><em>Latio</em></span> <span class='ocrx_word' id='word_1_151' title='bbox 817 1723 947 1768; x_wconf 81' lang='lat' dir='ltr'><em>verba</em></span> <span class='ocrx_word' id='word_1_152' title='bbox 962 1755 978 1781; x_wconf 82' lang='lat'>‚</span> <span class='ocrx_word' id='word_1_153' title='bbox 1010 1733 1199 1780; x_wconf 86' lang='lat' dir='ltr'><em>cruente,</em></span> <span class='ocrx_word' id='word_1_154' title='bbox 1231 1718 1390 1767; x_wconf 76' lang='lat' dir='ltr'><em>dabas?</em></span> 
     </span>
    </p>
   </div>
   <div class='ocr_carea' id='block_1_4' title="bbox 186 1785 1252 2040">
    <p class='ocr_par' dir='ltr' id='par_1_15' title="bbox 186 1785 1197 1913">
     <span class='ocr_line' id='line_1_26' title="bbox 186 1785 1197 1849; baseline 0.001 -18"><span class='ocrx_word' id='word_1_155' title='bbox 186 1785 281 1833; x_wconf 89' lang='lat' dir='ltr'><em>Hoc</em></span> <span class='ocrx_word' id='word_1_156' title='bbox 301 1798 341 1833; x_wconf 91' lang='lat' dir='ltr'><em>te</em></span> <span class='ocrx_word' id='word_1_157' title='bbox 361 1788 593 1833; x_wconf 84' lang='lat' dir='ltr'><em>mendacem</em></span> <span class='ocrx_word' id='word_1_158' title='bbox 603 1785 739 1847; x_wconf 91' lang='lat' dir='ltr'><em>scelus</em></span> <span class='ocrx_word' id='word_1_159' title='bbox 762 1789 914 1849; x_wconf 77' lang='lat' dir='ltr'><em>arguit.</em></span> <span class='ocrx_word' id='word_1_160' title='bbox 948 1786 1035 1848; x_wconf 69' lang='lat' dir='ltr'><em>ipſsa</em></span> <span class='ocrx_word' id='word_1_161' title='bbox 1058 1786 1197 1832; x_wconf 87' lang='lat' dir='ltr'><em>Dione</em></span> 
     </span>
     <span class='ocr_line' id='line_1_27' title="bbox 253 1849 977 1913; baseline -0.003 -16"><span class='ocrx_word' id='word_1_162' title='bbox 253 1853 466 1913; x_wconf 87' lang='lat' dir='ltr'><em>Exequias</em></span> <span class='ocrx_word' id='word_1_163' title='bbox 486 1854 584 1913; x_wconf 85' lang='lat' dir='ltr'><em>vati</em></span> <span class='ocrx_word' id='word_1_164' title='bbox 602 1853 784 1898; x_wconf 88' lang='lat' dir='ltr'><em>creditur</em></span> <span class='ocrx_word' id='word_1_165' title='bbox 805 1853 875 1911; x_wconf 56' lang='lat' dir='ltr'><em>iffi?</em></span> <span class='ocrx_word' id='word_1_166' title='bbox 883 1849 977 1911; x_wconf 77' lang='lat' dir='ltr'><em>fico.</em></span> 
     </span>
    </p>

    <p class='ocr_par' dir='ltr' id='par_1_16' title="bbox 187 1913 1252 2040">
     <span class='ocr_line' id='line_1_28' title="bbox 187 1913 1252 1977; baseline -0.002 -15"><span class='ocrx_word' id='word_1_167' title='bbox 187 1913 285 1976; x_wconf 69' lang='lat' dir='ltr'><em>Ipsa</em></span> <span class='ocrx_word' id='word_1_168' title='bbox 304 1919 394 1962; x_wconf 86' lang='lat' dir='ltr'><em>viri</em></span> <span class='ocrx_word' id='word_1_169' title='bbox 416 1919 612 1961; x_wconf 87' lang='lat' dir='ltr'><em>comitata</em></span> <span class='ocrx_word' id='word_1_170' title='bbox 622 1915 776 1977; x_wconf 89' lang='lat' dir='ltr'><em>fugam</em></span> <span class='ocrx_word' id='word_1_171' title='bbox 793 1916 870 1975; x_wconf 85' lang='lat' dir='ltr'><em>pia</em></span> <span class='ocrx_word' id='word_1_172' title='bbox 891 1916 1020 1960; x_wconf 88' lang='lat' dir='ltr'><em>Diva</em></span> <span class='ocrx_word' id='word_1_173' title='bbox 1040 1923 1252 1977; x_wconf 82' lang='lat' dir='ltr'><em>ratemque</em></span> 
     </span>
     <span class='ocr_line' id='line_1_29' title="bbox 251 1979 1030 2040; baseline -0.001 -15"><span class='ocrx_word' id='word_1_174' title='bbox 251 1980 394 2025; x_wconf 79' lang='lat' dir='ltr'><em>Ionias</em></span> <span class='ocrx_word' id='word_1_175' title='bbox 403 1980 537 2040; x_wconf 77' lang='lat' dir='ltr'><em>spiffis</em></span> <span class='ocrx_word' id='word_1_176' title='bbox 547 1979 722 2037; x_wconf 83' lang='lat' dir='ltr'><em>fletibus</em></span> <span class='ocrx_word' id='word_1_177' title='bbox 742 1983 863 2024; x_wconf 88' lang='lat' dir='ltr'><em>auxit</em></span> <span class='ocrx_word' id='word_1_178' title='bbox 884 1995 1030 2040; x_wconf 87' lang='lat' dir='ltr'><em>aquas.</em></span> 
     </span>
    </p>
   </div>
   <div class='ocr_carea' id='block_1_5' title="bbox 190 2041 1389 2106">
    <p class='ocr_par' dir='ltr' id='par_1_17' title="bbox 190 2041 1389 2106">
     <span class='ocr_line' id='line_1_30' title="bbox 190 2041 1389 2106; baseline 0 -18"><span class='ocrx_word' id='word_1_179' title='bbox 190 2045 349 2106; x_wconf 85' lang='lat' dir='ltr'><em>Unguis</em></span> <span class='ocrx_word' id='word_1_180' title='bbox 366 2047 410 2090; x_wconf 91' lang='lat' dir='ltr'><em>in</em></span> <span class='ocrx_word' id='word_1_181' title='bbox 432 2059 498 2089; x_wconf 89' lang='lat' dir='ltr'><em>ore</em></span> <span class='ocrx_word' id='word_1_182' title='bbox 506 2041 650 2102; x_wconf 74' lang='lat' dir='ltr'><em>sedet,</em></span> <span class='ocrx_word' id='word_1_183' title='bbox 683 2046 792 2089; x_wconf 88' lang='lat' dir='ltr'><em>lacer</em></span> <span class='ocrx_word' id='word_1_184' title='bbox 809 2043 949 2089; x_wconf 89' lang='lat' dir='ltr'><em>horret</em></span> <span class='ocrx_word' id='word_1_185' title='bbox 966 2045 1011 2088; x_wconf 93' lang='lat' dir='ltr'><em>in</em></span> <span class='ocrx_word' id='word_1_186' title='bbox 1031 2059 1098 2089; x_wconf 91' lang='lat' dir='ltr'><em>ore</em></span> <span class='ocrx_word' id='word_1_187' title='bbox 1116 2045 1286 2104; x_wconf 86' lang='lat' dir='ltr'><em>capillus</em></span> <span class='ocrx_word' id='word_1_188' title='bbox 1296 2063 1314 2098; x_wconf 75' lang='lat'>3</span> <span class='ocrx_word' id='word_1_189' title='bbox 1385 2054 1389 2058; x_wconf 83' lang='lat'>&#39;</span> 
     </span>
    </p>
   </div>
   <div class='ocr_carea' id='block_1_6' title="bbox 187 2107 1207 2297">
    <p class='ocr_par' dir='ltr' id='par_1_18' title="bbox 187 2107 1207 2297">
     <span class='ocr_line' id='line_1_31' title="bbox 251 2107 1078 2170; baseline -0.001 -17"><span class='ocrx_word' id='word_1_190' title='bbox 251 2110 416 2154; x_wconf 85' lang='lat' dir='ltr'><em>Livida</em></span> <span class='ocrx_word' id='word_1_191' title='bbox 438 2107 602 2170; x_wconf 75' lang='lat' dir='ltr'><em>refiiffd</em></span> <span class='ocrx_word' id='word_1_192' title='bbox 615 2113 782 2168; x_wconf 66' lang='lat' dir='ltr'><em>pettora</em></span> <span class='ocrx_word' id='word_1_193' title='bbox 805 2108 913 2168; x_wconf 85' lang='lat' dir='ltr'><em>veste</em></span> <span class='ocrx_word' id='word_1_194' title='bbox 933 2109 1078 2170; x_wconf 87' lang='lat' dir='ltr'><em>rigent.</em></span> 
     </span>
     <span class='ocr_line' id='line_1_32' title="bbox 187 2172 1196 2235; baseline 0.001 -18"><span class='ocrx_word' id='word_1_195' title='bbox 187 2172 282 2218; x_wconf 82' lang='lat' dir='ltr'><em>Hoc</em></span> <span class='ocrx_word' id='word_1_196' title='bbox 304 2173 452 2218; x_wconf 87' lang='lat' dir='ltr'><em>habitu</em></span> <span class='ocrx_word' id='word_1_197' title='bbox 476 2175 628 2218; x_wconf 82' lang='lat' dir='ltr'><em>vulnus</em></span> <span class='ocrx_word' id='word_1_198' title='bbox 646 2188 725 2218; x_wconf 90' lang='lat' dir='ltr'><em>non</em></span> <span class='ocrx_word' id='word_1_199' title='bbox 744 2172 975 2235; x_wconf 81' lang='lat' dir='ltr'><em>consolabile</em></span> <span class='ocrx_word' id='word_1_200' title='bbox 995 2173 1196 2233; x_wconf 83' lang='lat' dir='ltr'><em>quondam</em></span> 
     </span>
     <span class='ocr_line' id='line_1_33' title="bbox 251 2236 1207 2297; baseline -0.001 -14"><span class='ocrx_word' id='word_1_201' title='bbox 251 2237 478 2294; x_wconf 83' lang='lat' dir='ltr'><em>Prodidit,</em></span> <span class='ocrx_word' id='word_1_202' title='bbox 511 2236 693 2297; x_wconf 78' lang='lat' dir='ltr'><em>invisam</em></span> <span class='ocrx_word' id='word_1_203' title='bbox 716 2239 793 2283; x_wconf 88' lang='lat' dir='ltr'><em>vix</em></span> <span class='ocrx_word' id='word_1_204' title='bbox 815 2238 911 2283; x_wconf 86' lang='lat' dir='ltr'><em>bene</em></span> <span class='ocrx_word' id='word_1_205' title='bbox 926 2238 1048 2295; x_wconf 74' lang='lat' dir='ltr'><em>paſja</em></span> <span class='ocrx_word' id='word_1_206' title='bbox 1071 2238 1176 2282; x_wconf 81' lang='lat' dir='ltr'><em>diem</em></span> <span class='ocrx_word' id='word_1_207' title='bbox 1191 2269 1207 2294; x_wconf 86' lang='lat'>,</span> 
     </span>
    </p>
   </div>
   <div class='ocr_carea' id='block_1_7' title="bbox 170 2298 1389 2362">
    <p class='ocr_par' dir='ltr' id='par_1_19' title="bbox 170 2298 1389 2362">
     <span class='ocr_line' id='line_1_34' title="bbox 170 2298 1389 2362; baseline 0.002 -17"><span class='ocrx_word' id='word_1_208' title='bbox 170 2298 323 2348; x_wconf 81' lang='lat' dir='ltr'><em>&#39;Unica</em></span> <span class='ocrx_word' id='word_1_209' title='bbox 346 2303 444 2348; x_wconf 86' lang='lat' dir='ltr'><em>dum</em></span> <span class='ocrx_word' id='word_1_210' title='bbox 465 2313 631 2361; x_wconf 86' lang='lat' dir='ltr'><em>raptum</em></span> <span class='ocrx_word' id='word_1_211' title='bbox 639 2302 727 2360; x_wconf 84' lang='lat' dir='ltr'><em>sthi</em></span> <span class='ocrx_word' id='word_1_212' title='bbox 742 2302 899 2362; x_wconf 88' lang='lat' dir='ltr'><em>gaudia</em></span> <span class='ocrx_word' id='word_1_213' title='bbox 919 2309 1069 2345; x_wconf 85' lang='lat' dir='ltr'><em>moeret</em></span> <span class='ocrx_word' id='word_1_214' title='bbox 1090 2309 1327 2357; x_wconf 84' lang='lat' dir='ltr'><em>amantem,</em></span> <span class='ocrx_word' id='word_1_215' title='bbox 1386 2330 1389 2332; x_wconf 95' lang='lat'><em>-</em></span> 
     </span>
    </p>
   </div>
   <div class='ocr_carea' id='block_1_8' title="bbox 147 2366 1381 3137">
    <p class='ocr_par' dir='ltr' id='par_1_20' title="bbox 147 2366 1381 3137">
     <span class='ocr_line' id='line_1_35' title="bbox 248 2366 1167 2430; baseline -0.002 -18"><span class='ocrx_word' id='word_1_216' title='bbox 248 2368 391 2430; x_wconf 57' lang='lat' dir='ltr'><em>Quem</em></span> <span class='ocrx_word' id='word_1_217' title='bbox 404 2366 528 2426; x_wconf 85' lang='lat' dir='ltr'><em>ferus</em></span> <span class='ocrx_word' id='word_1_218' title='bbox 547 2366 702 2427; x_wconf 87' lang='lat' dir='ltr'><em>obliquo</em></span> <span class='ocrx_word' id='word_1_219' title='bbox 725 2368 842 2412; x_wconf 86' lang='lat' dir='ltr'><em>dente</em></span> <span class='ocrx_word' id='word_1_220' title='bbox 863 2375 1031 2412; x_wconf 90' lang='lat' dir='ltr'><em>necarat</em></span> <span class='ocrx_word' id='word_1_221' title='bbox 1055 2378 1167 2424; x_wconf 86' lang='lat' dir='ltr'><em>aper.</em></span> 
     </span>
     <span class='ocr_line' id='line_1_36' title="bbox 147 2429 1138 2492; baseline -0.003 -16"><span class='ocrx_word' id='word_1_222' title='bbox 147 2462 151 2465; x_wconf 92' lang='lat'><em>-</em></span> <span class='ocrx_word' id='word_1_223' title='bbox 183 2429 370 2489; x_wconf 84' lang='lat' dir='ltr'><em>Optavit</em></span> <span class='ocrx_word' id='word_1_224' title='bbox 377 2430 545 2491; x_wconf 89' lang='lat' dir='ltr'><em>funesta</em></span> <span class='ocrx_word' id='word_1_225' title='bbox 569 2433 698 2488; x_wconf 83' lang='lat' dir='ltr'><em>mori,</em></span> <span class='ocrx_word' id='word_1_226' title='bbox 731 2432 937 2492; x_wconf 80' lang='lat' dir='ltr'><em>doluitque</em></span> <span class='ocrx_word' id='word_1_227' title='bbox 958 2431 1138 2489; x_wconf 87' lang='lat' dir='ltr'><em>cupitam</em></span> 
     </span>
     <span class='ocr_line' id='line_1_37' title="bbox 245 2492 1144 2557; baseline -0.003 -16"><span class='ocrx_word' id='word_1_228' title='bbox 245 2497 325 2541; x_wconf 90' lang='lat' dir='ltr'><em>Ad</em></span> <span class='ocrx_word' id='word_1_229' title='bbox 343 2498 470 2557; x_wconf 83' lang='lat' dir='ltr'><em>Styga</em></span> <span class='ocrx_word' id='word_1_230' title='bbox 484 2492 698 2554; x_wconf 87' lang='lat' dir='ltr'><em>praecludi</em></span> <span class='ocrx_word' id='word_1_231' title='bbox 717 2495 830 2555; x_wconf 80' lang='lat' dir='ltr'><em>triste</em></span> <span class='ocrx_word' id='word_1_232' title='bbox 856 2494 1030 2540; x_wconf 82' lang='lat' dir='ltr'><em>Deahus</em></span> <span class='ocrx_word' id='word_1_233' title='bbox 1048 2496 1144 2539; x_wconf 87' lang='lat' dir='ltr'><em>iter.</em></span> 
     </span>
     <span class='ocr_line' id='line_1_38' title="bbox 182 2556 1316 2620; baseline -0.004 -16"><span class='ocrx_word' id='word_1_234' title='bbox 182 2559 302 2605; x_wconf 87' lang='lat' dir='ltr'><em>Haec</em></span> <span class='ocrx_word' id='word_1_235' title='bbox 315 2560 501 2620; x_wconf 86' lang='lat' dir='ltr'><em>praestat</em></span> <span class='ocrx_word' id='word_1_236' title='bbox 523 2561 603 2606; x_wconf 83' lang='lat' dir='ltr'><em>tibi</em></span> <span class='ocrx_word' id='word_1_237' title='bbox 614 2592 630 2617; x_wconf 84' lang='lat'>‚</span> <span class='ocrx_word' id='word_1_238' title='bbox 663 2560 792 2606; x_wconf 88' lang='lat' dir='ltr'><em>Diva</em></span> <span class='ocrx_word' id='word_1_239' title='bbox 805 2593 820 2618; x_wconf 91' lang='lat'>,</span> <span class='ocrx_word' id='word_1_240' title='bbox 853 2569 949 2605; x_wconf 86' lang='lat' dir='ltr'><em>tuus</em></span> <span class='ocrx_word' id='word_1_241' title='bbox 961 2557 1121 2620; x_wconf 79' lang='lat' dir='ltr'><em>sblatia</em></span> <span class='ocrx_word' id='word_1_242' title='bbox 1143 2556 1316 2618; x_wconf 73' lang='lat' dir='ltr'><em>Caeficr.</em></span> 
     </span>
     <span class='ocr_line' id='line_1_39' title="bbox 246 2623 1095 2687; baseline -0.005 -16"><span class='ocrx_word' id='word_1_243' title='bbox 246 2625 468 2687; x_wconf 88' lang='lat' dir='ltr'><em>Sanguinis</em></span> <span class='ocrx_word' id='word_1_244' title='bbox 489 2630 696 2671; x_wconf 61' lang='lat' dir='ltr'><em>auctorem</em></span> <span class='ocrx_word' id='word_1_245' title='bbox 705 2628 771 2684; x_wconf 84' lang='lat' dir='ltr'><em>stc</em></span> <span class='ocrx_word' id='word_1_246' title='bbox 783 2624 909 2686; x_wconf 87' lang='lat' dir='ltr'><em>fovet</em></span> <span class='ocrx_word' id='word_1_247' title='bbox 929 2624 997 2668; x_wconf 84' lang='lat' dir='ltr'><em>ille</em></span> <span class='ocrx_word' id='word_1_248' title='bbox 1005 2623 1095 2685; x_wconf 90' lang='lat' dir='ltr'><em>sui.</em></span> 
     </span>
     <span class='ocr_line' id='line_1_40' title="bbox 182 2687 1138 2752; baseline -0.002 -18"><span class='ocrx_word' id='word_1_249' title='bbox 182 2687 290 2734; x_wconf 89' lang='lat' dir='ltr'><em>Vela</em></span> <span class='ocrx_word' id='word_1_250' title='bbox 310 2691 420 2736; x_wconf 89' lang='lat' dir='ltr'><em>dedit</em></span> <span class='ocrx_word' id='word_1_251' title='bbox 437 2692 608 2752; x_wconf 87' lang='lat' dir='ltr'><em>legitque</em></span> <span class='ocrx_word' id='word_1_252' title='bbox 627 2705 752 2735; x_wconf 88' lang='lat' dir='ltr'><em>manu</em></span> <span class='ocrx_word' id='word_1_253' title='bbox 771 2691 927 2751; x_wconf 88' lang='lat' dir='ltr'><em>lugente</em></span> <span class='ocrx_word' id='word_1_254' title='bbox 945 2691 1138 2746; x_wconf 84' lang='lat' dir='ltr'><em>carinae,</em></span> 
     </span>
     <span class='ocr_line' id='line_1_41' title="bbox 246 2753 1099 2816; baseline -0.002 -18"><span class='ocrx_word' id='word_1_255' title='bbox 246 2755 461 2815; x_wconf 85' lang='lat' dir='ltr'><em>Armaque</em></span> <span class='ocrx_word' id='word_1_256' title='bbox 481 2753 650 2816; x_wconf 83' lang='lat' dir='ltr'><em>Nastmi</em></span> <span class='ocrx_word' id='word_1_257' title='bbox 670 2757 795 2800; x_wconf 89' lang='lat' dir='ltr'><em>noxia</em></span> <span class='ocrx_word' id='word_1_258' title='bbox 816 2757 930 2814; x_wconf 87' lang='lat' dir='ltr'><em>rupit</em></span> <span class='ocrx_word' id='word_1_259' title='bbox 949 2755 1099 2798; x_wconf 85' lang='lat' dir='ltr'><em>Amor.</em></span> 
     </span>
     <span class='ocr_line' id='line_1_42' title="bbox 180 2814 1162 2877; baseline 0.002 -17"><span class='ocrx_word' id='word_1_260' title='bbox 180 2814 364 2863; x_wconf 85' lang='lat' dir='ltr'><em>Buccina</em></span> <span class='ocrx_word' id='word_1_261' title='bbox 385 2822 584 2865; x_wconf 88' lang='lat' dir='ltr'><em>concinuit</em></span> <span class='ocrx_word' id='word_1_262' title='bbox 608 2815 795 2864; x_wconf 79' lang='lat' dir='ltr'><em>Tritonia</em></span> <span class='ocrx_word' id='word_1_263' title='bbox 807 2819 949 2877; x_wconf 81' lang='lat' dir='ltr'><em>flebile</em></span> <span class='ocrx_word' id='word_1_264' title='bbox 972 2832 1130 2863; x_wconf 87' lang='lat' dir='ltr'><em>carmen</em></span> <span class='ocrx_word' id='word_1_265' title='bbox 1142 2836 1162 2871; x_wconf 75' lang='lat'>3</span> 
     </span>
     <span class='ocr_line' id='line_1_43' title="bbox 243 2881 1087 2943; baseline -0.001 -17"><span class='ocrx_word' id='word_1_266' title='bbox 243 2882 339 2926; x_wconf 91' lang='lat' dir='ltr'><em>Nec</em></span> <span class='ocrx_word' id='word_1_267' title='bbox 358 2884 490 2927; x_wconf 88' lang='lat' dir='ltr'><em>tenuit</em></span> <span class='ocrx_word' id='word_1_268' title='bbox 506 2885 680 2942; x_wconf 85' lang='lat' dir='ltr'><em>gemitus</em></span> <span class='ocrx_word' id='word_1_269' title='bbox 705 2884 858 2929; x_wconf 79' lang='lat' dir='ltr'><em>Nereis</em></span> <span class='ocrx_word' id='word_1_270' title='bbox 880 2882 963 2927; x_wconf 79' lang='lat' dir='ltr'><em>uda</em></span> <span class='ocrx_word' id='word_1_271' title='bbox 974 2881 1087 2943; x_wconf 71' lang='lat' dir='ltr'><em>ficos.</em></span> 
     </span>
     <span class='ocr_line' id='line_1_44' title="bbox 178 2944 1135 3006; baseline -0.002 -14"><span class='ocrx_word' id='word_1_272' title='bbox 178 2945 408 2992; x_wconf 83' lang='lat' dir='ltr'><em>Adnavere</em></span> <span class='ocrx_word' id='word_1_273' title='bbox 431 2948 495 2990; x_wconf 89' lang='lat' dir='ltr'><em>tui</em></span> <span class='ocrx_word' id='word_1_274' title='bbox 504 2944 682 3006; x_wconf 43' lang='lat' dir='ltr'><em>‘puppem</em></span> <span class='ocrx_word' id='word_1_275' title='bbox 702 2947 934 3005; x_wconf 75' lang='lat' dir='ltr'><em>delphines,</em></span> <span class='ocrx_word' id='word_1_276' title='bbox 965 2948 1103 2991; x_wconf 88' lang='lat' dir='ltr'><em>Arion</em></span> <span class='ocrx_word' id='word_1_277' title='bbox 1114 2963 1135 2999; x_wconf 59' lang='grc' dir='ltr'><em>5Γ</em></span> 
     </span>
     <span class='ocr_line' id='line_1_45' title="bbox 242 3010 1207 3071; baseline -0.002 -16"><span class='ocrx_word' id='word_1_278' title='bbox 242 3010 337 3055; x_wconf 90' lang='lat' dir='ltr'><em>Hoc</em></span> <span class='ocrx_word' id='word_1_279' title='bbox 362 3026 514 3071; x_wconf 88' lang='lat' dir='ltr'><em>quoque</em></span> <span class='ocrx_word' id='word_1_280' title='bbox 536 3012 693 3067; x_wconf 88' lang='lat' dir='ltr'><em>laturi,</em></span> <span class='ocrx_word' id='word_1_281' title='bbox 716 3013 759 3070; x_wconf 84' lang='lat' dir='ltr'><em>st</em></span> <span class='ocrx_word' id='word_1_282' title='bbox 780 3011 892 3055; x_wconf 81' lang='lat' dir='ltr'><em>modo</em></span> <span class='ocrx_word' id='word_1_283' title='bbox 914 3011 1033 3056; x_wconf 89' lang='lat' dir='ltr'><em>detur</em></span> <span class='ocrx_word' id='word_1_284' title='bbox 1048 3042 1065 3067; x_wconf 83' lang='lat'><strong><em>,</em></strong></span> <span class='ocrx_word' id='word_1_285' title='bbox 1095 3022 1207 3054; x_wconf 81' lang='lat' dir='ltr'><em>onus.</em></span> 
     </span>
     <span class='ocr_line' id='line_1_46' title="bbox 178 3070 1381 3137; baseline -0.002 -17"><span class='ocrx_word' id='word_1_286' title='bbox 178 3076 244 3120; x_wconf 87' lang='lat' dir='ltr'><em>At</em></span> <span class='ocrx_word' id='word_1_287' title='bbox 261 3084 301 3120; x_wconf 91' lang='lat' dir='ltr'><em>te</em></span> <span class='ocrx_word' id='word_1_288' title='bbox 315 3107 331 3132; x_wconf 83' lang='lat'>‚</span> <span class='ocrx_word' id='word_1_289' title='bbox 367 3074 523 3137; x_wconf 84' lang='lat' dir='ltr'><em>Caesar</em></span> <span class='ocrx_word' id='word_1_290' title='bbox 543 3083 692 3131; x_wconf 86' lang='lat' dir='ltr'><em>atrox,</em></span> <span class='ocrx_word' id='word_1_291' title='bbox 725 3073 934 3119; x_wconf 81' lang='lat' dir='ltr'><em>hominum</em></span> <span class='ocrx_word' id='word_1_292' title='bbox 950 3076 1014 3120; x_wconf 91' lang='lat' dir='ltr'><em>nil</em></span> <span class='ocrx_word' id='word_1_293' title='bbox 1031 3082 1134 3118; x_wconf 89' lang='lat' dir='ltr'><em>vota</em></span> <span class='ocrx_word' id='word_1_294' title='bbox 1157 3070 1381 3132; x_wconf 66' lang='lat' dir='ltr'><em>deumque,</em></span> 
     </span>
    </p>
   </div>
   <div class='ocr_carea' id='block_1_9' title="bbox 242 3137 1343 3261">
    <p class='ocr_par' dir='ltr' id='par_1_21' title="bbox 242 3137 1343 3261">
     <span class='ocr_line' id='line_1_47' title="bbox 242 3137 1280 3245; baseline -0.003 -61"><span class='ocrx_word' id='word_1_295' title='bbox 242 3139 421 3187; x_wconf 67' lang='lat' dir='ltr'><em>Pectora</em></span> <span class='ocrx_word' id='word_1_296' title='bbox 440 3141 502 3187; x_wconf 82' lang='lat' dir='ltr'><em>nil</em></span> <span class='ocrx_word' id='word_1_297' title='bbox 521 3139 664 3187; x_wconf 87' lang='lat' dir='ltr'><em>Clario</em></span> <span class='ocrx_word' id='word_1_298' title='bbox 687 3140 849 3185; x_wconf 85' lang='lat' dir='ltr'><em>numine</em></span> <span class='ocrx_word' id='word_1_299' title='bbox 858 3137 978 3199; x_wconf 80' lang='lat' dir='ltr'><em>fheta</em></span> <span class='ocrx_word' id='word_1_300' title='bbox 1001 3145 1182 3186; x_wconf 80' lang='lat' dir='ltr'><em>movent.</em></span> <span class='ocrx_word' id='word_1_301' title='bbox 1228 3198 1280 3245; x_wconf 80' lang='lat' dir='ltr'><strong>X</strong></span> 
     </span>
     <span class='ocr_line' id='line_1_48' title="bbox 1318 3212 1343 3261; baseline 0 0"><span class='ocrx_word' id='word_1_302' title='bbox 1318 3212 1343 3261; x_wconf 79' lang='lat'><em>3</em></span> 
     </span>
    </p>
   </div>
   <div class='ocr_carea' id='block_1_10' title="bbox 2030 164 2120 220">
    <p class='ocr_par' dir='ltr' id='par_1_22' title="bbox 2030 164 2120 220">
     <span class='ocr_line' id='line_1_49' title="bbox 2030 164 2120 220; baseline 0.022 -17"><span class='ocrx_word' id='word_1_303' title='bbox 2030 164 2120 220; x_wconf 78' lang='lat'><em>165</em></span> 
     </span>
    </p>
   </div>
   <div class='ocr_carea' id='block_1_11' title="bbox 2000 3186 2092 3235">
    <p class='ocr_par' dir='ltr' id='par_1_23' title="bbox 2000 3186 2092 3235">
     <span class='ocr_line' id='line_1_50' title="bbox 2000 3186 2092 3235; baseline -0.043 0"><span class='ocrx_word' id='word_1_304' title='bbox 2000 3186 2092 3235; x_wconf 67' lang='grc' dir='ltr'><em>Νἰιῖ</em></span> 
     </span>
    </p>
   </div>
  </div>
 </body>
</html>
