2547 3708
731 142 791 198 P.
866 133 1280 197 OVIDII

1355 134 1887 192 NASONIS

528 247 649 302 Aut
674 256 733 301 ut
772 241 1044 299 Atarnites
1070 240 1271 295 insutus
1300 240 1437 312 pelle
1459 237 1710 308 juvenci,

607 317 870 388 Turpiter
897 314 963 368 ad
991 314 1272 368 dominum
1301 311 1497 384 praeda
1521 310 1695 365 ferare
1727 321 1894 368 tuum.

527 392 693 464 ¹Inque
734 404 829 444 tuo
863 387 1093 443 thalamo
1129 387 1233 443 ritu
1263 385 1511 458 jugulere
1539 383 1789 446 Pheraei,

239 631 293 671 est
319 627 508 669 exsecutus
536 627 591 665 vir
621 625 871 670 dofflffimus,
909 623 1028 663 Mich.
1051 621 1216 662 Roffalus
1245 624 1283 662 in

241 680 411 720 differtat.
439 679 484 717 ad
509 679 632 716 Valer.
655 679 811 714 Maximi
832 677 974 714 locum.

298 729 384 781 318.
412 730 464 767 Sic
484 740 548 767 tua
558 729 764 777 succendens
781 728 920 765 devoret
936 739 996 764 ora
1014 724 1143 777 cinis.]
1172 725 1283 775 Subsi-

242 782 325 820 dem
355 782 518 832 plerique
552 789 708 817 veteres.
735 777 907 816 nonnulli
937 780 1048 816 etiam
1078 805 1088 822 ,
1127 778 1204 827 ⁰ffi³·
1235 779 1282 817 fic

232 830 384 883 subsidit
403 833 441 870 in
461 832 551 881 ignes
565 831 665 869 Ilium
679 829 851 878 Virgilio.
879 830 917 867 &
931 829 1063 868 Noster
1085 830 1179 867 Met.
1192 840 1282 868 x111.

246 883 332 931 408.

296 945 386 984 Ilion
403 944 571 992 ardebat,
598 959 656 984 nec
676 945 793 984 adhuc
814 946 1004 995 consederat
1013 945 1113 995 ignis.

243 1011 466 1050 Chronicon
486 1011 731 1050 Eusebianum
747 1039 756 1056 ‚
790 1011 937 1048 Herodes
951 1009 1174 1053 Samariam,
1202 1008 1285 1046 olim

235 1062 317 1111 jam
344 1062 382 1100 in
405 1062 574 1100 cineribus
603 1061 793 1111 fidentem,
822 1076 843 1097 a
859 1061 1109 1107 fundamentis
1123 1060 1287 1108 suscitat.

244 1113 395 1151 Heius.
423 1113 540 1151 Nihili
571 1114 618 1150 est
650 1113 858 1150 observatio
890 1112 1071 1160 Salvagnii
1093 1111 1139 1148 de
1175 1111 1287 1148 verbo

234 1162 431 1213 ficbfidere,
460 1165 574 1211 proin
588 1163 719 1201 insidiis
733 1161 824 1200 esse:
855 1163 918 1201 hic
937 1164 1036 1200 enim
1060 1161 1132 1206 est,
1159 1161 1285 1199 locum

243 1215 332 1253 dans
355 1213 565 1252 cadentibus
586 1216 621 1251 in
643 1214 746 1251 illum
768 1214 982 1251 hominibus
1003 1214 1040 1250 δε
1060 1214 1109 1251 ita
1130 1212 1285 1262 ponderi

243 1264 299 1304 isti
327 1264 426 1313 quafi
458 1263 614 1308 cedens3
642 1264 701 1302 sed
718 1265 804 1314 quia
834 1264 907 1312 ipse
924 1263 1123 1302 levissimus
1146 1265 1183 1301 ὅ(
1205 1275 1283 1301 non

243 1315 379 1354 solidus
401 1315 450 1354 est
473 1316 562 1353 cinis
577 1343 587 1359 ,
617 1326 707 1352 mox
730 1326 795 1353 eos
825 1315 979 1357 obruat;
1011 1324 1050 1352 ut
1084 1316 1133 1351 ita
1153 1314 1287 1351 iuven.

244 1377 301 1405 vr.
323 1378 404 1413 4¹1·
434 1367 525 1404 dixit
546 1376 661 1404 terrae
684 1375 792 1404 motu
816 1364 986 1414 subsidere
1008 1364 1117 1403 urbes.
1134 1363 1286 1412 subficie-

246 1430 285 1505 ἓε
312 1416 427 1455 valles
455 1417 590 1456 Noster
621 1417 685 1455 lib.
705 1429 733 1455 1.
764 1417 860 1455 Met.
883 1427 944 1466 43.
986 1417 1025 1454 &
1065 1415 1191 1465 paffim
1215 1416 1288 1455 alii.

280 1479 377 1505 unm.

296 1529 383 1568 319.
411 1523 542 1556 Amat
555 1517 730 1565 Olivifera
758 1518 924 1568 Qodam
946 1518 1082 1568 Sicyone
1095 1517 1285 1569 profesta]

251 1568 417 1607 Neocles
454 1569 654 1619 Tyrannus
687 1570 849 1619 Sicyone
880 1570 1047 1620 expulsus
1075 1571 1213 1619 frigore
1250 1572 1288 1608 &

252 1620 355 1669 fame
367 1620 499 1669 periit,
527 1620 625 1658 unde
645 1620 778 1659 Varro:

300 1698 340 1732 A
358 1693 477 1744 patria
496 1694 632 1742 fugiens
655 1695 815 1741 Neocles,
843 1711 930 1747 quae
946 1698 1062 1747 prima
1082 1697 1255 1735 malorum

353 1749 441 1782 Sunt
463 1744 529 1782 duo
542 1772 553 1790 ,
580 1757 688 1784 morte
698 1747 789 1797 perit
807 1749 939 1799 frigoris
959 1760 1065 1801 atque
1074 1749 1201 1797 samis.

249 1805 421 1848 lamma

250 1879 311 1919 Sic
327 1881 375 1921 est
396 1882 432 1920 in
459 1881 632 1920 omnibus
648 1881 746 1921 libris
768 1881 917 1921 excusis.
972 1881 1107 1921 Melius
1127 1881 1287 1920 omnino

248 1931 290 1969 in
323 1933 517 1971 Maffeian.
545 1934 679 1982 Sicyone
700 1937 839 1983 fugato.
890 1933 1039 1971 Dicitur
1057 1934 1156 1971 enim
1182 1933 1289 1970 Neo·

252 1981 326 2021 cles
350 1984 370 2021 a
395 1984 579 2033 Sicyone,
614 1996 709 2033 quae
727 1985 814 2032 urbs
842 1985 889 2023 est
912 1985 1076 2022 Achaiae
1097 2012 1108 2028 ‚
1136 1985 1185 2020 ob
1205 1995 1287 2021 cru-

252 2032 442 2073 delitatem
477 2034 592 2083 pulsus
615 2061 625 2078 ‚
661 2035 796 2082 frigore
825 2036 864 2072 &
894 2034 993 2071 fame
1022 2031 1174 2082 periiss'e.
1226 2034 1287 2072 De

253 2085 370 2122 verbo
401 2095 525 2123 autem
555 2084 742 2132 Fugiendi,
770 2092 832 2122 aut
856 2084 1027 2133 fugandi,
1056 2084 1092 2122 id
1112 2083 1161 2121 est
1181 2085 1287 2122 exsu-

251 2133 354 2173 landi
375 2162 386 2179 ‚
421 2135 507 2172 vide
536 2146 630 2182 quae
659 2134 734 2171 dixi
763 2135 800 2172 in
821 2135 1013 2173 Observat.
1033 2136 1070 2172 in
1091 2134 1152 2172 lib.
1175 2135 1285 2173 Trist.

255 2184 428 2223 Cxortm.
456 2184 571 2222 Recte
594 2194 697 2221 vetus
717 2185 896 2232 interpres
917 2186 1015 2221 hunc
1032 2186 1160 2222 locum
1183 2197 1288 2222 enar-

255 2244 330 2280 rat,
359 2235 425 2274 nifi
456 2234 558 2284 quod
583 2234 782 2282 legendum
802 2234 1026 2283 apudipsum
1050 2233 1199 2271 Nicocles
1219 2247 1287 2281 pro

257 2288 409 2324 Neocles.
457 2286 518 2323 Ad
535 2285 712 2322 Varronis
733 2287 892 2323 carmina
914 2284 1016 2334 quod
1028 2285 1181 2328 attinet,
1209 2285 1292 2333 spu-

256 2338 310 2375 ria
333 2336 403 2375 effe
434 2348 550 2374 nemo
580 2335 717 2373 inficias
748 2336 841 2373 ierit.
893 2337 989 2384 Quis
1009 2334 1069 2372 ille
1086 2334 1156 2380 sit,
1176 2346 1291 2384 quem

257 2388 421 2436 Sicyone
441 2388 581 2436 pulsum
604 2388 714 2435 frigus
736 2387 775 2424 &
804 2388 919 2425 fames
951 2387 1187 2430 enecuerint,
1213 2399 1291 2425 non

259 2439 428 2487 proclive
459 2437 508 2476 est
535 2439 704 2475 inventu.
758 2439 962 2487 Quotquot
992 2439 1091 2475 enim
1125 2438 1294 2487 Sicyonis

260 2489 464 2537 Tyrannos
487 2487 654 2526 accurate
683 2488 941 2527 recensuerunt
966 2489 1089 2526 frustra
1109 2490 1294 2533 consului,

261 2540 328 2578 nifi
347 2541 443 2578 forte
465 2539 638 2577 Nicocles
669 2539 823 2587 intelligi
834 2539 988 2584 debeat,
1025 2551 1138 2588 quem
1161 2542 1294 2578 Aratus

263 2600 476 2640 comparata
499 2591 649 2628 exulum
675 2591 711 2627 ὅ(
734 2590 960 2639 Argivorum
975 2590 1292 2628 conductitiorum

264 2653 378 2680 manu
398 2641 648 2690 adjunctoque
671 2641 810 2688 populo
824 2642 908 2691 fuga
929 2641 992 2680 sibi
1002 2640 1190 2679 consulere
1204 2645 1291 2679 coe'-

263 2694 339 2741 git,
367 2694 418 2731 uti
450 2692 636 2730 Pausanias
664 2691 701 2728 in
719 2691 992 2739 Corinthiacis,
1019 2692 1056 2730 &
1082 2691 1294 2730 Plutarchus

264 2745 304 2780 in
325 2746 439 2781 Arato
471 2744 675 2781 memoriae
706 2742 964 2791 prodiderunt,
992 2742 1089 2792 apud
1108 2754 1201 2793 quos
1222 2744 1295 2781 hoc

266 2794 442 2832 duntaxat
463 2793 509 2832 de
530 2793 692 2831 Nicoclis
714 2794 1064 2842 calamitatelegitur
1081 2821 1090 2838 ,
1119 2793 1222 2842 quod
1242 2794 1296 2831 Si-

268 2856 393 2893 cyone
414 2844 455 2881 sit
473 2844 620 2892 eiectus.
676 2842 833 2882 Fortaffe
854 2845 1012 2881 Ovidius
1025 2844 1121 2892 apud
1140 2845 1297 2882 aliosre-

269 2907 351 2935 rum
376 2894 632 2942 Sicyoniarum
664 2893 862 2942 Scriptores
885 2922 895 2938 ,
922 2896 986 2944 qui
1008 2904 1221 2943 temporum
1242 2897 1297 2933 in-

262 2948 357 2998 juria
380 2946 585 2992 perierunt,
614 2944 788 2981 Nioclem
818 2945 940 2992 postea
960 2957 1045 2982 cum
1065 2946 1163 2982 farne
1178 2973 1187 2989 ‚
1216 2954 1296 2985 turn

270 2999 408 3046 frigore
443 2994 613 3033 interiiffe
646 2995 790 3043 legerat.
851 2998 960 3044 Quae
991 2994 1142 3044 quidem
1169 2999 1299 3035 mortis

269 3057 404 3099 genera
432 3045 626 3092 miserrima
664 3043 735 3082 effe
767 3045 854 3084 dicit
886 3046 1016 3083 Livius
1043 3046 1102 3083 lib.
1125 3060 1160 3083 x.
1189 3046 1298 3085 Illud-

270 3111 345 3147 que
368 3104 470 3134 vetus
491 3096 670 3144 interpres
691 3096 856 3141 viderat,
885 3108 969 3134 cum
985 3097 1229 3134 aitNeoclem
1253 3098 1298 3135 ab

275 3148 418 3189 Ovidio
450 3148 590 3191 notari,
617 3147 679 3193 qui
713 3147 873 3195 Sicyone
902 3147 1068 3196 expulsus
1095 3148 1229 3196 frigore
1259 3149 1297 3186 ὅ(

273 3203 374 3239 :fame
406 3198 563 3245 perierit.
619 3197 793 3234 Nioclem
825 3198 924 3235 enim
953 3198 1039 3236 ἀντὶ
1062 3200 1124 3236 τοῦ
1138 3198 1296 3235 Neoclem

270 3252 376 3291 iilum
394 3246 558 3297 scripfiffe
578 3259 657 3287 non
675 3247 824 3298 ambigo
837 3276 849 3295 ,
877 3249 1078 3299 Sicyonem
1093 3261 1182 3289 vero
1204 3250 1298 3298 anti}

2261 467 2373 539 Qui

1341 612 1551 672 quiffimam
1573 623 1818 675 Peloponnesi
1842 624 1969 665 urbem
1994 626 2083 667 oleis
2103 628 2286 669 abundare
2304 639 2374 671 tra-

1340 675 1393 713 dit
1412 675 1570 715 Ovidius
1597 676 1657 715 lib.
1675 689 1730 716 iv.
1758 677 1804 716 de
1817 678 1939 716 Ponto
1953 706 1964 724 ,
1991 679 2094 729 Eleg.
2121 692 2176 729 ις.
2196 683 2231 719 in
2248 682 2318 721 his:

1389 743 1523 790 Africa
1556 753 1639 792 quot
1670 746 1795 793 segetes
1815 772 1827 791 ‚
1873 755 1956 796 quot
1990 746 2122 784 Tmolia
2160 757 2255 787 terra
2282 764 2376 789 race-

1492 806 1589 836 mos,

1440 847 1536 893 Qot
1557 844 1676 893 Sicyon
1697 845 1817 884 baccas
1831 875 1841 892 ‚
1871 860 1952 899 quot
1966 849 2065 900 parit
2076 851 2190 899 Hybla
2205 854 2324 899 favos.

1340 908 1388 946 Et
1400 907 1572 956 Virgilius
1593 906 1667 946 hoc
1685 909 1916 968 hemistichio
1943 913 2003 952 lib.
2017 927 2063 953 11.
2085 915 2223 966 Georg.

1392 983 1593 992 ·-·---·
1625 973 1762 1010 Teritur
1780 973 1936 1022 Sicyonia
1964 975 2067 1013 bacca
2082 978 2237 1027 trapetis.

1343 1035 1558 1074 Mediolana
1580 1043 1705 1073 tamen
1725 1035 1862 1080 editio,
1889 1049 1985 1087 quae
2000 1041 2135 1088 prodiit
2154 1053 2253 1080 anno
2270 1055 2379 1094 1534.

1344 1087 1517 1136 cujusque
1541 1087 1630 1124 milii
1661 1089 1809 1135 copiam
1832 1088 1920 1126 fecit
1944 1090 2145 1138 Stephanus
2164 1093 2378 1141 Claverius,

1344 1139 1401 1176 vir
1423 1136 1559 1175 eximie
1578 1137 1741 1175 literatus
1764 1165 1774 1182 ‚
1814 1138 1852 1176 &
1871 1139 1916 1176 de
1942 1140 2064 1178 Persio
2095 1143 2376 1195 Claudianoque

1342 1188 1437 1226 bene
1459 1190 1631 1232 meritus,
1660 1186 1681 1225 a
1703 1197 1847 1237 recepta
1860 1189 2021 1229 lectione
2041 1192 2202 1232 deflectit
2222 1196 2255 1233 in
2277 1197 2376 1236 hunc

1340 1240 1498 1278 modum
1523 1267 1533 1285 ‚
1573 1244 1653 1276 Aut
1674 1250 1714 1276 ut
1734 1238 1916 1290 oliviflua:
1945 1243 2048 1289 quod
2067 1243 2091 1280 fi
2113 1245 2272 1284 Ovidius
2290 1247 2378 1285 'scri-

1340 1290 1429 1339 pfit,
1458 1303 1534 1329 non
1554 1290 1682 1328 dubito
1702 1291 1789 1340 quin
1811 1291 1869 1329 ille
1881 1291 1925 1330 ad
1945 1292 2088 1342 Epopei
2108 1295 2372 1344 Sicyoniorum

1342 1342 1452 1390 Regis
1481 1341 1666 1379 historiam
1689 1340 1905 1391 respexerit,
1933 1356 2045 1394 quarn
2067 1344 2255 1386 Pausanias
2281 1349 2375 1387 libro

1341 1393 1490 1431 laudato
1510 1421 1521 1437 ‚
1559 1404 1638 1441 pag.
1660 1404 1719 1441 49.
1758 1392 1938 1431 Editionis
1967 1396 2233 1435 Wechelianae
2266 1401 2377 1438 refert
2442 1407 2446 1410 ·

1342 1444 1396 1481 his
1416 1444 1551 1482 verbis:
1581 1441 1734 1487 Εποπειῖς
1767 1445 1786 1495 5
1822 1447 1859 1482 τὶ
1889 1442 1944 1497 58ss
1973 1445 2180 1506 ωῇᾳυτίκσι
2232 1449 2374 1490 ἐπινίκια

1338 1493 1431 1547 ssve,
1461 1502 1494 1551 ,ς
1512 1497 1655 1541 Α’θῦκκὶἱς
1681 1498 1836 1550 ᾤκοὸὀμει
1868 1504 1936 1539 vab»
1958 1533 1968 1550 ‚
2000 1506 2052 1539 ἐπ’
2080 1501 2319 1556 {genevae-(awos
2341 1505 2377 1544 δὲ

1343 1549 1466 1598 ἐὐξαιτο
1495 1552 1662 1603 ε’νὸειξοιαῗζ
1693 1551 1759 1593 τίοι)
1778 1557 1849 1594 θεὸν
1867 1586 1878 1602 ‚
1908 1556 1934 1594 ἕι
1957 1557 1987 1595 οἱ
2003 1555 2254 1608 veremudo&-
2283 1561 2375 1602 5⁵-le

1345 1611 1413 1649 νοιός
1444 1606 1499 1659 2¹3*
1541 1606 1680 1658 yroipebas
1699 1641 1710 1658 ‚
1752 1612 1805 1660 ρξ’)
1833 1610 1852 1660 ’5
1881 1608 1949 1648 τίκ)
1973 1609 2081 1662 ἒυχῦκ)
2108 1612 2216 1651 ’ἔλαιον
2237 1616 2375 1661 λέγουσι

1343 1666 1462 1715 §uffae
1484 1665 1541 1715 πρὶ
1562 1668 1620 1701 τοῦ
1638 1668 1724 1703 ναοῦ.
1783 1670 1926 1713 Epopeus
1952 1666 1990 1702 ob
2011 1676 2156 1714 partam
2189 1667 2376 1707 viHoriam

1345 1724 1493 1764 (contra
1513 1717 1714 1766 Thebanos)
1734 1718 1859 1765 statim
1878 1719 2102 1767 immolavit,
2131 1734 2175 1763 <y
2189 1724 2378 1765 Minervae

1345 1769 1522 1816 Templum
1543 1769 1650 1806 erexit
1663 1797 1673 1813 ‚
1702 1781 1766 1818 quo
1786 1769 1941 1815 absoluto
1954 1797 1964 1814 ,
1993 1777 2105 1810 Deam
2122 1785 2280 1822 precatus·
2307 1777 2375 1823 est,

1343 1831 1386 1856 ut
1400 1819 1466 1868 fibi
1479 1817 1618 1868 signum
1649 1819 1791 1868 aliquod
1809 1821 1909 1858 daret
1926 1849 1935 1865 ‚
1957 1835 2044 1860 num
2064 1826 2094 1861 ei
2115 1834 2249 1873 accepta
2259 1823 2378 1878 suiffet

1343 1872 1434 1908 Fani
1455 1871 1636 1909 dedicatio.
1687 1871 1800 1909 Factis
1815 1871 1966 1920 precibus
1990 1873 2100 1911 oleum
2119 1875 2156 1911 in
2176 1878 2295 1926 templi
2317 1893 2379 1916 ve-

1343 1921 1825 1971 stibulomanasseperhibent.
1854 1923 2039 1961 Sumen
2078 1925 2249 1975 Oliviflua
2263 1931 2375 1968 etiam

1343 1984 1448 2010 unus.
1460 1973 1742 2020 Sicyoneproseelo
1753 1973 1841 2010 editi
1854 1973 2019 2022 &scripti
2033 1975 2242 2023 quidamln
2255 1979 2381 2020 Gloffa

1342 2024 1479 2062 codicis
1490 2023 1678 2060 Petaviani
1693 2023 1837 2060 Herodes
1848 2030 2024 2072 tyrannus
2036 2026 2181 2065 dicitur.
2230 2028 2380 2077 olivife-

1343 2087 1424 2112 ram
1444 2074 1556 2111 etiam
1587 2072 1679 2111 dixit
1701 2072 1788 2112 Stat.
1809 2086 1861 2112 tv.
1877 2073 2064 2122 Theb.5o.
2375 2075 2380 2079 ⁴

1397 2145 1474 2196 Qi
1492 2144 1650 2195 Drepani
1664 2146 1812 2196 fiopulos
1821 2172 1834 2192 ,
1861 2156 1906 2186 <7
1923 2143 2100 2193 oliviferae
2120 2147 2268 2198 Sicyonis

1398 2197 1510 2235 Culta
1523 2196 1671 2243 serunt:

1399 2296 1483 2337 321.
1511 2290 1592 2326 Aut
1604 2296 1644 2326 ut
1656 2286 1883 2338 Atarnites]
1913 2288 2253 2334 Atarnites‚idest,
2280 2289 2380 2330 Her-

1348 2338 1439 2376 mias
1457 2337 1501 2376 ab
1523 2341 1661 2377 Atarna
1691 2339 1857 2389 oppido,
1895 2339 1916 2377 a
1948 2341 2125 2378 Mentore
2153 2339 2307 2380 obseffus
2339 2343 2384 2380 ὅτ

1348 2400 1500 2438 captus,
1524 2390 1617 2439 pelle
1631 2391 1787 2437 juvenci
1809 2390 1944 2428 insutus
1962 2389 2010 2427 ad·
2030 2391 2171 2439 Regem
2192 2391 2377 2431 Persarum

1346 2439 1523 2478 adductus
1544 2440 1606 2479 est.
1660 2438 1904 2477 INTERPRES.
1933 2441 2106 2480 Hermias
2127 2439 2282 2481 Affenfis
2303 2443 2380 2482 Eu-

1347 2490 1488 2528 nuchus
1502 2518 1513 2535 ‚
1540 2490 1933 2540 trapezitaeeujusdam
1949 2491 2126 2535 famulus,
2152 2492 2311 2531 Platonis
2328 2494 2382 2539 A·

1347 2539 1588 2588 ristotelisque
1609 2540 1779 2583 auditor,
1809 2553 1894 2578 cum
1928 2541 2086 2580 domino
2106 2542 2171 2580 suo
2197 2545 2384 2581 Aternen-

1347 2590 1397 2628 ses
1417 2591 1454 2629 &
1487 2587 1651 2628 Affenses
1671 2590 1832 2639 aggresso
1851 2592 2068 2636 imperavit:
2097 2592 2220 2640 postea
2241 2593 2290 2631 illi
2303 2593 2382 2632 suc·—

1349 2641 1470 2686 ceffit,
1499 2652 1611 2691 quem
1648 2641 1836 2678 Memnon
1870 2642 2036 2679 Rhodius
2058 2642 2245 2680 Persarum
2270 2645 2382 2683 mini-

1348 2692 1475 2731 strator
1498 2693 1536 2730 ὃ(
1566 2691 1698 2730 ductor
1723 2692 1926 2737 exercitus,
1952 2691 2117 2730 fimulata
2142 2691 2264 2732 secum
2286 2696 2382 2733 ami·

1351 2745 1435 2781 citia
1460 2743 1710 2791 hospitalitatis
1738 2742 1894 2780 nomine
1916 2769 1926 2787 ,
1965 2743 2003 2780 δε
2035 2742 2302 2784 tractandarum
2325 2757 2382 2784 re-

1351 2806 1431 2832 rum
1446 2795 1557 2843 gratia
1573 2820 1583 2836 ,
1606 2792 1664 2830 ad·
1683 2793 1717 2831 se
1738 2800 1913 2830 vocatum
1935 2793 2244 2842 comprehendit,
2273 2796 2312 2834 δε
2334 2797 2379 2834 ad

1351 2856 1475 2894 regem
1501 2844 1616 2888 mifit,
1644 2856 1664 2881 a
1682 2855 1759 2892 quo
1779 2843 1847 2882 fuit
1866 2842 2060 2893 suspensus,
2112 2845 2234 2884 Autor
2251 2846 2378 2884 Strabo

1350 2896 1411 2934 lib.
1432 2909 1520 2933 xiix.
1547 2894 1593 2932 de
1623 2895 1696 2932 hoc
1728 2906 1799 2943 ego
1823 2893 1980 2932 Hermia
2006 2895 2270 2940 intellexerim,
2295 2896 2319 2934 fi
2340 2897 2379 2935 in

1347 2947 1501 2994 juvenci
1541 2946 1645 2983 corio
1668 2956 1753 2983 eum
1781 2945 1938 2983 insutum
1959 2947 2167 2994 reperirem.
2220 2946 2303 2984 Nec
2323 2952 2381 2984 A-

1351 2998 1507 3034 cumides
1522 2997 1708 3045 legerem,
1733 2996 1792 3034 sed
1818 2996 2028 3040 Atarnites,
2061 2996 2098 3034 id
2121 2996 2193 3041 est,
2221 2996 2303 3034 Rex
2323 2998 2381 3035 A·

1350 3049 1488 3087 tarniae
1510 3048 1677 3085 Civitatis
1691 3073 1701 3091 ‚
1730 3059 1825 3095 quae
1852 3049 1989 3095 ¹oyciac
2007 3045 2381 3095 Mysiaequeconter-

1353 3099 1453 3137 mina
1473 3098 1521 3137 est
1535 3126 1544 3142 ‚
1572 3098 1723 3136 auctore
1750 3098 1946 3146 Stephano.
1973 3108 2016 3134 ac
2035 3107 2149 3145 prope
2167 3095 2297 3134 Affum
2321 3112 2380 3136 ur-

1353 3150 1438 3186 bem
1454 3177 1464 3194 ,
1494 3150 1672 3187 Hermiae
1689 3149 1856 3196 patriam.
1885 3147 1934 3185 est
1952 3149 1990 3185 ὅ(
2003 3147 2179 3184 Aternites
2199 3148 2264 3185 viri
2293 3160 2379 3195 pro-

1352 3201 1471 3247 prium
1505 3211 1670 3241 nomen,
1701 3200 1801 3248 cujus
1822 3199 1993 3235 meminit
2015 3198 2183 3235 Laertius
2209 3199 2246 3235 in
2269 3199 2383 3238 Pitta-

1352 3261 1412 3290 co.
1448 3250 1602 3299 Cousr.
1620 3249 1717 3301 Ean,
1745 3249 1833 3301 {luc
1855 3248 2006 3302 sortassis
2030 3249 2067 3287 ὅ(
2089 3247 2176 3289 illud
2195 3250 2381 3298 pertinet,

2277 3302 2380 3350 quod
