2547 3708
975 106 1269 179 VITA(
2093 142 2159 202 ψ

63 235 214 288 Suopte
245 238 404 272 naturae
434 224 612 268 instituto
631 233 726 277 puer
748 221 798 264 ad
828 221 1032 275 po'e'ticam
1065 221 1284 274 ferebatur,
1321 235 1464 266 verum
1493 223 1667 274 parentis
1703 222 1995 266 monitionibus
2016 255 2027 275 ‚
2064 239 2154 269 ora·

62 285 185 331 toriae
209 282 388 330 fiacultati
410 291 574 333 operam
596 277 698 318 “dare
721 276 956 329 compulsus
976 275 1053 317 est:
1091 275 1130 314 in
1164 287 1243 326 qua
1261 305 1272 325 ‚
1311 277 1334 316 fi
1363 276 1540 317 Senecae
1569 276 1767 316 credimus
1787 307 1798 328 ,
1837 280 1993 331 egregie
2020 281 2154 329 profe-

62 343 135 391 cit,
164 336 418 386 forensesque
448 333 586 373 causas
614 332 650 372 &
683 329 988 371 centumviralia
1011 327 1165 380 judicia
1179 329 1377 369 exercuit.
1433 329 1542 369 Mox
1566 330 1648 370 vita
1667 329 1862 370 defuneto
1883 342 1991 381 patre
2015 341 2153 372 torum

61 395 101 435 12:
121 388 449 434 mansuetioribus
469 386 600 426 Muris
629 384 812 434 restituit,
848 382 942 423 foro
971 380 1128 422 renero.
1184 379 1366 422 Fratrem
1398 395 1482 422 uno
1516 395 1625 423 anno
1656 393 1751 422 natu
1775 384 1975 434 majorem
1995 384 2153 435 babuit,

60 446 202 488 forenfi
233 441 487 493 eloquentiae
515 438 720 489 deditum,
749 437 817 488 qui
848 434 945 478 XX.
978 445 1133 474 annum
1166 444 1309 486 agens,
1338 434 1444 474 diem
1476 435 1586 475 obiit.
1642 435 1762 475 Filias
1784 436 1880 475 duas
1904 436 1982 487 ipse
2003 438 2152 480 habuit.

58 499 162 540 Sunt
191 497 258 548 qui
291 497 456 535 alteram
487 492 706 544 privignam
729 491 884 531 dicant:
908 489 1029 528 altera
1049 498 1155 527 certe
1173 489 1328 537 aberat,
1360 501 1455 528 curn
1478 488 1558 540 ipse
1581 491 1776 542 relegatus
1797 491 1865 531 est.
1921 489 2027 529 Tres
2054 502 2151 529 vero

58 551 220 593 subinde
238 548 348 589 duxit
369 559 538 588 uxores:
570 545 666 585 duas
687 539 989 595 quidem,fa&o
1010 540 1209 591 divortio,
1240 541 1457 592 repudiavit
1475 553 1482 581 :
1513 543 1670 582 tertiam
1690 554 1808 593 vero,
1838 554 1962 593 quam
1984 542 2153 596 lingula-

53 606 89 648 ri
119 605 281 645 caritate
311 614 358 641 ac
381 599 596 640 dilectione
615 597 846 650 prosecutus
869 595 920 634 est
935 625 946 643 ,
974 593 1023 634 ad
1045 603 1223 634 mortem
1245 596 1371 645 usque
1393 594 1566 635 retinuit.
1625 595 1769 644 Hanc,
1799 604 1843 635 ut
1863 605 1984 646 puto,
2014 607 2151 645 perpe-

55 670 143 700 ram
163 654 355 697 Perillam
385 654 626 702 vocitatam,
657 649 821 700 quidam
854 647 1088 688 existimant.
1116 659 1212 687 nam
1234 647 1258 687 fi
1283 647 1429 688 'Perilla
1449 660 1550 688 uxor
1571 648 1722 699 fuisset,
1753 648 1790 688 id
1810 647 1995 699 profeeto
2017 649 2057 688 in
2082 649 2151 695 iis.

55 724 157 763 quae
188 710 234 750 ad
265 719 435 748 uxorem
467 707 618 746 multae
645 702 875 742 scribuntur-
895 731 906 751 ,
944 701 1079 754 elegiis
1111 700 1257 740 alicubi
1291 699 1549 753 significasset.
1608 701 1701 742 Fuit
1732 711 1867 742 autem
1901 701 2064 749 Petilia,
2105 713 2148 741 ut

54 765 221 817 ipsemet
250 761 419 803 ollendit
442 759 588 806 Poeta,
614 757 746 808 puella
775 753 891 794 valde
921 753 1064 803 doeta,
1093 762 1213 804 atque
1247 753 1427 805 inprimis
1450 753 1634 804 poetria,
1663 756 1710 794 ad
1731 768 1851 805 quam
1875 763 1980 795 extat
2002 754 2150 795 poetae

55 818 171 870 iplius
202 816 346 857 nobilis
374 811 510 865 elegia.
566 809 727 850 Romae
755 820 852 848 vero
874 806 1048 847 Ovidius
1078 805 1302 846 secundum
1325 806 1579 858 Capitolium
1601 808 1810 856 liubit-:triu
1842 819 1883 848 ut
1905 809 2069 859 ipsemet
2092 818 2150 848 te·

55 874 186 912 statur.
247 868 403 909 Hortos
424 865 556 905 habuit
571 875 695 915 prope
715 861 824 902 viam
844 859 1114 909 Flaminiam,
1136 872 1214 910 qua
1237 859 1547 910 Caffiaejunelii
1564 858 1650 899 fuit.
1708 860 1908 902 Mortuus
1931 864 1982 903 est
2004 862 2043 901 iu
2067 863 2150 902 exi·

55 925 137 974 lio,
165 933 208 964 ut
237 929 348 962 notat
371 918 586 968 Eusebius,
618 916 833 955 ceutefima
866 913 1124 967 nonagefima
1146 925 1256 953 nona
1275 912 1542 964 Olympiade,
1574 912 1830 964 sepultusque
1852 915 1903 953 est
1920 915 2035 965 juata
2055 914 2148 954 To-

53 989 171 1027 mos,
201 975 236 1015 &
263 974 334 1025 (ut
358 967 564 1012 Ponta‘nus
595 969 616 1010 ὲ
641 968 826 1022 Georgio
846 965 1153 1019 Trapezonti0‚
1183 979 1259 1006 nec
1288 965 1412 1006 semel
1442 966 1481 1005 se
1513 966 1699 1005 audit-ifle
1720 966 1850 1008 scribit
1874 968 1912 1007 in
1934 980 1983 1007 eo
2007 968 2074 1018 qui
2095 969 2148 1009 est

54 1031 104 1070 de
124 1026 430 1082 Magnificentia
460 1024 508 1065 ad
532 1023 755 1071 Attilium)
786 1023 935 1061 collata
954 1018 976 1059 ὲ
998 1020 1160 1072 publico
1182 1020 1372 1070 pecunia,
1402 1019 1424 1059 a
1445 1018 1681 1059 Tomitanis
1704 1020 1878 1071 civibus,
1915 1022 2077 1072 tymbo,
2109 1022 2149 1061 id

53 1083 130 1132 est,
163 1089 456 1129 monumentO,
485 1087 576 1118 ante
608 1075 740 1128 oppidi
774 1085 953 1127 portam,
983 1073 1024 1113 in
1045 1075 1142 1112 loco
1165 1073 1339 1113 maxime
1361 1072 1530 1124 celebri,
1561 1073 1777 1126 magnifice
1807 1072 1977 1114 strueto:
2008 1075 2051 1114 iis
2075 1074 2150 1114 sci-

53 1137 148 1177 licet
167 1134 287 1188 pluris
305 1131 540 1173 facientibus
559 1129 749 1183 peregrini
772 1129 914 1180 poetae
934 1126 1079 1179 ingenii
1096 1125 1351 1181 nobilitatem
1365 1154 1375 1173 ‚
1405 1138 1527 1178 quam
1552 1126 1803 1177 imperatoris
1822 1125 1946 1166 Rom.
1979 1126 2150 1178 proscri-

54 1190 250 1242 ptionem.
278 1185 397 1227 Exilii
419 1197 517 1224 vero
538 1183 651 1235 ipfius
671 1183 777 1222 varie
797 1181 913 1221 causa
932 1179 1122 1230 traditur,
1145 1181 1297 1221 tametfi
1318 1179 1397 1231 ipse
1420 1192 1505 1219 non
1526 1182 1710 1230 exulem,
1738 1180 1804 1219 sed
1827 1182 2050 1233 relegatum
2070 1179 2144 1232 ait,

52 1254 142 1282 eam
172 1241 252 1292 ipse
285 1249 392 1279 certe
424 1237 623 1289 triplicem
643 1235 795 1285 innuit,
826 1247 904 1286 qua
924 1234 973 1274 de
990 1247 1031 1273 re
1050 1233 1168 1273 multi
1187 1236 1338 1274 multa:
1369 1233 1484 1272 illam
1506 1232 1585 1283 ipse
1603 1234 1810 1284 praetulit,
1841 1246 1919 1283 qua
1940 1234 1975 1273 &z
1999 1244 2149 1274 ceteras

53 1296 126 1346 (ut
148 1293 321 1345 opinor)
350 1291 567 1343 praetexuit
589 1289 812 1342 Augustus,
841 1287 952 1339 quod
971 1287 1044 1327 suo
1064 1286 1217 1328 scilicet
1238 1287 1416 1327 carmine
1436 1286 1486 1326 de
1498 1285 1675 1326 Amaudi
1697 1296 1777 1324 arte
1803 1284 2034 1325 Romanam
2056 1299 2149 1326 cor-

51 1347 220 1400 ripuiffet
238 1340 508 1398 juventutem.
546 1342 638 1394 Ego
656 1354 801 1382 omnes
823 1341 995 1393 quadam
1014 1353 1060 1380 ex
1079 1351 1187 1392 parte
1209 1353 1320 1380 veras
1340 1338 1454 1379 fuisse
1478 1349 1599 1391 puto:
1632 1351 1720 1378 eam
1740 1348 1875 1379 tamen
1898 1338 2148 1395 potiiiimum

51 1412 174 1452 quam
195 1397 431 1441 &Sidonius
454 1396 700 1449 Apollinaris
723 1395 773 1436 de
786 1394 972 1436 Corinna
991 1393 1068 1435 suis
1089 1395 1260 1435 verfibus
1279 1393 1429 1448 attigit,
1451 1392 1562 1445 quod
1583 1392 1767 1433 videlicet
1787 1405 1837 1433 eo
1861 1392 1960 1434 ficto
1983 1393 2149 1434 nomine

50 1454 198 1507 Juliam
213 1451 271 1494 his
299 1451 468 1492 verfibus
488 1450 723 1502 iignificaret
740 1462 749 1488 :

203 1503 315 1546 -Nec
331 1515 369 1546 te
396 1505 564 1556 (inquit)
587 1505 758 1543 carmina
777 1513 845 1556 per
861 1501 1054 1554 libidinosa

226 1557 376 1599 Notum
387 1589 400 1610 ,
411 1556 514 1609 Nafh
532 1568 659 1608 tener,
689 1553 888 1611 Tomosque
905 1554 1056 1608 miffum

224 1612 421 1665 Quondam
446 1612 651 1663 Caefizrecze
667 1610 780 1650 nimis
792 1609 940 1664 puellae
954 1640 966 1661 ,

223 1665 324 1708 Helo
344 1666 712 1716 car-minesubditum
730 1664 933 1704 Corinnae.

52 1721 190 1775 Quam
216 1721 450 1774 opinionem
480 1732 577 1759 cum
606 1718 691 1768 alii,
722 1727 811 1758 tum
841 1717 914 1757 suo
943 1717 1121 1758 carmine
1140 1717 1180 1757 in
1200 1715 1392 1758 Nutricia
1410 1716 1633 1758 Pontianus
1654 1716 1812 1758 secutus
1834 1717 1900 1757 est.
1957 1716 2146 1758 Tradunt

50 1775 236 1827 quidam,
266 1773 375 1826 quod
400 1785 494 1813 cum
518 1773 601 1813 filia
623 1772 851 1825 Augustum
868 1783 1010 1824 parum
1029 1772 1193 1812 honeste
1208 1782 1417 1823 jacentem
1433 1770 1604 1812 vidiffet:
1628 1771 1738 1823 quod
1764 1771 1800 1811 ἃ
1819 1771 1894 1811 illo
1915 1771 2029 1824 ipfius
2047 1774 2147 1825 poe'-

49 1839 112 1870 tae
129 1828 325 1869 versiculo
345 1827 550 1880 significari
564 1828 732 1866 volunt.

225 1881 310 1922 Cur
328 1880 474 1933 aliquid
488 1881 569 1919 vieti
579 1879 593 1919 ?
619 1895 687 1919 cur
707 1879 847 1931 conscia
864 1879 1009 1918 Iumina
1018 1879 1119 1929 feci?

52 1933 168 1977 Nam
200 1934 238 1974 ἃ
267 1933 316 1973 de
334 1933 386 1972 C.
404 1932 593 1987 Caligula
612 1932 829 1973 Suetonius
859 1933 912 1972 ita
938 1933 1083 1972 tradit:
1114 1932 1164 1973 C.
1186 1932 1383 1985 Agrippae
1413 1932 1453 1972 se
1482 1941 1673 1984 nepotem
1704 1944 1835 1984 neque
1855 1933 1986 1983 credi,
2016 1943 2146 1982 neque

53 1988 157 2037 dici,
186 1988 239 2026 ob
259 1985 550 2040 ignobilitatem
573 1985 659 2036 ejus
682 1986 872 2035 volebat3
897 1985 1254 2036 succensebatque‚
1285 1987 1309 2025 fi
1335 1985 1402 2036 qui
1427 1987 1490 2025 vel
1514 1986 1720 2036 oratione,
1747 1989 1810 2025 vel
1832 1985 2148 2034 carmine,ima-

49 2040 205 2094 giuibus
225 2052 320 2080 eum
341 2038 559 2079 Caesarum
575 2038 804 2078 insererent.
859 2037 1112 2078 praedicabat
1132 2048 1290 2088 autem,
1320 2047 1493 2078 matrem
1516 2039 1628 2078 suam
1649 2050 1696 2076 ex
1722 2038 1894 2089 incesto,
1925 2039 2036 2090 quod
2060 2039 2147 2078 Au—

49 2095 183 2146 gustus
201 2104 299 2132 cum
318 2092 424 2142 Julia
445 2091 527 2131 filia
544 2089 752 2132 admififfet
766 2122 777 2141 ,
808 2099 1074 2142 procreatam.
1131 2092 1245 2131 Haec
1267 2091 1496 2132 Suetonius.
1545 2090 1649 2131 Sunt
1669 2092 1737 2141 qui
1760 2105 1847 2132 rem
1865 2094 1969 2132 hanc
1990 2091 2030 2130 in
2052 2103 2148 2141 pue·

49 2159 141 2189 rum
164 2144 339 2198 'ineptius
371 2144 566 2185 referant:
597 2144 663 2182 sed
697 2143 736 2182 in
767 2157 809 2183 re
840 2143 1096 2195 hujusmodi,
1126 2144 1362 2195 conjeetura
1383 2145 1540 2195 potius,
1569 2155 1694 2194 quam
1713 2155 1820 2184 certa
1840 2146 1973 2196 aliqua
1990 2146 2146 2184 ratione

49 2200 262 2240 ducuntur.
320 2197 422 2239 Sunt
443 2197 480 2237 &
503 2196 570 2247 qui
588 2196 638 2235 de
657 2195 899 2237 Maecenate
921 2197 1017 2236 nihil
1041 2209 1127 2237 non
1150 2197 1417 2247 suspicentur:
1447 2208 1570 2247 quem
1592 2195 1702 2247 quod
1724 2210 1935 2250 nunquam
1955 2197 2147 2238 uomina-

48 2253 127 2304 vit,
156 2253 291 2293 nescio
312 2251 406 2302 quid
426 2249 475 2290 de
494 2249 597 2301 Julia
618 2249 876 2303 confingunt.
932 2247 1082 2289 Extant
1100 2249 1270 2291 Caecilii
1296 2249 1514 2289 Minutiani
1538 2249 1699 2300 Apuleji
1721 2250 1967 2306 fragmenta,
1996 2251 2037 2290 in
2061 2251 2148 2302 qui-

51 2306 124 2346 bus
152 2306 201 2346 de
222 2305 375 2346 Ovidio
406 2305 527 2355 poeta
555 2303 651 2342 haec
674 2302 755 2343 fere
774 2302 999 2354 produntur
1014 2334 1025 2354 ,
1053 2315 1149 2343 eum
1170 2303 1325 2343 scilicet
1352 2302 1543 2343 Calendis
1562 2303 1761 2354 Januarii,
1787 2318 1868 2356 qua
1883 2305 1946 2345 die
1966 2303 2023 2344 T.
2042 2316 2147 2355 quo-

54 2370 131 2409 que
148 2357 284 2400 Livius
304 2357 528 2408 decesserit,
558 2369 668 2396 anno
686 2356 744 2396 sui
766 2356 871 2396 exilii
893 2356 1088 2408 septimo,
1117 2357 1329 2396 hominem
1349 2355 1424 2396 effe
1446 2355 1615 2396 defiiffe‘:
1647 2357 1920 2409 strue‘tumque
1951 2358 2010 2397 illi
2042 2366 2146 2409 tym-

55 2411 137 2452 bon
169 2411 190 2451 a
218 2412 384 2452 barbaris
412 2420 504 2451 ante
535 2410 697 2451 suarum
727 2409 887 2450 aedium
909 2409 1092 2460 januam.
1152 2409 1270 2453 Idem
1290 2408 1547 2450 Minutianus
1577 2410 1654 2460 ait,
1685 2410 1807 2462 item,
1839 2424 1961 2462 quem
1989 2410 2076 2451 Ibin
2098 2411 2146 2450 fi-

54 2466 209 2512 mulato
227 2465 394 2505 nomine
412 2463 893 2516 appellarat‚Corvinum
914 2463 1047 2513 fuisse,
1079 2463 1147 2515 qui
1170 2463 1367 2504 exulantis
1390 2464 1534 2516 po'e‘tae
1556 2476 1727 2505 uxorem
1746 2464 2017 2507 sollicitasset:
2045 2465 2146 2504 rele-

53 2517 222 2571 gationis
241 2519 402 2559 causam
423 2517 555 2568 fuisse,
583 2517 693 2569 quod
715 2517 884 2570 Augusti
905 2517 1101 2558 incestum
1120 2517 1285 2558 vidisset.

107 2570 323 2613 Caeterum
350 2572 400 2613 de
415 2571 552 2612 Ovidii
584 2571 745 2624 ingenio
767 2571 818 2611 fic
839 2570 985 2611 alicubi
1008 2571 1180 2612 Anneus
1202 2571 1381 2612 Seneca:
1407 2569 1699 2617 Declamabat,
1727 2572 1879 2624 inquit,
1909 2584 1999 2612 raro
2024 2569 2143 2611 Naso

57 2626 364 2676 controverfias,
393 2625 459 2666 sed
492 2637 578 2666 non
606 2625 675 2665 nifi
710 2624 878 2676 ethicas,
908 2623 1096 2665 libentius
1129 2625 1282 2665 dicebat
1312 2624 1526 2666 suasorias:
1556 2627 1726 2667 molesta
1748 2627 1805 2668 illi
1828 2634 1910 2668 erat
1931 2625 2064 2664 omnis
2083 2637 2145 2664 ar-

55 2678 326 2733 gumentatio:
357 2678 483 2720 verbis
511 2679 680 2718 minime
709 2678 875 2718 licenter
904 2678 1021 2729 usus,
1049 2679 1116 2719 nisi
1140 2678 1181 2719 in
1203 2678 1470 2729 carminibus,
1500 2680 1541 2718 in
1561 2681 1701 2731 quibus
1725 2693 1809 2721 non
1830 2677 2030 2733 ignoravit
2049 2677 2146 2718 vitia

56 2728 148 2779 sua,
172 2728 242 2768 sed
267 2732 410 2772 amavit
463 2730 731 2773 Manifestum
756 2732 882 2784 potest
902 2731 1001 2780 effe,
1030 2732 1140 2784 quod
1172 2741 1335 2786 rogatus
1357 2731 1577 2782 aliquando
1597 2734 1643 2773 ab
1665 2734 1802 2774 amicis
1827 2733 1926 2781 suis,
1953 2741 1997 2772 ut
2022 2732 2145 2771 tolle-

56 2791 116 2821 ret
145 2790 224 2839 tres
251 2782 403 2830 versus,
429 2784 602 2825 invicem
630 2785 762 2836 petiit,
791 2795 835 2826 ut
866 2785 945 2837 ipse
973 2795 1052 2826 tres
1081 2787 1303 2837 exciperet,
1334 2785 1375 2826 in
1401 2786 1543 2836 quibus
1573 2787 1669 2827 nibil
1693 2788 1770 2827 illis
1791 2787 1940 2827 liceret.
1999 2784 2146 2836 Aequa

55 2836 120 2874 lex
139 2834 232 2895 ‚visa
262 2835 338 2883 est,
362 2834 592 2886 scripserunt
615 2838 675 2878 illi
706 2851 809 2890 quos
836 2840 928 2879 tolli
947 2842 1122 2880 vellent:
1153 2839 1191 2883 &
1211 2838 1385 2880 Ovidius
1400 2870 1411 2890 ,
1438 2851 1540 2891 quos
1561 2849 1638 2880 tres
1661 2841 1870 2893 exciperet.
1901 2838 1950 2879 de
1967 2838 2144 2890 utrisque

44 2887 256 2948 ,ςοόιςίΙΙίξ
283 2887 403 2947 iidem
435 2888 568 2929 versus
597 2902 733 2944 erant,
765 2893 806 2933 in
836 2893 979 2945 quibus
1011 2895 1189 2946 primum
1215 2891 1328 2934 fuisse
1360 2895 1540 2935 narrabat
1561 2893 1845 2939 Albinovanus
1866 2891 2046 2946 Rhetor,
2075 2892 2144 2944 qui

55 2950 156 2982 mter
176 2941 343 2982 arbitros
364 2944 462 2981 tuit:
1532 2963 1534 2965 -

223 2994 542 3090 Semibovemqu{
550 2997 701 3050 virum,
719 2998 1020 3057 semivirumque
1039 3003 1170 3043 bovem
1185 3014 1196 3043 3

547 3058 583 3090 t:

225 3099 428 3157 Egelidum
445 3102 597 3142 Borean
616 3102 868 3160 egelidumque
886 3108 1050 3152 Notum-

110 3153 182 3217 ΕΚ·
199 3167 283 3208 quo
310 3166 489 3209 apparet,
525 3157 674 3198 summi
703 3157 846 3219 ingenii
873 3163 960 3205 viro
981 3165 1184 3214 judicium
1214 3177 1302 3206 non
1331 3160 1515 3213 defuisse,
1545 3161 1594 3204 ad
1615 3163 1954 3215 compescendam
1973 3163 2140 3203 suorum

58 3218 285 3252 carminum
316 3211 543 3265 licentiam,
572 3211 639 3254 sed
666 3224 861 3255 animum.
917 3218 1061 3270 Ajebat
1087 3219 1271 3273 interim,
1299 3216 1577 3312 decenticgem
1597 3216 1743 3260 faciem
1764 3216 1862 3272 effe,
1892 3217 1933 3258 in
1952 3228 2030 3268 qua
2045 3225 2140 3256 nae-

453 3279 456 3282 ’
2069 3277 2143 3305 VUS
