2547 3708
581 163 1497 220 PRAEFATIONES.

103 262 233 316 Tutus
255 261 505 309 adulterium
517 261 709 322 potuistis
722 295 739 320 ‚
773 263 940 309 luminis
952 275 1128 323 expers,

167 332 377 389 Furtaque
401 325 608 389 lascivae,
643 327 794 388 Nafii,
828 327 966 373 docere
992 329 1125 375 Deae.

103 397 198 446 Nec
217 393 383 456 censura
405 393 483 438 tibi
507 391 605 453 casti
627 393 842 446 metuenda
853 392 1004 454 futffi’t

171 459 363 519 Caesaris
376 462 397 516 ‚'
424 459 600 518 exemplo
621 463 689 519 qui
701 457 830 519 favet
851 457 930 520 ipse
935 456 1033 519 suo.

107 525 171 571 Et
192 526 262 585 qui
283 525 481 585 legitimos
503 533 703 569 temerare
725 522 893 569 libidine
914 523 1032 569 lefftos

169 590 398 651 Flagitium
423 603 649 649 numquam
671 588 844 633 credidit
863 587 938 647 effe
959 589 1081 633 viris.

104 655 240 701 Livia
263 653 430 714 testetur
445 686 460 710 ,
490 667 722 715 praegnans
742 652 925 698 abduota
944 655 1100 698 marito
1112 685 1129 711 ‚

171 718 328 764 Ederet
350 728 397 763 ut
404 716 569 779 foetum
584 721 723 778 patris
748 720 791 763 in
810 717 908 762 aede
917 716 1004 777 sui.

107 780 162 830 Ὶὲ
187 779 398 841 Tertulla,
424 785 555 845 gravi
577 783 773 842 laſjatum
785 782 961 841 pondere
989 796 1127 827 rerum
1140 813 1156 838 ,

170 843 224 893 Te
244 858 377 894 tenero
389 847 511 908 fovit
535 847 688 894 Salvia
712 846 875 892 moecha
887 850 999 906 stnu.

0 903 16 918 ⁶
107 912 218 960 Mox
241 913 404 976 Rufiila
413 911 544 974 stilax
566 913 733 969 lascivis
759 913 943 972 implicat
965 911 1102 968 ulnis,

169 978 323 1023 Forma
347 973 588 1022 Terentillae
606 992 698 1022 mox
707 975 888 1037 speciosa
909 976 1060 1021 trahit.

106 1042 170 1089 Et
184 1044 338 1104 gremio
357 1043 544 1088 detracta
561 1042 698 1100 placet
721 1042 769 1086 de
789 1040 974 1103 Consulis
996 1045 1128 1098 uxor,

173 1109 376 1170 Qaeque
403 1107 531 1151 redux
553 1105 728 1152 Veneris
736 1108 860 1168 figna
880 1107 1049 1151 recentis
1070 1104 1208 1150 habet.

110 1171 269 1219 Verum
291 1172 363 1217 ubi
386 1169 590 1231 consuetae
602 1169 775 1232 faciunt
785 1169 966 1231 fastidia
975 1169 1171 1231 formae,

173 1237 269 1282 Nec
282 1235 391 1297 fiztis
411 1235 512 1280 haec
531 1235 714 1294 moecho5
747 1250 816 1281 nec
827 1235 940 1295 satis
963 1237 1036 1280 illa
1051 1236 1214 1293 placent
1232 1251 1241 1279 :

109 1302 290 1360 Corpora
313 1315 526 1362 mangones
551 1303 782 1361 conquirere
799 1299 976 1360 pulchra
989 1301 1221 1359 jubentur,

171 1364 300 1428 Quae
316 1368 448 1425 postta
458 1365 614 1426 speitet
632 1364 737 1425 veste
745 1364 948 1427 superbus
965 1360 1103 1411 herus.

107 1429 278 1476 Ludera
289 1427 418 1490 furta
443 1430 586 1475 Deum
607 1431 776 1476 dubitat
797 1446 920 1492 neque
935 1428 1074 1491 falsus
1090 1428 1265 1489 Apelle,

170 1495 369 1540 Numina
389 1496 487 1540 dum
506 1497 566 1540 bis
577 1494 655 1556 fiex
679 1495 844 1541 Mallia
856 1495 948 1557 sola
968 1495 1100 1540 videt.

106 1559 304 1618 Principe
315 1562 379 1619 fic
396 1563 538 1622 agitur
549 1573 655 1619 puro
678 1559 868 1621 censura:
905 1560 1049 1605 Poe'tis

172 1626 262 1670 Nil
277 1638 373 1684 opus
393 1624 473 1685 est,
493 1624 694 1684 juvenes,
728 1627 798 1686 qui
817 1626 924 1670 male
934 1623 1083 1684 stupra
1105 1623 1258 1668 docent.

107 1688 260 1751 Naso,
295 1690 396 1750 quid
414 1689 625 1752 obscaenas
647 1700 737 1735 tam
761 1689 879 1743 castis
899 1689 1070 1735 auribus
1089 1697 1227 1744 artes,

175 1754 236 1800 Et
259 1757 435 1816 quereris
458 1756 593 1800 molles
611 1753 850 1816 displicuzffe
871 1752 1033 1801 modos?

111 1820 200 1866 Cur
219 1833 312 1879 opus
332 1817 543 1881 adscitas,
577 1820 686 1880 quod
701 1822 831 1881 legum
854 1822 1025 1865 tetricus
1044 1821 1189 1864 duitor

174 1883 404 1942 Vindicat,
437 1895 484 1929 ut
499 1887 644 1944 populo
665 1884 845 1946 consulat
865 1884 946 1945 ipse
954 1883 1048 1946 suo.

110 1949 237 2009 Regis
249 1949 300 2005 ab
321 1951 494 2007 exemplo
508 1959 726 2007 praecepta
737 1948 934 2009 salubria
950 1949 1077 2006 pubes

170 2013 353 2058 Romula
367 2045 382 2068 ‚
417 2028 582 2072 cumque
600 2028 707 2057 nuru
732 2022 866 2058 mater
889 2011 1051 2071 honesta
1064 2018 1200 2070 petat.

109 2076 285 2139 Exfiilet
306 2079 349 2122 in
371 2077 553 2135 Scythico
579 2078 789 2122 Romanus
810 2078 929 2122 litore
950 2076 1112 2134 Vates,

174 2141 308 2186 Cedat
326 2141 523 2186 adulterii
545 2141 683 2187 doctor
705 2143 758 2186 ab
781 2142 894 2186 Urbe
908 2143 998 2201 pia.

108 2206 213 2254 Non
234 2207 327 2251 bene
349 2206 401 2251 ab
425 2208 566 2265 z'gnaro
587 2205 797 2266 discuntur
812 2205 962 2265 stupra
986 2204 1152 2261 Poeta,

175 2271 271 2334 „Qui
283 2302 298 2327 ,
332 2272 430 2330 quia
453 2285 531 2316 non
554 2272 699 2328 novit,
725 2269 856 2331 furta
879 2270 1015 2315 docere
1036 2270 1189 2330 nequit.

109 2336 232 2396 Legis
257 2335 397 2380 Iuleae
423 2332 679 2396 Caestirfine
709 2337 877 2380 crimine
898 2335 1082 2391 vindex,

172 2402 327 2459 Aptior
348 2399 408 2445 ad
425 2399 599 2446 Veneris
613 2398 772 2461 gaudia
795 2400 932 2444 dofftor
952 2401 1047 2445 erit.

114 2465 220 2512 Non
239 2464 350 2510 docet
370 2465 436 2510 ille
460 2465 580 2510 rudes
599 2464 795 2524 custodem
807 2462 962 2523 fallere
988 2472 1143 2509 matres
1157 2495 1174 2521 ,

178 2531 273 2575 Aut
297 2530 436 2590 vigilis
459 2544 602 2575 curam
628 2530 805 2589 decipere
824 2539 916 2574 arte
941 2530 1047 2574 viri.

113 2595 219 2641 Non
240 2594 306 2639 hic
328 2594 571 2651 blanditiis,
605 2609 683 2639 non
701 2607 932 2655 expugnare
945 2594 1107 2653 puellas

178 2657 358 2704 Munere
377 2691 393 2716 ‚
426 2675 504 2705 non
522 2659 651 2704 doitis
660 2659 888 2720 sollicitare
909 2659 1038 2704 modis
1052 2677 1069 2712 3

118 2722 200 2769 Sed
218 2736 359 2782 rapere
381 2740 403 2768 e
415 2726 584 2785 gremiis
606 2733 756 2784 nuptas
779 2722 974 2785 confefflis
997 2722 1162 2767 adulter

185 2786 396 2845 Imperat,
432 2789 487 2839 &2⁷
514 2804 650 2834 coram
663 2788 836 2850 jungere
857 2789 1041 2833 membra
1066 2787 1182 2832 viro,

117 2851 340 2897 Pellicibus
358 2854 482 2910 replet
502 2852 661 2913 lasciva
683 2854 866 2899 Palatia
889 2851 1047 2913 Caefizr
1059 2883 1076 2909 ‚

183 2912 340 2974 Turpia
364 2930 467 2975 quas
487 2926 628 2976 cogunt
651 2916 889 2978 regiajuſja
906 2918 1016 2975 pati.

118 2976 336 3040 Tarquinii
350 2980 484 3038 proles
504 2995 576 3025 cur
596 2980 694 3026 haec
715 2996 792 3026 non
813 2990 997 3040 tempora
1017 2977 1162 3026 vidit?

181 3047 396 3091 Romanas
418 3046 534 3089 licuit
555 3047 648 3105 quis
671 3054 868 3089 temerare
887 3061 1030 3091 nurus.

118 3106 229 3157 Tuta
251 3108 326 3166 sub
349 3108 531 3171 Augusto
555 3107 729 3171 lascivia
752 3118 874 3155 tanta
888 3108 1065 3169 fuzffi’t,

181 3175 277 3227 Nec
287 3176 456 3236 patrias
479 3183 604 3222 natus
613 3173 919 3237 praecipitaffl’t
940 3187 1041 3235 opes.
1100 3201 1104 3204 ·

1998 187 2085 237 ¹73

2000 3279 2112 3327 Len-
