2547 3708
879 175 903 234 1
1047 175 1094 233 B

1239 173 1263 231 1
1405 176 1457 231 S.

442 294 720 365 Conjuge,
739 305 899 362 quarn
925 286 1113 350 Talai,
1151 283 1539 356 Tyndareique
1566 302 1748 357 gener.

373 374 666 441 Quaeque,
706 379 889 435 parare
912 362 1010 416 suis
1030 361 1193 413 letum
1219 358 1539 428 patruelibus
1562 360 1739 423 ausae,

443 440 685 501 Belides,
722 435 936 490 adsidua
960 434 1091 488 colla
1116 444 1431 500 premuntur
1457 434 1610 501 aqua.

378 513 634 589 Byblidos
661 511 714 564 δε
741 508 1004 568 Canaces,
1041 505 1172 558 ficut
1199 502 1354 570 facis,
1392 502 1569 557 ardeat
1593 505 1746 576 igne:

232 598 333 659 360

85 811 192 849 quam
215 806 298 833 tunc
317 791 432 841 confici
453 801 520 827 non
544 785 691 825 erubuit.
719 786 769 823 ita
792 783 924 822 Codex
941 782 1025 821 Mff.
1041 782 1119 821 vul-

87 863 160 901 g0,
198 861 267 898 qua
310 855 335 882 t.
358 856 389 881 c.
426 842 479 879 uti
503 836 737 877 non‘erubuit.
768 835 912 883 Joseph.
940 835 1052 872 Iscan.
1072 846 1119 871 11.

90 912 179 950 325.
208 899 272 935 hac
289 905 386 944 parte
414 893 589 942 loquacem
611 887 740 925 Erubeo
760 887 892 932 sexum.
920 886 1050 933 Virgil.
1072 897 1118 924 11.

88 950 247 989 Aeneid.
267 958 347 996 541.
366 944 429 992 sed
450 944 536 990 jura
556 940 730 990 fidemque
754 937 920 986 supplicis
955 936 1118 981 erubuit,

88 1002 152 1042 ubi
166 1011 286 1039 tamen
307 997 378 1034 alio
399 993 497 1032 sensu
511 993 660 1040 ponitur
674 1018 688 1035 ,,
712 1001 779 1038 pro
793 989 970 1031 revereri,
997 987 1117 1025 obser·

90 1064 174 1092 vare
191 1047 472 1098 religiose,nam
498 1042 593 1080 male
622 1053 669 1079 eo
693 1040 866 1087 exemplo
877 1039 988 1075 utitur
1013 1038 1120 1076 Beza.

89 1104 134 1141 ad
145 1103 200 1140 illa
215 1101 336 1138 Lucae
348 1098 551 1144 Euang.1x.
562 1094 622 1132 26.
649 1092 692 1133 ὡς
703 1094 775 1137 γὰρ
787 1090 829 1126 ἀν
842 1089 1059 1135 ἐπαισχυνθῆ
1073 1101 1118 1147 μέ

88 1151 308 1193 illustranda:
336 1148 382 1186 ibi
415 1148 512 1184 enim
536 1154 666 1188 notat,
692 1152 732 1180 ut
749 1143 823 1178 hoc
850 1141 937 1178 loco
955 1168 964 1182 ‚
991 1140 1016 1178 fi
1038 1152 1119 1189 quis

90 1217 152 1244 me
177 1201 354 1241 aversatus
373 1198 442 1242 est,
470 1198 509 1234 &
526 1205 674 1244 propter
696 1191 824 1231 Christi
846 1191 1025 1240 abjectam
1039 1191 1113 1229 sor-

90 1264 165 1294 tem
188 1252 411 1291 &vilitatem
439 1247 628 1295 Euangelii
652 1245 833 1292 puduerit.
865 1243 914 1280 ita
936 1250 1033 1280 certe
1053 1253 1113 1279 ce·

88 1306 141 1354 pit
171 1303 309 1341 Paullus
341 1299 450 1347 Epist.
480 1299 525 1352 ad
557 1298 748 1335 Romanos
768 1295 800 1334 1.
824 1294 880 1332 16.
906 1293 980 1332 vid.
1000 1294 1039 1331 &
1058 1305 1112 1332 Π.

88 1355 198 1394 Trist.
217 1366 279 1391 111.
301 1353 360 1398 64.
390 1350 519 1388 Euam.
841 1398 846 1403 Ι
1058 1397 1064 1402 .
1092 1396 1098 1402 ·

142 1416 227 1455 353,
253 1408 416 1453 (Quaeque
438 1401 497 1447 sui
522 1397 720 1447 venerem]
757 1396 1002 1435 Callimachus
1029 1395 1120 1434 dicit

86 1454 414 1506 Hypermnestram
435 1452 623 1500 quondam
646 1451 682 1486 in
716 1448 893 1487 adulterio
916 1448 1119 1495 deprehen-

89 1508 161 1546 sam
177 1535 187 1551 ,
215 1518 296 1544 cum
317 1506 425 1542 fratre
443 1503 563 1539 mariti
581 1501 632 1538 sui
652 1498 846 1549 profugisse
858 1500 995 1536 auxilio
1016 1507 1120 1536 tene-

89 1558 256 1600 brarum;
285 1554 417 1592 deinde
434 1553 576 1591 servum
591 1552 694 1589 suurn
712 1551 901 1588 Pavonem
926 1550 963 1587 δε
982 1549 1120 1586 Locrin

89 1609 259 1647 ancillam
277 1606 421 1643 necavit
441 1632 452 1648 ‚
486 1612 528 1641 ut
556 1603 613 1639 illa
638 1603 767 1640 Locris
795 1601 974 1640 diceretur
994 1600 1122 1648 depre-

90 1659 210 1698 hensa.
264 1659 505 1695 liquamus.
533 1654 685 1690 Vetusta
699 1652 879 1702 quaedam
904 1651 1037 1689 scholia
1062 1655 1126 1686 Lo-

90 1710 164 1748 crin
186 1709 354 1747 Ancillae
374 1717 515 1744 nornen
535 1705 722 1752 proprium
755 1701 825 1740 effe
859 1703 985 1751 ajunt,
1013 1712 1123 1749 quam

93 1773 177 1799 cum
213 1761 401 1798 Paverone
447 1757 550 1794 servo
606 1754 894 1803 Hypermnestra
932 1753 1123 1790 occiderit.

95 1812 249 1848 Cousr.
277 1810 371 1846 Fm.
400 1806 688 1856 Hypermnestra
709 1817 781 1842 una
799 1817 844 1842 ex
857 1803 1123 1853 quinquaginta

97 1861 236 1900 filiabus
248 1861 364 1898 Danai
379 1859 586 1901 cumifratre
608 1857 725 1894 mariti
745 1856 963 1895 concubuit,
991 1854 1126 1892 nostu-

96 1923 168 1961 que
187 1909 428 1960 deprehensa,
456 1907 637 1946 beneficio
663 1907 894 1945 tenebrarum
923 1904 1058 1943 evafit:
1087 1905 1126 1942 &

100 1973 148 1999 ne
169 1963 284 2009 palam
307 1961 480 1997 incaestus
510 1958 636 2000 fieret,
667 1959 802 1995 Locrin
831 1957 1000 1994 ancillam
1029 1956 1129 1994 occi-

100 2012 171 2056 dit,
201 2023 242 2048 ac
262 2011 439 2047 famulum
456 2037 465 2052 ,
492 2009 591 2055 quasi
613 2011 649 2046 in
669 2008 869 2044 concubitu
889 2019 953 2044 eos
970 2006 1130 2043 invenis-

98 2062 161 2100 set.
197 2062 351 2098 Ziiaor.
380 2061 484 2096 Haec
501 2059 626 2096 Zaroti
639 2058 819 2104 expolitio
842 2069 919 2093 nori
939 2056 1106 2105 procedit
1120 2083 1130 2099 ,

100 2113 251 2161 quando
280 2111 423 2158 Lyncei
453 2109 506 2156 (is
527 2108 625 2145 euim
641 2108 980 2155 Hypermneflrae,
1005 2107 1133 2155 dequa

103 2162 335 2200 hic-Zarotus
355 2159 466 2202 dicit,
494 2159 656 2200 coniunx
676 2159 766 2203 tuit)
797 2158 921 2194 fratres
941 2168 1072 2194 omnes
1090 2156 1134 2193 ab

102 2212 274 2250 uxoribus
295 2210 361 2247 suis
375 2237 384 2251 ‚
413 2208 533 2245 Danai
551 2207 687 2244 filiabus
709 2235 719 2250 ‚
755 2215 794 2243 ut
815 2207 955 2243 fabulae
974 2207 1133 2249 habent,

449 588 597 646 Nec,
633 582 724 637 nisi
749 597 850 651 per,
868 581 1072 634 crimen
1091 616 1106 641 ‚
1146 575 1205 631 fit
1233 575 1329 630 tibi
1355 591 1482 631 nota
1508 577 1672 645 soror.

2076 652 2208 712 Filia

1228 780 1312 829 356.
1339 781 1461 828 Qaeam
1481 779 1737 830 Talaigener]
1778 780 2042 832 Amphiaraum
2063 782 2209 832 tangits'

1174 842 1288 880 quem
1310 831 1485 880 Eyphile
1509 843 1602 868 uxor
1622 835 1679 869 lua
1695 862 1704 875 ‚
1730 832 1800 871 filia
1814 833 1936 878 Talai,
1956 842 2103 883 propter
2122 846 2209 872 mo-

1174 883 1247 919 nile
1269 882 1456 930 prodidit,
1486 883 1523 919 &
1558 883 1844 929 Agamemnona
1867 913 1877 929 ,
1904 897 2015 933 quem
2038 897 2131 922 uxor
2147 885 2210 923 sua

1175 933 1443 980 Clytemnestra
1466 932 1634 981 AEgysthi
1649 934 1801 972 adulteri
1831 947 1903 983 ope
1924 936 2121 973 interfecit.
2141 935 2208 973 IN-

1178 984 1978 1032 Tsanaes.AmphiarauminnuitAigivum
1991 987 2207 1032 Augurem.

1175 1047 1288 1084 quem
1321 1035 1495 1083 Eriphyle
1514 1034 1651 1082 conjux
1673 1064 1682 1079 ‚
1711 1036 1820 1073 Talai
1840 1034 1932 1080 filia,
1958 1036 2131 1083 prodidit,
2149 1047 2212 1073 ac·

1174 1097 1285 1134 cepto
1306 1084 1328 1122 {t
1350 1087 1528 1134 Polynice
1551 1086 1746 1124 decantato
1772 1086 1835 1123 illo
1857 1087 1990 1123 Monili
2009 1113 2018 1129 ,
2041 1086 2142 1135 quod
2165 1087 2211 1123 ab

1173 1137 1233 1175 illa
1256 1137 1388 1174 Monile
1405 1136 1582 1185 Eriphyles
1596 1135 1747 1174 dieliuin
1769 1137 1829 1174 est.
1883 1135 2000 1175 Odiff.
2021 1142 2060 1176 λ.

1569 1198 1717 1251 ςυγερῖοδ
1737 1200 1769 1237 τ’
1788 1199 1961 1250 Εξιφῦλῦκ)

1223 1250 1268 1292 1-1‘
1286 1256 1405 1304 χρυσύν
1423 1256 1515 1304 φίλων
1535 1253 1645 1307 άιὲξός
1666 1254 1804 1301 idriam-'o
1820 1255 1978 1305 τιμηέἷῖα,

1559 1309 1784 1358 moesiamque
1803 1309 1989 1358 Eriphylen
2002 1336 2013 1353 ,

1225 1362 1328 1408 §Luae
1346 1373 1474 1397 aarum
1496 1360 1616 1396 dileaezo
1636 1361 1714 1397 viro
1732 1359 1857 1396 habuit
1879 1359 2006 1397 carius.

1176 1423 1235 1460 M.
1256 1422 1402 1460 Tullius
1418 1423 1523 1460 Orat.
1539 1435 1603 1460 111.
1617 1422 1844 1461 Accusat.de
1865 1423 1983 1472 signis.
2038 1423 2194 1461 Verrem
2204 1424 2224 1468 ,L

1177 1474 1241 1523 qui
1271 1474 1404 1522 pocula
1441 1474 1624 1521 quaedam
1656 1474 1816 1511 Diodori
1847 1475 2090 1522 pulcherrirna
2119 1486 2223 1512 nun-·

1178 1537 1289 1574 quam
1313 1523 1335 1561 a
1354 1524 1388 1561 se
1413 1524 1484 1561 visa
1506 1526 1794 1573 concupiverat,
1823 1536 1908 1561 cum
1926 1525 2098 1574 Eriphyla
2112 1537 2221 1562 com·-

1179 1584 1280 1623 paiat
1299 1576 1352 1612 his
1376 1575 1492 1612 verbis
1513 1589 1520 1611 :
1562 1574 1767 1624 Eriphylam
1797 1576 1985 1624 accepimus
2006 1578 2043 1611 in
2061 1575 2225 1620 sabulis,

1177 1640 1215 1663 ea
1236 1626 1550 1674 cupiditatefaisse,
1579 1637 1620 1663 ut
1643 1639 1719 1663 cum
1733 1625 1872 1673 vidiffet
1893 1625 2024 1662 Monile
2051 1626 2218 1673 (opinor'j

1178 1690 1219 1715 ex
1238 1690 1323 1713 auro
1347 1689 1389 1715 ξφ
1405 1678 1572 1724 gemmis,
1596 1676 1858 1726 pulchritudine
1888 1677 1956 1723 ejus
1975 1677 2113 1724 incensa
2127 1702 2138 1719 ,
2158 1678 2220 1722 sa·

1178 1729 1288 1765 lutem
1311 1727 1383 1763 viri
1397 1727 1573 1775 proderet.-
1608 1727 1733 1773 fimilis
1762 1727 1857 1774 istius
1879 1727 2061 1776 cupiditas.
2117 1726 2218 1764 Ovio

1180 1778 1340 1826 diusipse
1357 1777 1480 1815 libello
1490 1779 1535 1815 de
1555 1779 1662 1816 Nuce
1682 1792 1691 1816 ε

1233 1830 1370 1866 Praeda
1392 1828 1484 1865 malo
1505 1829 1669 1877 Polydore
1684 1830 1761 1874 fuit
1783 1827 1869 1872 tibi,
1893 1828 2024 1878 praeda
2048 1826 2221 1875 nefandae

1285 1880 1449 1929 Conjugis
1487 1882 1646 1917 Aonium
1684 1878 1777 1929 mifit·
1796 1879 1834 1915 in
1858 1891 1962 1916 arma
1981 1880 2118 1917 virum.

1185 1942 1312 1989 Quem
1332 1944 1457 1982 locum
1483 1945 1650 1984 Erasmus
1673 1946 1965 1984 Commentariis
1984 1946 2052 1982 suis
2073 1947 2108 1983 iri
2132 1954 2224 1982 euri-

1184 1992 1271 2032 dem
1294 1995 1455 2032 libellum
1479 2007 1670 2042 perperam
1698 1997 1743 2032 de
1765 1997 1943 2033 Menelao
1964 1996 2224 2033 &Helenam—

1187 2051 1414 2091 terpretatur.
1466 2046 1563 2081 Nam
1582 2073 1591 2089 ‚
1620 2057 1684 2093 per
1712 2044 1870 2082 Aonium
1891 2046 2015 2082 virum
2037 2058 2114 2083 non
2136 2045 2227 2082 alius

1186 2106 1296 2142 quarn
1320 2095 1564 2142 Amphiaraus
1586 2095 1860 2143 intelligendus,
1889 2096 1934 2133 de
1957 2097 2060 2143 cujus
2077 2095 2233 2133 interitu>

1186 2145 1375 2182 Pausanias
1386 2146 1420 2181 in
1436 2145 1567 2181 Atticis
1581 2172 1592 2187 ‚
1611 2153 1751 2191 praeter
1764 2155 1928 2183 caeteros
1949 2146 2065 2201 Αέγιζῇ
2077 2149 2117 2194 οἵ
2131 2148 2225 2194 A'pa-

1190 2197 1332 2246 φιαροίῳ
1351 2197 1492 2246 <patrosin
1508 2201 1544 2236 ἐκ
1558 2197 1692 2239 Θηςσῖιε
1703 2197 1867 2239 διας-[ὤεα
1879 2198 1932 2242 τὺ
1944 2197 2013 2246 ’γᾶυ
2024 2227 2035 2243 ,
2056 2205 2087 2252 'ri
2100 2202 2139 2242 ὦς
2162 2199 2232 2237 aiv-*-

106 2262 214 2301 occifi
246 2263 404 2298 fuerunt.
456 2258 604 2296 Rectius
631 2269 718 2306 ergo
758 2257 802 2293 de
845 2256 1132 2304 Hypermnestra
1190 2250 1337 2300 τδνὸμοῖ
1354 2254 1413 2290 καὶ
1428 2252 1528 2305 ἅςμιι
1541 2253 1868 2300 ὀπιδέξοιτοΛιιιηῖ
1878 2265 1996 2291 autem
2008 2255 2234 2303 Amphiarao.

105 2311 303 2355 Locrensi,
330 2311 375 2348 de
407 2320 479 2358 qua
509 2308 700 2346 Domitius
728 2308 924 2349 meminit,
951 2307 1050 2344 hunc
1078 2307 1133 2343 lo·
1179 2307 1822 2358 fugientedisceffiffeterram‚eumque
1833 2319 1903 2343 una
1915 2321 1992 2346 cum
2004 2317 2229 2345 curruterrae

107 2375 192 2402 cum
217 2364 449 2409 accipiemus.
501 2360 698 2396 Caeterum
733 2359 802 2396 fuit
833 2359 870 2395 ὅ(
893 2358 1042 2405 proprio
1064 2369 1133 2394 no·
1187 2357 1291 2396 hiatu
1307 2356 1527 2406 absumptum
1546 2359 1613 2406 effi.
1652 2360 1828 2397 Horatius
1848 2358 1935 2398 Ode
1957 2359 2015 2399 16.
2040 2359 2177 2399 libau.

109 2416 210 2452 mine
240 2412 351 2449 Locris
368 2410 568 2449 dietauxor
587 2409 758 2456 Dionysii
784 2409 933 2454 majoris
955 2436 964 2452 ‚
990 2408 1134 2449 Siculo·
1468 2409 1629 2447 Concidit
1649 2411 1803 2458 Auguris
2111 2422 2114 2424 ’

109 2463 343 2511 rumtyranni
359 2490 369 2506 ‚
388 2471 428 2499 ut
443 2461 663 2498 Gemiflhius
677 2468 781 2497 autor
791 2459 906 2496 estlib.
920 2459 1134 2496 niumm..
1293 2460 1425 2507 Argivi
1445 2459 1564 2497 domus
1585 2459 1621 2495 oh
1641 2459 1776 2497 lucrum

111 2514 301 2553 Domitius
319 2525 381 2560 per
401 2512 537 2549 Locrin
571 2523 646 2548 non
677 2511 845 2549 ancillam
861 2537 871 2554 ‚
899 2518 938 2547 ut
958 2519 1062 2547 vetus
1077 2510 1135 2546 In·
1299 2511 1466 2553 Demers'a
1495 2511 1636 2547 excidio.

112 2574 246 2614 terpres
267 2592 277 2608 ,
312 2564 370 2600 sed
393 2561 718 2611 Hypermnestram
752 2560 973 2598 Locrensem
1009 2560 1141 2598 intelli·
1198 2560 1369 2598 Snus.
1397 2563 1519 2609 Qum
1553 2562 1676 2598 Danai
1703 2561 1840 2600 Sarrav.
1878 2560 2019 2600 Thanai
2046 2563 2133 2602 alter
2159 2563 2237 2602 Rea

116 2617 178 2663 git.
228 2615 309 2663 Ego
332 2614 490 2662 quodiis
511 2613 641 2650 addam
662 2624 738 2649 non
759 2612 889 2648 habeo.
945 2612 1142 2648 SALVAGN.
1199 2613 1290 2661 gius.
1319 2611 1395 2647 Tali
1426 2613 1575 2649 Moreti.

120 2664 374 2703 Obscuriffima
394 2664 523 2702 fabula.
551 2663 608 2700 sed
621 2664 723 2711 quod
735 2663 907 2711 Micyllus
919 2670 1023 2702 notet
1040 2663 1145 2699 Uxo-

121 2726 198 2752 rem
213 2717 335 2764 Diony
344 2715 379 2752 fii
401 2713 501 2752 fuill'e
521 2718 641 2751 Locrssn
659 2714 806 2760 proprio
820 2715 974 2750 nomine
988 2712 1120 2750 dietam
1137 2740 1146 2756 ,
1200 2714 1296 2751 bello
1311 2713 1483 2760 Trojano
1496 2713 1676 2751 reversum
1691 2715 1816 2752 uxoris
1829 2714 2115 2762 Clytemnestrae
2127 2716 2240 2764 Tyn-

125 2772 220 2813 puto<
236 2766 303 2802 falli
318 2780 326 2802 z
341 2777 426 2803 nam
449 2765 551 2802 Doris
572 2773 725 2808 vocata,
753 2763 812 2801 sed
834 2765 944 2810 patria
960 2762 1148 2802 Locrenfis
1204 2764 1301 2802 darei
1336 2762 1428 2800 filiae
1458 2763 1592 2802 insidiis
1620 2764 1791 2813 AEgystus
1810 2765 1947 2803 adulter
1970 2765 2005 2802 in
2030 2766 2152 2804 mensa
2171 2767 2240 2804 ob-

127 2822 222 2855 erat,
250 2814 334 2851 teste
353 2815 546 2852 Athenaeo
573 2815 634 2852 lib.
652 2827 724 2852 xii.
744 2827 798 2852 11.
826 2813 1072 2861 diffimulatam
1087 2826 1149 2851 ex·
1206 2815 1412 2856 truncavit,
1441 2822 1479 2851 ut
1499 2816 1630 2852 author
1650 2817 1696 2852 est
1717 2817 1907 2853 Homerus
1929 2814 2058 2864 Odyff.
2078 2814 2112 2853 δ’
2129 2818 2165 2854 ὃ(
2192 2814 2241 2855 λ’.

125 2864 318 2914 plicuimus
337 2865 381 2900 ad
399 2866 516 2902 Vellei
540 2866 677 2903 Patere,
695 2878 740 2902 11.
763 2876 848 2914 109.
878 2866 1006 2902 ssuim.
1209 2867 1245 2903 δι
1270 2876 1355 2901 eum
1379 2864 1489 2901 secuti
1511 2865 1676 2903 AEiianus
1702 2879 1793 2903 ποικ.
1814 2867 1900 2910 ἱςορ.
1934 2866 1993 2903 lib.
2011 2878 2057 2904 11.
2086 2864 2242 2915 Dionys.

181 2926 261 2963 354.
290 2914 400 2949 Locris
419 2915 456 2950 in
474 2915 654 2964 ancilium]
685 2917 797 2953 Locris
823 2916 971 2953 ancillae
995 2915 1153 2963 plurimi.
1210 2924 1303 2953 orat.
1323 2918 1403 2959 περὶ
1426 2917 1579 2957 &meiere
1601 2944 1610 2959 ,
1654 2917 1825 2966 Higynus
1854 2917 1925 2954 fab.
1952 2928 2031 2962 117.
2057 2917 2249 2964 Juvenalis.

131 2964 356 3005 &Ancillam
377 2975 428 3010 pr.
451 2964 517 3000 Ed.
536 2967 638 3015 Sacris
651 2968 760 3004 etiam
782 2978 874 3004 unus
898 2965 1052 3004 Heinsii.
1212 2968 1336 3014 Satyra
1360 2977 1445 3002 viix.
1475 2965 1580 3011 Joan.
1598 2967 1759 3004 Tzetz-es
1788 2968 1870 3004 chil.
1892 2980 1958 3006 111.
1988 2968 2081 3006 Hist.
2105 2979 2161 3013 77.
2191 2967 2245 3002 A-

187 3027 270 3066 355.
299 3020 385 3050 Tam
403 3027 533 3064 quoque
563 3016 598 3050 di
617 3017 793 3066 fasiana]
822 3018 924 3055 Nota
944 3017 1062 3065 priscis
1081 3018 1157 3055 for·
1211 3017 1251 3055 lii
1271 3016 1314 3052 ab
1331 3018 1529 3063 uxoreipsa
1541 3018 1699 3055 occisum
1717 3028 1883 3062 narrant,
1909 3018 2051 3066 sumpta
2066 3020 2101 3056 in
2115 3018 2247 3055 balneo

134 3067 234 3104 mula
257 3066 304 3101 Di
319 3066 481 3110 faciant,
509 3063 583 3100 five
604 3065 819 3112 Diifaxe'm,
846 3080 917 3116 qua
932 3069 1067 3104 centies
1080 3067 1158 3105 usus
1215 3068 1335 3106 tunica
1354 3095 1364 3111 ,
1397 3079 1490 3114 quae
1511 3079 1579 3104 nec
1601 3069 1686 3105 colli
1711 3080 1780 3105 nec
1809 3081 1987 3106 manuum
2010 3070 2125 3106 exitus
2139 3067 2249 3104 liabe-

136 3116 185 3154 est
208 3116 392 3158 Ovidius,
422 3117 458 3152 &
486 3114 545 3150 alii
578 3113 598 3150 a
622 3114 799 3152 ssriffonio
828 3118 960 3155 laudati
982 3118 1041 3155 lib.
1062 3132 1089 3156 i.
1114 3118 1160 3155 de
1218 3128 1283 3155 ret.
1312 3119 1368 3154 bic
1385 3119 1485 3153 enim
1511 3119 1738 3166 lycophron
1754 3122 1788 3156 in
1809 3118 2004 3156 Cafi'andra
2020 3147 2029 3161 ,
2057 3116 2260 3163 AEi‘chylus.

135 3167 317 3204 formulis.
370 3167 569 3203 Setvmu.
598 3165 648 3200 Di
665 3179 792 3214 quoque
807 3178 879 3202 tam
892 3169 1031 3213 faciant
1055 3181 1098 3205 ex
1112 3181 1165 3216 pr.
1221 3167 2189 3216 EurnenidibuS‚SenecaAgamemnone.Philostratus
2201 3166 2255 3205 se-

138 3216 314 3254 Editione
348 3218 383 3252 &
412 3216 555 3252 duobus
597 3215 732 3261 scriptis
760 3215 871 3255 edidit
907 3219 956 3257 N.
983 3219 1168 3259 Heinsius.
1225 3221 1309 3257 nior
1331 3216 1466 3253 εἰκόνων
1495 3219 1554 3255 lib.
1572 3231 1618 3256 11.
1647 3220 1824 3267 Euripidis
1857 3219 2066 3256 Scholiastes
2090 3225 2262 3256 extrema.

145 3267 306 3318 gamtibi
327 3266 365 3304 di
379 3267 516 3315 facian}
532 3265 707 3307 Francos.
1229 3269 1398 3310 Hecuba.
1435 3269 1759 3317 QuodPoe‘tarum
1772 3271 2017 3320 Tragicorum
2032 3267 2261 3356 figmentugi.

2184 3331 2205 3358 e
2233 3330 2264 3359 32

1253 2666 1336 2711 3ςο.
1367 2662 1604 2713 Tyndareique
1623 2663 1760 2713 genem]
1791 2668 2036 2712 Agamemnon
2052 2691 2062 2707 ‚
2087 2675 2199 2713 quem
2214 2663 2244 2703 ἐξἼ
