2547 3708
2303 99 2359 117 „3

367 115 459 171 186
878 105 1768 162 DEDICATIONES
1834 104 1938 157 21³

358 203 553 253 illustria
570 200 783 271 exempla
804 204 854 252 in
876 204 1043 253 Ovidii
1069 201 1442 268 Metamorphofi
1464 219 1560 250 non
1581 202 1850 251 habeantur.
1883 215 1990 248 nam
2012 195 2247 247 clarisfirna
2268 211 2474 269 quaeque
2520 181 2547 266 4ᾏ

356 287 458 319 non
476 271 595 320 bella
619 273 789 331 modo,
803 271 1105 319 verumetiam
1128 268 1323 332 praelia,
1356 281 1408 315 ut
1430 268 1777 332 strategemata,
1811 280 1867 315 ut
1892 267 2069 314 ducum
2091 265 2328 330 colloquia
2347 274 2478 332 prae*

359 339 647 398 termittam,
681 337 763 384 illo
787 337 1038 384 verborum
1071 336 1258 397 lepore,
1294 334 1371 380 illa
1402 333 1630 397 elegantia
1662 332 2015 390 describuntur,
2050 341 2103 376 ut
2135 330 2365 394 plerisque
2388 334 2475 384 tibi
2522 355 2523 358 ¹

359 402 484 451 inter
508 403 759 468 legendum
780 401 988 448 interesse
1011 400 1214 449 videaris.
1276 400 1380 460 Jam
1406 399 1606 445 civiliter
1630 396 1817 444 vivendi
1842 397 2041 442 rationes
2063 397 2184 441 unde
2205 395 2381 444 facilius
2403 396 2473 454 su*

358 483 567 528 mamus,
602 481 808 515 autorem
832 468 1032 514 invenies
1056 480 1302 512 neminem.
1371 465 1445 511 Ex
1470 465 1524 510 iis
1547 464 1670 509 enim
1694 477 1808 526 quae
1834 461 1982 508 statim
2008 462 2055 507 in
2078 461 2230 524 operis
2259 462 2400 508 initio
2418 464 2476 511 de
2524 499 2525 503 ,

359 534 527 580 mundi
549 534 756 597 origine,
792 532 1056 595 Gigantum
1079 530 1287 578 adversus
1312 528 1420 575 deos
1443 530 1701 575 temeritate
1724 527 2012 590 aliorumque
2032 525 2272 589 impietate
2294 542 2476 575 narrari-r·

364 611 472 659 tur,
505 612 662 662 aperte
689 597 985 660 colligimus,
1010 598 1168 643 Deum
1197 593 1360 640 mundi
1380 592 1517 656 ipsius
1541 592 1765 655 opificem
1791 592 2210 653 fabricatoremque
2230 590 2388 650 fuisse,
2421 609 2474 642 ac
2530 639 2533 645 ,

359 679 466 710 eum
493 666 541 710 in
564 664 723 727 primis
747 660 994 709 colendum
1018 674 1158 724 atque
1179 662 1510 707 venerandum.
1577 658 1756 704 Eorum
1789 673 1899 704 vero
1936 657 2014 719 qui
2049 657 2157 703 Deo
2189 655 2475 716 adversantur

362 730 519 775 omnia
543 744 682 790 opera
708 727 855 774 inania
882 724 968 772 esse
997 741 1048 772 ac
1076 742 1203 773 vana.
1239 724 1510 787 Contraque
1535 737 1613 770 eos
1637 723 1716 786 qui
1741 723 1814 787 pie
1831 721 2044 785 justeque
2068 722 2253 780 vivant,
2289 720 2350 768 fic
2374 722 2476 770 ubi-
2526 725 2547 772 ,εὲ

361 809 450 856 que
477 805 604 840 tutos
627 792 806 852 effe,ut
830 792 923 838 Dei
947 788 1086 854 ipsius
1109 789 1283 837 auxilio
1305 804 1542 852 nunquam
1566 788 1890 835 destituantun
1924 786 2057 844 Quid
2080 802 2277 850 namque
2290 786 2472 850 Lycao·
2530 804 2547 850 ἧς

357 859 427 904 nis
452 858 499 903 in
523 859 687 921 lupum
709 855 1031 904 transmutatio
1057 856 1189 903 nobis
1214 854 1338 901 aliud
1372 856 1570 901 ostentat
1586 888 1602 912 ,
1637 869 1772 916 quam
1800 851 2048 899 teterrimis
2084 851 2339 898 latronibus
2370 868 2473 916 gra·
2527 847 2547 916 sl.

357 921 532 969 viffima
554 938 760 986 quaeque
784 922 931 968 aDeo
955 920 1183 985 supplicia
1203 920 1288 967 effe
1314 918 1608 983 praeparata?
1645 918 1777 977 Qid
1806 916 2110 964 Deucalionis
2133 916 2397 977 &Pyrrhae
2418 917 2473 964 li-
2528 919 2547 979 1³¹

357 986 536 1034 beratio
564 988 618 1034 ab
642 988 727 1034 illo
746 987 956 1045 diluvio,
990 1002 1083 1050 quo
1109 998 1238 1032 totus
1269 998 1495 1031 terrarum
1521 984 1646 1030 orbis
1677 983 1825 1029 fertur
1858 981 2131 1040 inundatus,
2167 997 2320 1028 nonne
2354 981 2473 1029 sum-
2528 1020 2530 1027 t

361 1069 484 1098 mam
521 1054 569 1100 in
603 1054 705 1116 pios
731 1052 1019 1116 justitiaeque
1053 1066 1105 1096 ac
1139 1050 1378 1114 religionis
1413 1048 1614 1096 cultores
1645 1063 1750 1111 prae
1780 1047 1822 1093 se
1852 1046 1941 1092 fert
1975 1046 2068 1092 Dei
2101 1046 2472 1109 benignitatem?
2545 1081 2547 1093 ,

362 1117 566 1173 Quidue
583 1118 805 1180 Daphnes
819 1119 867 1164 in
888 1117 1066 1164 laurum
1083 1114 1259 1179 semper
1279 1115 1503 1162 virentem
1526 1112 1932 1177 transfiguratione
1946 1110 2068 1157 aliud
2083 1111 2213 1157 nobis
2228 1110 2474 1175 signifi-'cari

360 1183 617 1245 putandum
641 1182 734 1242 est,
771 1198 906 1253 quam
930 1179 1191 1244 virginibus
1215 1179 1405 1242 pudoris
1436 1178 1501 1225 sui
1530 1177 1772 1224 sollicitam
1802 1176 2072 1240 gerentibus
2099 1192 2255 1222 curam
2282 1180 2472 1224 immor-

360 1248 504 1295 talem
526 1248 722 1312 gloriam
745 1249 829 1294 efle
855 1244 1195 1310 praeparatam?
1231 1244 1367 1303 Qud
1385 1243 1657 1292 Phaetontis
1688 1241 1840 1289 casus?
1875 1256 2028 1288 nonne
2062 1240 2184 1289 filios
2210 1257 2367 1288 omnes
2396 1242 2472 1305 aci-¹

358 1326 556 1372 monet,
593 1328 649 1360 ne
674 1329 873 1375 unquam
901 1323 1143 1375 parentum
1167 1309 1357 1356 confilia
1391 1321 1726 1372 praeceptaque
1763 1305 2099 1353 contemnant?
2132 1306 2333 1370 Reliqua
2365 1310 2473 1354 vend
2531 1309 2535 1359 ἶ

359 1393 462 1425 non·
479 1379 628 1425 minus
650 1377 802 1442 lepide
824 1393 958 1441 quam
984 1376 1159 1423 utiliter
1178 1374 1236 1421 de
1259 1375 1490 1422 virtutum
1514 1387 1831 1435 vinorumque
1851 1371 2072 1435 exemplis
2093 1369 2478 1435 descripta-,non-

362 1459 422 1490 ne
448 1443 750 1490 contentiofis
784 1441 1174 1506 philosophorum
1202 1439 1590 1503 disputationibus
1621 1439 1846 1486 humanae
1870 1437 1992 1485 vitae
2024 1438 2346 1484 commodiora
2371 1437 2478 1487 sunu

354 1506 634 1571 judicanda?
664 1508 767 1567 Jam
794 1507 1021 1571 praeclara
1045 1507 1260 1553 Heroum
1286 1504 1414 1570 gesta
1432 1505 1660 1563 concinne
1683 1505 2008 1568 eleganterque
2031 1503 2080 1548 in
2104 1502 2197 1548 hoc
2219 1502 2478 1565 pulcherri-

355 1589 437 1620 mo
476 1589 615 1640 opere
655 1585 857 1620 enarrata
878 1605 894 1631 ,
942 1586 1096 1618 nonne
1130 1571 1183 1618 iis
1214 1569 1501 1634 principibus
1521 1604 1537 1629 ,
1586 1570 1663 1633 qui
1699 1569 1757 1616 de
1791 1569 1999 1615 humano·
2029 1583 2199 1632 genere
2230 1567 2346 1614 bene
2377 1578 2479 1619 metb
2532 1579 2536 1633 ζ

357 1651 574 1698 reantur,
610 1638 918 1685 immortalem
941 1636 1140 1701 gloriam
1165 1634 1451 1701 propositam
1477 1635 1563 1683 effe
1586 1633 1843 1682 testantur?
1878 1632 2001 1692 Qus
2024 1649 2169 1696 porro
2193 1633 2266 1681 vir
2285 1642 2476 1697 magna-
2534 1651 2535 1656 ¹

353 1705 508 1750 nimus
537 1703 590 1750 ad
624 1718 789 1768 magna
812 1702 1011 1767 gerenda
1035 1718 1131 1749 non
1164 1703 1426 1761 excitetur,
1460 1703 1539 1764 qui
1562 1701 1686 1765 legat
1714 1716 1822 1747 cum
1851 1698 1963 1746 alios
1995 1698 2182 1758 heroas,
2218 1698 2297 1761 qui
2324 1700 2490 1761 plures,
2533 1710 2536 1759 ἲ

351 1767 459 1816 sunt
483 1768 698 1831 quidem,
732 1784 867 1832 quam
890 1780 943 1814 ut
969 1767 1124 1814 obiter
1146 1766 1315 1831 poffint
1342 1767 1594 1825 numerari,
1629 1779 1730 1813 tum
1758 1765 2010 1812 Herculem
2045 1763 2206 1822 illum,
2241 1779 2337 1810 non
2375 1778 2477 1811 mo·
2534 1763 2535 1819 l

349 1832 414 1881 do
440 1832 782 1880 eminentiffimi
805 1831 1025 1896 cujusque
1051 1845 1217 1895 poetae
1240 1833 1518 1879 carminibus
1540 1831 1820 1878 celebratum
1835 1863 1851 1889 ,
1887 1828 1959 1876 sed
1982 1830 2038 1875 in*
2055 1827 2250 1875 deorum
2288 1843 2478 1892 quoque

351 1915 598 1946 numerum
635 1898 828 1962 publico
865 1913 1074 1945 omnium
1114 1896 1333 1944 consensu
1367 1897 1498 1943 fuisse
1532 1895 1828 1943 translatum!
1868 1894 1990 1952 Quis
2016 1906 2159 1940 artem
2197 1893 2493 1954 militarem,
2534 1892 2536 1903 '

351 1964 413 2010 ad
442 1966 575 2028 cujus
607 1965 807 2028 gloriam
835 1975 881 2009 te
902 1974 1060 2009 natum
1085 1962 1172 2008 effe
1196 1963 1243 2008 in
1268 1961 1361 2008 dies
1387 1962 1532 2026 magis
1557 1960 1790 2025 magisque
1812 1975 1859 2005 re
1881 1957 1973 2023 ipsa
1993 1957 2220 2016 declaras,
2257 1974 2353 2005 non
2377 1964 2494 2006 aim-1
2535 2013 2537 2024 Ι

349 2027 609 2093 pleekatur,
645 2029 724 2092 qui
753 2027 1008 2092 priscorum
1033 2029 1374 2088 Imperatorum
1402 2028 1626 2074 virtutem
1648 2025 1696 2072 δε
1722 2025 1984 2088 triumphos
2006 2024 2061 2070 ab
2087 2022 2266 2071 Ovidio
2289 2022 2476 2085 lepidis·
2496 2063 2510 2067 ,

351 2092 466 2141 iime
490 2093 755 2140 decantatos
791 2092 1125 2156 recognoscat?
1161 2091 1249 2140 Sed
1276 2091 1387 2156 quid
1414 2091 1470 2137 de
1493 2088 1869 2153 Metamorphofi
1896 2087 2073 2135 multa?
2107 2087 2361 2151 Exemplar
2387 2088 2477 2134 mi-
2535 2118 2537 2168 Ξ

350 2157 432 2216 hi,
464 2171 518 2204 ut
549 2157 684 2203 semel
716 2158 897 2216 dicam,
932 2159 1078 2205 totius
1106 2158 1332 2204 humanae
1356 2157 1405 2204 &
1426 2156 1575 2204 civilis
1599 2158 1723 2204 vitae
1760 2154 1847 2201 effe
1879 2155 2076 2201 videtur.
2147 2152 2282 2198 Adeo
2311 2152 2478 2215 plane,

353 2221 468 2271 adeo
502 2222 715 2285 copiose,
742 2238 1047 2286 quaecunque
1077 2239 1170 2269 non
1195 2223 1430 2268 eruditum
1453 2221 1623 2280 modO,
1658 2236 1817 2267 verum
1843 2217 2024 2264 dicendi
2048 2233 2236 2281 quoque
2259 2217 2308 2265 &
2333 2233 2479 2281 agen-

350 2287 400 2333 di
423 2287 623 2350 peritum
646 2285 827 2332 efficere
849 2288 1064 2349 possunt,
1100 2304 1123 2334 a
1145 2285 1465 2334 facundissimo
1487 2287 1629 2347 poeta
1650 2283 1956 2347 explicantur.
2005 2282 2116 2329 Nec
2138 2283 2305 2345 injuria
2326 2282 2478 2330 Grae·
2536 2314 2538 2320 ›

353 2354 400 2400 ci
415 2353 652 2415 ,quamvis
665 2350 704 2397 se
726 2352 941 2397 omnibus
965 2353 1060 2398 aliis
1083 2350 1345 2398 nationibus
1361 2349 1618 2413 disciplinas
1641 2347 1896 2407 tradidisse,
1931 2362 1983 2393 ac
2005 2347 2172 2394 nullius
2194 2346 2276 2410 ipfi
2300 2348 2477 2396 auxilio.

352 2416 536 2482 prorsus
559 2416 767 2480 indigere
788 2414 934 2463 videri
961 2417 1136 2474 velint,
1173 2416 1266 2462 hoc
1291 2428 1445 2461 tamen
1468 2430 1583 2475 opus
1609 2427 1799 2477 propter
1824 2414 2074 2459 maximam
2098 2428 2248 2458 rerum
2272 2414 2480 2476 cognitu

350 2482 769 2546 pulcherrimarum
795 2481 979 2543 copiam
1006 2496 1031 2526 e
1057 2480 1210 2526 nostra
1234 2479 1391 2542 lingua
1414 2480 1459 2524 in
1486 2479 1607 2525 suam
1635 2479 1763 2525 omni
1788 2477 1939 2524 studio
1961 2476 2357 2540 interpretandum
2372 2494 2473 2524 ver-

350 2546 636 2609 tendumque
671 2558 923 2603 curarunt,
968 2557 1020 2591 ut
1055 2560 1273 2607 perquam
1309 2543 1566 2591 mirandum
1606 2542 1660 2591 fit
1697 2542 1917 2590 haetenus
1949 2544 1997 2588 in
2028 2555 2157 2589 tanta
2190 2541 2473 2606 scriptorum·

350 2611 488 2660 turba
524 2613 639 2658 citra
670 2611 808 2656 ullam
849 2623 1106 2655 accuratam
1144 2607 1481 2671 expositionem
1508 2609 1627 2672 apud
1649 2608 1829 2654 nostros
1855 2609 1917 2654 ita
1935 2606 2154 2672 jacuiffe,
2186 2620 2245 2654 ut
2267 2623 2292 2653 a
2315 2607 2475 2669 paucis
2538 2619 2545 2672 ᾖ

347 2676 600 2724 admodum
635 2675 983 2739 perlegeretur,
1021 2690 1128 2720 cum
1162 2673 1421 2737 praesertim
1459 2673 1507 2720 &
1531 2674 1700 2720 variam
1727 2672 1952 2738 plerisque
1973 2674 2020 2719 in
2041 2672 2158 2719 locis
2184 2671 2403 2734 exposcat
2423 2686 2474 2717 e-

347 2741 662 2799 ruditionem,
699 2740 747 2788 ὃς
779 2743 828 2787 in
861 2738 1024 2800 primis
1055 2737 1418 2785 adolescentibus
1454 2737 1736 2785 laudatarum
1768 2739 1935 2784 artium
1973 2737 2123 2784 studio
2153 2736 2386 2783 destinatis
2418 2734 2481 2784 fin.
2538 2742 2539 2791 ἑ

349 2805 723 2868 praelegendum.
760 2805 879 2851 Non
908 2801 1052 2850 solum
1079 2804 1200 2849 enim
1228 2816 1403 2849 veteres
1427 2802 1668 2862 historiae,
1703 2816 2034 2867 quae’propter
2058 2802 2382 2865 antiquitatem
2406 2800 2475 2848 fa-
2492 2811 2505 2820 “

351 2871 562 2917 bularum
599 2871 705 2917 loco
741 2869 1003 2926 habentur,
1039 2884 1097 2914 ex
1121 2867 1427 2916 vetustiffimis
1449 2867 1711 2915 auctoribus
1738 2866 1988 2926 collecstae,
2013 2867 2248 2931 eleganter
2269 2866 2325 2912 ab
2352 2865 2477 2914 Ovi-
2538 2886 2540 2923 ς

349 2935 429 2983 dio
450 2934 807 2993 describuntur,
832 2932 905 2980 sed
929 2934 991 2978 ita
1013 2932 1060 2978 &
1087 2933 1414 2996 Geographiae
1439 2931 1486 2979 ὅ(
1500 2931 1795 2998 Astrologiae
1819 2933 1866 2978 &
1881 2931 2094 2979 Muficae
2113 2931 2162 2978 δᾶ
2185 2933 2294 2977 artis
2315 2943 2474 2977 orato-

346 3001 438 3047 riae
473 3000 520 3045 S<
554 2999 734 3045 moralis
767 2996 1069 3059 naturalisque
1102 2997 1419 3061 philosophiae
1454 2999 1569 3044 ratio
1604 2999 1910 3063 exprimitur,
1946 3010 2000 3044 ut
2022 2997 2098 3043 cui
2123 2995 2287 3042 Ovidii
2316 2997 2474 3042 Meta»

347 3064 613 3127 morphosis
648 3065 763 3110 bene
799 3074 1019 3125 percepta
1042 3061 1126 3121 fit,
1162 3062 1433 3110 facillimum
1459 3062 1512 3109 ad
1537 3078 1696 3110 omnes
1717 3063 1978 3126 disciplinas
1998 3061 2176 3108 aditum
2203 3059 2471 3121 habiturus—,-

345 3145 496 3195 neque
529 3127 816 3175 difficultatis
849 3129 1106 3192 quicquam·
1136 3129 1183 3174 in
1206 3127 1304 3174 ullo
1331 3127 1427 3175 fere
1452 3129 1749 3190 poeticorum
1777 3143 1973 3192 operum
1996 3127 2271 3172 inventurus*
2292 3124 2380 3170 effe
2401 3124 2471 3171 via

346 3194 520 3248 deatur.
588 3193 830 3259 Qicquid
854 3194 975 3242 enim
999 3193 1218 3257 praeclari
1257 3192 1500 3252 MusaeuS,
1536 3194 1790 3259 OrpheuS,
1826 3193 2003 3255 Linus,
2038 3191 2303 3252 Homerus,
2341 3189 2473 3251 Tyr&

373 3292 378 3295 -
961 3289 967 3295 -
2323 3265 2466 3314 taem,

2541 3388 2543 3396 .
