2547 3708
655 126 1456 192 ηΡΕιιιΜΑεεοΝ.
2083 147 2138 200 ε,

47 227 174 290 Qxin
195 225 290 272 imo
318 233 423 270 tum
439 222 574 269 Italia
597 219 864 269 adhucdum
887 221 1190 286 cernebatur,
1225 243 1340 276 vers.
1370 244 1418 277 ιι
1432 242 1597 285 ,cs-122,

111 308 114 310 ’
142 287 147 290 ’
167 289 299 354 Quod
315 291 392 349 nist
411 297 595 334 mutatas
617 286 794 349 emiserit
811 288 991 334 AEolus
1011 304 1169 346 auras,

233 355 286 400 ln
305 355 391 399 loca
410 352 502 410 jam
522 352 633 398 nobis
654 349 732 398 non
750 352 938 399 adeunda
951 352 1095 414 ferar.

166 409 289 465 Nam
303 418 471 477 procul,
507 415 705 480 Illyricis
726 421 850 464 laeva
869 418 918 464 de
931 429 1056 478 parte
1079 420 1232 465 reliblis
1247 453 1260 477 ‚

202 481 457 528 §Interamn
478 482 580 527 mihi
602 483 780 529 cernitur
802 481 947 528 Italia.

19 545 117 594 -Ad
149 544 265 591 idem
300 548 607 607 nae-,gationiss
642 563 735 592 non
767 561 878 593 vero
901 546 1165 608 profhflionis
1186 579 1199 606 ,
1235 559 1419 612 tempus
1452 549 1649 612 spectat,
1685 551 1808 615 quod
1841 552 1897 600 de
1931 558 2134 614 Arum-5

24 606 224 669 IIoedis,
257 609 350 657 &a
385 609 522 656 habet
544 610 691 657 Trist.
715 610 824 656 Lib.
850 610 886 655 Ι.
911 610 1045 674 Eleg.
1068 613 1151 658 ult.
1175 627 1288 659 vers.
1321 620 1481 675 13-16.

164 676 294 735 Saepe
313 691 379 737 ego
401 673 617 720 nimbosis
636 674 992 734 dubiusjac‘labar
1010 677 1064 721 ab
1085 676 1291 724 Hoedis:

233 741 359 799 Saepe
379 743 523 785 minax
549 739 762 798 Steropes
774 739 910 798 fidere
921 750 1073 798 pontus
1095 752 1209 787 erat:

51 828 54 830 ·
119 844 128 847 e
161 803 445 865 Fastabatque
467 805 573 848 diem
593 801 744 848 custos
766 801 1127 864 Erymanthidos
1153 804 1324 862 Ursae3

230 872 324 915 Aut
345 867 530 930 Hyadas
539 865 686 928 saevis
705 878 885 913 auxerat
908 867 1064 928 Auster
1085 871 1231 931 aquis,
1265 869 1357 915 ἃς.

98 930 286 984 Idcirco
309 930 363 978 ad
386 946 544 977 verum
571 929 833 992 profeecffion‘is
853 932 1112 979 Ovidianae
1146 946 1329 997 tempus
1360 934 1611 981 eruendum
1627 969 1642 994 ,
1678 936 1793 983 nihil
1815 936 1880 984 est
1902 954 2048 1002 opus,
2081 952 2136 988 ut

33 1011 204 1059 magno
224 995 463 1042 molimine
484 995 650 1041 horum
679 994 874 1042 fiderum
898 1010 1054 1056 ortus,
1087 996 1160 1043 vel
1192 997 1376 1045 occasus
1401 999 1692 1047 discutiamus
1707 1022 1722 1058 3
1750 1017 1856 1048 cum
1881 1003 2031 1050 Poeta
2051 1020 2137 1052 no-

33 1057 121 1106 ster
154 1059 275 1107 hisce
309 1058 641 1106 cha1·a&eribus
675 1059 951 1123 signaverit,
986 1077 1081 1108 non
1109 1060 1237 1108 suum
1260 1063 1419 1109 Roma
1453 1063 1718 1124 discessum,
1750 1065 1824 1111 sed
1856 1070 2137 1129 navigationis

32 1123 244 1183 cursum,
279 1125 410 1187 cujus
441 1123 638 1170 mensem
663 1123 825 1171 diserte
849 1126 1046 1172 notavit.
1115 1126 1233 1173 Satis
1265 1125 1318 1173 ad
1348 1143 1398 1173 ea
1421 1128 1618 1175 Nasonis
1650 1131 1849 1176 carmina
1873 1132 2034 1179 melius
2064 1134 2136 1180 in-

31 1189 279 1252 telligenda
304 1188 386 1248 fit,
419 1189 530 1235 haec
553 1205 612 1235 ex
635 1190 788 1236 Plinio
811 1189 1055 1237 adnotasse.
1100 1191 1144 1237 Is
1168 1191 1316 1254 igitur
1339 1192 1450 1239 Lib.
1476 1193 1671 1241 XVIII.
1694 1210 1736 1241 c.
1762 1207 1835 1257 3¹·
1860 1196 2011 1255 Sexto,
2045 1198 2134 1255 ait,

30 1252 134 1300 Kal.
161 1255 370 1307 Novemb.
394 1255 590 1302 Succulae
613 1255 641 1285 Ξ*
663 1254 823 1317 vespere
844 1259 1097 1302 exoriuntur.
1131 1257 1281 1302 Pridie
1309 1256 1412 1303 Kal.
1438 1255 1610 1320 Caesari
1630 1261 1844 1305 Arblurus
1876 1262 2046 1318 occidit,
2080 1263 2136 1314 Cf?

30 1318 235 1379 Succalae
245 1320 484 1365 exoriuntur
505 1334 595 1364 cum
604 1317 706 1380 sole.
741 1319 850 1365 Lib.
874 1320 937 1366 ΙΙ.
961 1335 1002 1366 c.
1025 1336 1105 1382 47.
1140 1322 1241 1378 Peliz
1265 1322 1311 1367 id
1322 1323 1662 1383 AEquinoblium
1691 1321 1972 1385 [Autumni]
1997 1326 2135 1372 diebus

20 1379 115 1444 fere
138 1391 314 1442 quatuor
337 1382 392 1435 ἐξ
420 1384 699 1445 quadraginta
724 1385 1006 1446 Vergiliarum
1036 1384 1194 1448 occafits
1219 1386 1419 1445 Hyemem
1442 1387 1631 1433 inchoat:
1667 1387 1774 1449 quod
1793 1397 1949 1448 tempus
1974 1390 2018 1434 in
2039 1390 2133 1437 III.

29 1447 129 1493 Idas
146 1448 405 1510 Novembris
427 1449 600 1494 incidere
624 1449 844 1509 consuevit.
878 1450 1007 1496 Paria
1028 1450 1168 1497 tradit
1192 1450 1303 1498 Lib.
1329 1450 1527 1498 XVIII.
1550 1467 1684 1514 capp.
1711 1464 1786 1510 25.
1801 1467 1877 1506 29.
1895 1464 1968 1515 30.
1993 1453 2043 1500 &
2059 1466 2131 1517 31.

28 1506 148 1558 sicut
168 1509 217 1558 δὲ
239 1510 470 1574 Vegetius
491 1512 600 1560 Lib.
623 1513 712 1561 IV.
736 1529 777 1560 c.
800 1527 872 1576 39.
907 1516 1038 1578 cujus
1058 1517 1195 1561 etiam
1218 1515 1355 1563 verba
1376 1514 1652 1579 subjungere
1676 1514 1834 1562 lubet:
1872 1519 1923 1564 A
1940 1519 2131 1565 Novem-

21 1575 96 1621 bri
115 1584 253 1623 autem
278 1575 407 1638 mense
435 1579 584 1624 crebris
606 1578 904 1638 tempestatibus
926 1582 1098 1642 navigia
1117 1582 1333 1627 conturbat
1347 1580 1627 1643 Vergiliarum
1647 1579 1844 1639 hyemalis
1866 1581 2035 1644 παρήιε.
2058 1584 2131 1629 Ex

19 1639 93 1754 'Ze
109 1641 236 1702 igitur
257 1643 377 1688 tertio
403 1642 556 1688 Iduum
576 1644 834 1690 Novembris
854 1643 975 1706 usque
997 1646 1041 1690 in
1070 1645 1177 1691 diem
1199 1645 1368 1708 fi’xtum
1392 1646 1545 1693 Iduum
1566 1645 1834 1694 Martiarum
1860 1648 1998 1692 maria
2018 1649 2134 1694 claa-

79 1715 192 1751 ntur.

45 1760 256 1831 j,2Alte1·,
291 1786 428 1834 quem
451 1770 674 1821 Calvifius
695 1771 901 1837 profert,
935 1773 1063 1822 locus
1094 1781 1193 1822 non
1227 1774 1389 1825 melius
1423 1778 1519 1840 ejus
1551 1774 1817 1824 sententiam
1840 1775 2003 1837 juvat,
2037 1775 2128 1824 scil,

24 1818 167 1886 Trist.
192 1833 300 1881 Lib.
324 1836 365 1882 1.
389 1835 523 1902 Eleg.
548 1838 638 1885 111.
664 1854 779 1886 vers.
805 1854 882 1901 27.
908 1839 984 1888 28.

152 1899 339 1961 Jamque
359 1902 614 1964 quiescebant
638 1919 755 1949 voces
774 1904 982 1951 hominum
1002 1920 1252 1968 canumque:

213 1961 424 2025 Lunaque
443 1971 658 2013 noffurnos
675 1970 767 2013 alta
792 1971 956 2030 regebat
979 1986 1118 2030 equos,
1152 1972 1243 2022 &c.

22 2022 302 2081 Haecssnim
328 2027 444 2073 male
470 2028 546 2076 Cl.
567 2031 637 2076 vir
659 2032 908 2095 conjungit
931 2048 1037 2078 cum
1060 2049 1175 2079 vers.
1196 2049 1276 2093 71.
1302 2048 1381 2095 72„

55 2142 61 2150 „
148 2089 273 2136 Dum
296 2094 460 2153 loquor,
495 2095 549 2146 ξεῖ
561 2095 717 2154 flemus
732 2117 748 2151 ς
782 2099 880 2141 coelo
904 2098 1165 2156 niticlzffimus
1184 2101 1269 2145 alto

43 2174 66 2197 ρ
214 2154 353 2201 Stella
368 2161 519 2217 gravis
542 2161 651 2205 nobis
672 2159 865 2206 Lucifer
887 2171 998 2206 ortus
1019 2172 1124 2207 erat.

25 2212 269 2283 *ggQJibus
290 2218 389 2265 sane
415 2219 671 2284 fignificat,
707 2224 795 2284 jam
820 2223 1074 2270 adventaffe
1095 2224 1244 2282 diem,
1276 2225 1348 2270 uti
1370 2223 1419 2271 &
1441 2238 1554 2272 vers.
1575 2235 1656 2284 47.
1679 2219 1758 2284 48.

95 2299 100 2304 ·
144 2285 330 2345 Jamque
355 2299 490 2330 morae
500 2285 688 2348 spatium
710 2302 803 2332 nox
830 2288 1130 2350 praecipitata
1151 2290 1353 2350 negabat,

0 2385 2 2394 ,
210 2349 262 2396 V
254 2348 421 2411 erstzque
444 2351 498 2396 ab
516 2367 594 2397 axe
603 2349 683 2412 fico
704 2352 936 2414 Parrhafis
955 2355 1108 2399 Areios
1127 2365 1214 2399 erat
1231 2350 1281 2412 †.

23 2411 294 2459 AteNoster
319 2412 614 2462 Carminibus
648 2415 758 2462 haec
793 2416 1168 2464 antecedentibus
1202 2417 1321 2464 clare
1355 2417 1528 2463 indicat
1550 2450 1566 2476 ,
1602 2415 1794 2480 longum
1833 2415 1933 2463 satis
1965 2433 2118 2466 morae

0 2475 208 2544 'spatium
243 2477 299 2524 ad
319 2479 510 2540 Luciferi
536 2481 705 2543 usque,
738 2479 811 2526 seu
844 2481 939 2528 diei
970 2494 1184 2529 exortum
1212 2482 1370 2542 fuisse,
1406 2481 1645 2544 postquam
1679 2497 1815 2545 prece
1837 2483 2003 2529 Lunam
2020 2485 2119 2547 jam

19 2542 147 2597 altam
171 2555 405 2590 veneratus
426 2543 597 2590 fuerat:
633 2544 739 2591 vide
762 2560 874 2592 vers.
906 2553 1069 2606 27-46.

77 2605 308 2652 Praeterea
331 2608 442 2654 licet
467 2608 669 2656 Calvifio
696 2609 932 2666 daremuS,
967 2610 1194 2659 Ovidium
1230 2611 1311 2658 illo
1337 2610 1444 2656 loco
1481 2611 1695 2670 innuere,
1730 2609 1964 2658 discessum
2001 2613 2117 2659 inci-

17 2667 121 2716 diffe
142 2670 243 2733 post
266 2671 443 2735 aliquot
467 2673 588 2734 dies,
622 2691 757 2737 quam
785 2677 909 2722 Luna
923 2677 1048 2736 plena
1070 2675 1220 2727 fuifl'et
1237 2699 1252 2734 5
1289 2675 1394 2722 inde
1415 2688 1567 2721 tamen
1590 2691 1683 2722 non
1705 2673 1990 2738 sequeretur,
2024 2676 2117 2724 hoc

9 2735 270 2793 plenilunium
294 2735 347 2782 ad
371 2739 586 2785 Ostobrem
621 2741 775 2802 potius
809 2756 945 2804 quam
980 2741 1119 2788 alium
1156 2739 1351 2787 mensem
1384 2739 1582 2802 spectare
1600 2761 1616 2796 3
1653 2755 1709 2786 ne
1730 2739 1908 2798 dicam,
1935 2743 2114 2800 plenilu—

15 2800 124 2856 nium
146 2798 235 2844 alio
269 2799 396 2847 fuiffe
420 2803 616 2850 e‘usdem
650 2803 812 2852 menfis
843 2804 916 2851 die
939 2805 990 2865 ss,
1025 2808 1114 2852 An.
1141 2805 1207 2853 U.
1230 2805 1287 2852 C.
1314 2803 1623 2853 DCCLXII.
1659 2820 1752 2866 quo
1778 2820 1888 2850 mox
1918 2805 2112 2852 demon-

17 2859 246 2910 strabimus
266 2863 434 2911 Nason
499 2867 708 2915 exfilium
735 2869 994 2934 contigisse.

2 2943 3 2971 2
75 2926 202 2974 Hinc
227 2927 291 2974 est
317 2928 443 2992 quod
466 2932 693 2979 Bucherius
716 2950 774 2982 ex
800 2935 963 2983 eodem
997 2935 1104 2983 loco
1128 2934 1354 3047 deduczit,
1395 2933 1623 2983 Ovidium
1648 2933 1834 2979 circiter
1856 2931 1974 2978 XX.
1999 2933 2054 2979 N
2058 2951 2112 3045 (ζ

1954 3012 2060 3044 vem
2100 3035 2110 3045 .

69 3080 91 3103 *
116 3081 162 3121 In
189 3086 307 3125 cauda
324 3084 450 3126 Tauri
469 3087 640 3142 septem,
665 3080 758 3145 quas
783 3086 1018 3144 appellavere
1044 3091 1255 3148 Vergilias,
1287 3093 1328 3133 in
1338 3093 1468 3143 fronte
1487 3089 1700 3150 Succulas„
1716 3089 1794 3131 ὅτε.
1816 3087 1920 3132 Plin.
1943 3087 2029 3130 Lib.
2053 3087 2104 3128 ΙΙ.

14 3139 54 3169 C·
70 3143 131 3183 41.
158 3136 243 3195 {Nul-
265 3140 424 3181 Gellius
444 3139 536 3182 Lib.
558 3140 673 3182 XIII.
696 3155 733 3184 c.
753 3155 790 3196 9.
823 3143 947 3201 Quas,
972 3149 1049 3194 ait.
1077 3146 1218 3190 Graeci
1238 3144 1442 3198 Πλειάδας,
1470 3159 1534 3185 nos
1551 3142 1742 3198 Vergilias
1762 3156 1960 3193 vocamus,
1989 3141 2065 3183 ‹Sec-
2083 3152 2094 3161 ·

71 3185 92 3234 †
118 3182 215 3248 Vide
235 3190 388 3237 Lucan.
410 3192 488 3235 Lib
525 3193 597 3238 IV.
626 3208 728 3237 vers.
754 3208 845 3252 523.

66 3235 93 3287 ss
115 3235 208 3285 Sell-
221 3241 339 3290 XXI·
360 3248 517 3292 circiter
538 3248 748 3293 Ocilobris.
