2547 3708
316 193 425 249 ’τῃ
444 150 448 151 ⁷

866 165 926 224 Ρ.
1002 159 1409 222 oV1D11
1481 129 2008 227 NAsoN'ts

618 248 801 336 thue
828 263 1036 319 duobus
1063 262 1209 318 idem
1235 262 1386 318 diffis
1413 265 1583 321 modo
1610 281 1810 320 nomen
1837 267 2086 333 habenti,

471 343 575 409 560

690 335 1009 391 Praefocent
1037 336 1241 389 animae
1271 335 1472 391 Gnosia
1497 338 1649 391 mella
1675 337 1833 391 viam.

619 411 970 481 Sollicitoque
997 407 1168 470 bibas,
1209 410 1376 479 Anyti
1415 408 1744 463 dosiiffirnus
1775 411 1934 464 olim‘
1999 427 2005 433 ⁴

688 481 1081 553 imperturbato
1106 481 1257 553 quod
1286 481 1414 536 bibit
1449 499 1542 537 ore
1569 500 1704 536 reus,

382 676 468 734 550.
498 688 610 732 thue
629 676 796 726 ainohun]
828 677 931 714 Alius
963 676 1124 715 Glaucus
1148 677 1357 723 Cretensis,

321 735 375 774 ob
402 729 584 773 lasciviam
616 733 651 768 in
682 729 791 767 filiam
824 738 1009 765 venenato
1042 730 1151 766 melle
1175 730 1356 766 extitifius

322 786 389 823 est.
443 785 681 822 tammam.
712 782 825 817 Hunc
845 780 1014 826 Hyginus
1032 779 1216 817 Glaucum
1239 780 1355 817 filiurn

326 837 469 874 Minois
482 834 620 875 scribit,
647 832 710 880 qui
732 832 767 867 in
780 831 886 867 melle
902 829 1118 876 suffocatus,
1148 830 1355 878 Aesculapii

320 897 399 936 ope
422 886 567 924 revixit.
594 883 655 920 sed
677 883 713 919 &
738 881 975 919 Claudianus:

377 987 551 1032 Cretaque
578 978 626 1028 (fi-
646 994 724 1017 vere
741 988 909 1015 narratur
923 977 1069 1026 fabula)
1096 977 1192 1016 vidit

380 1035 546 1070 Minoum
566 1042 662 1081 rupto
679 1043 822 1079 puerum
836 1028 968 1075 prodire
983 1028 1179 1078 sepulchra.

377 1085 492 1131 Qem
507 1084 618 1130 sem'or
638 1091 736 1116 vates
755 1107 764 1122 ‚
791 1081 915 1115 avium
934 1078 1088 1126 clangore
1105 1088 1274 1127 repertum
1288 1105 1298 1123 ,

341 1141 344 1144 ⁴
377 1136 546 1169 Gramine
562 1131 729 1178 restituit:
757 1129 869 1166 mirae
893 1136 975 1165 nam
998 1142 1136 1166 munere
1155 1129 1282 1178 sortis,

340 1196 343 1197 ⁷
380 1183 510 1219 Dulcia
540 1181 644 1219 mella
674 1194 810 1225 necem,
851 1179 970 1216 vitam
992 1179 1087 1217 dedit
1116 1180 1276 1217 horridus
1296 1191 1362 1215 an-

476 1247 564 1282 guis.

329 1315 559 1354 Erasmus.
588 1315 771 1353 Glaucum
791 1312 931 1349 Minois
956 1310 1071 1348 filium
1094 1311 1132 1348 in
1153 1310 1267 1348 mellis
1282 1312 1362 1348 vase

304 1366 551 1404 suffocatum
581 1364 749 1413 intelligit
769 1391 779 1406 ‚
819 1373 931 1411 quern
946 1361 1192 1410 AEsculapius‚
1217 1374 1300 1399 curn
1326 1363 1363 1399 in

329 1417 498 1464 quodam
521 1417 607 1453 loco
628 1414 815 1453 conclusus
833 1413 997 1450 aMinoe
1011 1412 1132 1450 sanare
1146 1421 1338 1460 cogeretur
1352 1439 1362 1455 ‚

335 1467 445 1505 herba
465 1466 526 1504 sibi
549 1479 568 1504 a
589 1467 751 1514 serpente
773 1463 875 1500 allata
903 1463 947 1499 ad
980 1464 1089 1499 vitam
1110 1463 1240 1500 dicitur
1256 1474 1366 1500 revo-

331 1516 448 1562 casse,
477 1516 644 1554 utscribit
657 1516 825 1563 Hyginus
850 1514 887 1551 in
901 1513 1116 1561 Ophiucho.
1136 1513 1222 1561 Ejus
1234 1514 1368 1550 memi-

333 1569 389 1607 nit
410 1569 447 1606 δε
470 1566 741 1605 Claudianusin
764 1566 856 1602 libro
876 1564 921 1601 de
943 1563 1096 1600 vicloria
1112 1563 1365 1601 Stilichonisin

335 1618 542 1657 Alaricum.
598 1618 749 1655 Cousr.
775 1615 871 1652 Fan.
898 1615 972 1652 Hic
994 1614 1151 1651 Glaucus
1172 1614 1312 1650 Minois
1325 1613 1362 1650 fi-

336 1669 403 1707 lius
424 1670 460 1706 ὅ(
489 1667 675 1716 Pasiphaes
710 1664 812 1704 fuiffe
840 1666 994 1710 dicitur,
1020 1676 1159 1713 quem,
1188 1676 1273 1702 cnm
1297 1665 1366 1711 pila

335 1720 433 1757 forte
453 1718 614 1761 luderet,
643 1720 679 1755 in
700 1717 840 1755 dolium
867 1715 975 1753 melle
1006 1716 1154 1763 plenum
1178 1713 1363 1758 incidisse,

334 1769 372 1808 in
396 1781 518 1818 eoque
543 1769 780 1811 suffocatum,
809 1767 980 1815 Hyginus
1000 1766 1121 1803 tradit.
1185 1767 1361 1803 Minoem

335 1828 462 1858 autern
491 1819 668 1857 sublatum
708 1826 899 1855 mortuum
932 1816 1121 1863 sepulchro
1152 1815 1328 1854 inclusisse
1353 1844 1363 1860 ‚

336 1870 463 1909 addito
497 1871 533 1908 ὃς
565 1869 723 1919 Polyido
750 1877 834 1905 vate
860 1879 901 1904 ac
932 1868 1106 1909 medico,
1142 1867 1207 1914 qui
1228 1867 1364 1904 ibidem

340 1932 426 1958 cum
455 1920 519 1958 illo
551 1921 610 1957 vel
640 1921 795 1966 periret,
824 1918 881 1955 vel
918 1918 1013 1954 vitae
1031 1917 1133 1954 illum
1157 1918 1369 1955 restitueret.

337 1971 613 2019 Atqueibitum
629 1969 825 2016 Polyidum
844 1995 855 2012 ,
881 1967 1129 2004 animadversa
1154 1968 1369 2016 herba‚qua

341 2022 454 2059 draeo
483 2021 570 2058 alter
601 2021 753 2058 alterum
788 2020 885 2056 vitae
913 2017 1111 2055 restituerat
1131 2045 1140 2061 ‚
1171 2018 1300 2055 eadem
1332 2019 1369 2054 δί

342 2073 527 2109 Glaucum
549 2073 586 2109 in
608 2072 716 2108 vitam
741 2066 937 2107 revocasse.
991 2067 1106 2115 Cujus
1126 2070 1176 2106 rei
1200 2070 1237 2105 &
1263 2068 1370 2105 Clau-

339 2122 441 2160 dian.
461 2122 656 2165 meminit,
685 2121 730 2158 de
752 2120 884 2158 laudib.
913 2118 1110 2156 stiliconis.
1166 2118 1231 2164 Ipsi
1256 2119 1373 2156 versus

344 2166 501 2209 citantur
530 2173 573 2208 ab
598 2172 754 2219 Egnatio
776 2197 786 2212 ,
823 2173 859 2206 ὀῑ
893 2169 1056 2205 Fanensi.
1111 2170 1265 2218 Reliqua
1289 2170 1372 2206 vide

342 2222 440 2271 apud
462 2221 718 2269 Palaepliatum
741 2222 777 2256 &
798 2220 992 2268 Hyginum
1007 2246 1016 2262 ‚
1044 2222 1161 2266 capite
1184 2219 1229 2256 de
1253 2219 1375 2268 Polyi-

344 2273 409 2311 do.
464 2274 642 2311 Mrcrtt..
684 2270 843 2308 Glaucus
872 2269 929 2306 nic
968 2270 1108 2306 Minois
1141 2269 1371 2307 Cretensium

343 2323 456 2371 Regis
484 2322 575 2359 silius
606 2323 675 2360 fuit
696 2349 706 2365 ‚
744 2322 807 2370 qui
829 2332 912 2357 cum
946 2331 1032 2367 pest
1066 2318 1149 2358 ;sset
1170 2321 1207 2356 &
1228 2332 1370 2357 murem

344 2373 595 2421 insequeretur
620 2400 630 2416 ,
665 2373 700 2409 in
728 2372 843 2409 mellis
872 2369 1012 2407 dolium
1035 2369 1193 2418 delapsus
1213 2371 1371 2414 interiit;

347 2424 477 2461 Minos
506 2435 581 2471 quo
613 2421 781 2459 amissum
811 2421 925 2458 filium
958 2422 1161 2468 reperiret,
1201 2433 1284 2457 cum
1312 2422 1373 2459 diu

345 2475 583 2522 multumque
612 2471 821 2522 quaesisset,
862 2471 1076 2508 sciscitatum
1097 2471 1243 2508 oracula
1267 2472 1374 2509 misit.

346 2525 503 2561 Curetes
540 2524 587 2561 illi
610 2524 822 2561 tricolorem
846 2522 939 2558 inter
961 2530 1123 2558 armenta
1147 2522 1282 2559 bovem
1306 2522 1375 2560 elle

347 2575 569 2617 retulerunt,
600 2574 699 2621 cujus
714 2573 945 2611 simulacrum
959 2573 1184 2620 quioptime
1205 2573 1376 2621 effingere

349 2623 491 2674 posset,
518 2625 561 2662 ab
580 2635 626 2660 eo
647 2623 758 2661 tilium
780 2625 814 2660 in
830 2623 940 2659 vitam
962 2632 1176 2659 revocatum
1198 2623 1251 2660 iri.
1304 2627 1377 2660 Ac-

350 2675 484 2713 cersitis
506 2676 612 2723 igitur
626 2673 1033 2720 undecunqueVatibus
1050 2700 1059 2715 ,
1089 2673 1262 2721 Polyidus
1277 2673 1377 2711 Coe-

350 2727 428 2763 rani
455 2725 547 2763 filius
581 2724 658 2762 rubi
688 2724 819 2762 fruelui
851 2724 964 2759 colori
988 2724 1124 2760 bovem
1148 2724 1376 2768 assimilavit,

353 2777 392 2813 ἃ
414 2787 566 2824 puerum
600 2774 773 2823 vestigare
796 2773 942 2810 coactus
964 2801 973 2816 ,
1011 2775 1171 2810 vaticinii
1193 2775 1378 2822 cujusdam

351 2825 729 2873 adjumentotandem
744 2824 937 2870 competit.
976 2824 1120 2861 Atcum
1147 2825 1272 2862 Minos
1294 2838 1380 2863 eum

351 2876 417 2921 fibi
436 2878 564 2914 vivum
575 2876 675 2913 reddi
697 2883 867 2922 oportere
880 2875 1081 2917 diclitaret,
1110 2874 1282 2921 Polyidus
1295 2887 1378 2914 cum

352 2927 456 2975 pueri
478 2925 882 2968 cadavereincluditur,
912 2936 1071 2972 cumque
1086 2925 1123 2961 in
1136 2925 1276 2962 summa
1290 2938 1379 2964 con-

352 2976 420 3015 filii
441 2978 564 3023 inopia
599 2977 795 3013 versaretur
816 3003 825 3018 ‚
860 2976 1059 3011 draconem
1083 2974 1127 3010 ad
1155 2979 1379 3021 praemortui

353 3027 458 3075 pueri
488 3038 617 3074 corpus
648 3026 919 3073 proserpentem
953 3024 1056 3062 vidit.
1117 3025 1231 3061 Hunc
1260 3027 1378 3072 lapide

354 3076 581 3126 percussum,
611 3077 743 3113 veritus
761 3087 807 3112 ne
837 3075 932 3112 idem
957 3075 1028 3122 ipse
1049 3081 1252 3122 pateretur,
1280 3078 1379 3114 occi·

353 3128 420 3165 dit.
476 3127 617 3164 Interea
647 3127 785 3173 serpens
815 3125 901 3162 alius
928 3125 1076 3163 advenit
1095 3153 1105 3169 ‚
1145 3137 1186 3162 ac
1218 3128 1377 3171 priorem

354 3178 616 3225 interemptum
639 3177 863 3225 conspicatus
877 3185 971 3212 retro
985 3176 1090 3217 abiit,
1120 3188 1210 3212 mox
1230 3177 1376 3216 herbam

356 3230 475 3268 serens
497 3228 613 3273 redit,
642 3239 757 3277 eaque
777 3226 878 3276 super
891 3235 972 3265 toto
993 3227 1158 3265 draconis
1177 3227 1285 3265 occisi
1299 3240 1380 3268 cor-

2324 554 2439 611 Nec

1414 689 1504 725 pore
1528 678 1724 727 imposita,
1752 679 1852 717 illurn
1877 680 1910 716 in
1932 680 2044 716 vitam
2066 680 2267 718 revocavit.
2305 680 2344 718 Id
2358 692 2443 719 cum

1413 728 1588 778 Polyidus
1620 729 1761 768 summa
1790 743 1873 767 cum
1907 731 2150 768 admiratione
2181 731 2443 779 conspexillet.

1414 780 1570 817 eandem
1595 781 1743 818 herbam
1760 781 1895 818 illatam
1919 781 2049 818 Glauci
2062 781 2229 818 cadaveri
2251 783 2444 826 admovit,

1413 839 1523 879 atque
1544 830 1642 867 illico
1656 840 1844 869 mortuum
1864 831 2058 868 suscitavit.
2111 831 2180 868 Sed
2204 833 2300 868 enirn
2320 833 2444 874 Minos

1413 880 1612 929 Polyidum
1638 882 1756 929 Argos
1777 894 1939 919 remeare
1961 895 2035 919 non
2056 882 2238 930 permisit,
2266 883 2329 919 nili
2351 884 2445 930 prius

1413 931 1598 968 Glaucum
1634 933 1856 969 vaticinandi
1890 942 2003 969 artem
2038 935 2205 970 edoceat.
2267 933 2442 981 Polyidus

1358 992 1361 995 ·
1415 981 1560 1018 coaetus
1574 981 1706 1019 edocet
1722 1011 1730 1024 ,
1758 983 1915 1029 atquein
1939 985 2086 1030 patriam
2108 983 2449 1032 reversurus‚jam-

1416 1043 1488 1080 que
1523 1031 1600 1068 vela
1627 1032 1785 1073 faciens,
1809 1033 1993 1070 Glaucum
2016 1036 2051 1070 in
2076 1046 2117 1071 os
2149 1035 2249 1071 suum
2281 1035 2447 1082 inspuere

1411 1083 1549 1130 jubet,
1585 1094 1661 1130 quo
1695 1082 1792 1120 facto
1826 1083 2008 1120 Glaucum
2045 1084 2266 1121 vaticinandi
2306 1086 2446 1122 oblivio

1416 1133 1532 1170 subiit.
1552 1140 1556 1143 “
1585 1133 1642 1170 Sic
1663 1133 1911 1180 Apollodorus
1937 1134 1998 1170 lib.
2021 1146 2082 1171 111.
2111 1134 2384 1179 Bibliothecae,
2407 1137 2447 1173 δε

1418 1184 1546 1222 isacius
1567 1183 1726 1221 Tzetzes
1751 1185 1785 1220 in
1816 1185 2122 1234 Lycophronern.
2154 1185 2194 1227 jis.
2217 1186 2301 1223 811.
2341 1186 2450 1223 Non·

1417 1235 1505 1271 nihil
1526 1237 1662 1271 evariat
1689 1235 1858 1283 Hyginus
1887 1236 1956 1272 fab.
1984 1236 2064 1283 136.
2091 1236 2446 1274 Memineruntitem

1416 1284 1554 1322 lEueas
1584 1287 1747 1322 Gazaeus
1775 1287 1811 1322 in
1841 1285 2099 1333 Theophrasto
2123 1313 2133 1329 ,
2174 1285 2314 1324 Pindari
2335 1287 2450 1323 Scho-

1416 1336 1528 1373 lias'tes
1547 1337 1582 1373 in
1598 1336 1804 1384 Olympiis,
1833 1335 2053 1374 Claudianus
2080 1337 2142 1374 lib.
2161 1336 2206 1375 de
2223 1337 2318 1375 bello
2341 1338 2448 1375 Geti-

1420 1398 1490 1431 co,
1517 1399 1597 1433 442.
1625 1389 1662 1425 in
1683 1387 1763 1425 his:

1474 1479 1671 1521 Cretaque,
1698 1471 1726 1519 [ἱ
1743 1486 1823 1509 vere
1841 1483 2012 1510 narratur
2023 1474 2178 1521 fabula,
2206 1474 2301 1512 vidit

1475 1525 1639 1561 Minoum
1658 1535 1754 1573 rupto
1772 1533 1913 1572 puerum
1928 1526 2063 1573 prodire
2080 1526 2247 1574 sepulcro,

1473 1578 1585 1622 Quem
1605 1574 1713 1619 senior
1726 1587 1841 1619 vates,
1853 1576 1977 1611 avium
1992 1576 2145 1624 clangore
2164 1586 2348 1625 repertum,

1473 1627 1640 1662 Gramine
1660 1625 1826 1667 restituit:
1855 1627 1964 1662 mirae
1984 1639 2067 1662 nam
2090 1640 2228 1663 munere
2240 1628 2344 1672 fimis

1481 1677 1602 1713 Dulcia
1625 1677 1729 1713 mella
1758 1689 1870 1713 necem
1889 1704 1899 1721 ‚
1941 1677 2058 1714 vitam
2088 1677 2183 1714 dedit
2212 1677 2370 1714 horridus
2387 1691 2452 1716 an·

1542 1739 1630 1775 guls-

1422 1812 1631 1862 Allegorice
1654 1814 1810 1854 fabulam
1834 1826 1974 1855 enarr-at
1994 1818 2230 1867 Palaephatus
2250 1819 2285 1855 ἓν
2301 1819 2457 1860 ἀσπίς-ως·

1427 1863 1530 1902 Dixit
1551 1875 1674 1903 autern
1697 1867 1795 1905 Naso
1810 1896 1820 1911 ‚
1847 1870 1972 1916 Gnosia
1993 1870 2119 1913 mella,
2146 1872 2230 1918 quia
2251 1870 2394 1906 Gnosus
2413 1871 2453 1907 in

1425 1913 1532 1951 Cret-a
1558 1916 1697 1953 Minois
1731 1919 1844 1965 Regia
1876 1920 1967 1963 fuit,
1995 1932 2094 1957 nunc
2122 1932 2233 1968 pagus
2252 1921 2298 1957 eil
2321 1919 2453 1957 obscu-
2496 1958 2499 1961 Δ

1424 1975 1480 2001 rus
1497 1967 1570 2002 alio
1594 1969 1764 2005 nomine.
1817 1969 1893 2006 Hic
1910 1981 2020 2016 porro
2043 1979 2173 2008 notare
2197 1971 2456 2008 licetlocutio·

1439 2026 1523 2052 nem
1548 2016 1626 2053 satis
1655 2017 1894 2063 insolentem,
1929 2021 2104 2057 nimirum
2127 2021 2215 2058 idem
2226 2035 2347 2057 nomen
2358 2021 2457 2057 dietis

1428 2063 1572 2108 habere,
1602 2078 1666 2114 pro
1683 2067 1797 2105 simile
1809 2082 1950 2107 nornen
1977 2072 2041 2108 illis
2054 2072 2218 2115 duobus,
2245 2083 2336 2119 quos
2359 2073 2456 2116 prio-

1430 2127 1467 2151 re
1489 2115 1639 2153 disticho
1661 2122 1892 2160 nominavit.
1921 2122 2067 2158 Glauco
2081 2122 2223 2159 scilicet.
2255 2123 2453 2158 SALVAGN.

1431 2166 1529 2204 Vide
1550 2167 1670 2205 Barth.
1697 2170 1740 2206 ad
1761 2169 1794 2206 d.
1822 2171 1844 2207 l.
1868 2171 2057 2208 Claudiani
2084 2172 2128 2207 de
2153 2171 2358 2210 locutione,
2396 2171 2457 2210 illa

1431 2215 1522 2252 idem
1550 2219 1661 2255 dictis.
1690 2219 1762 2257 vid.
1782 2220 1908 2257 Heins.
1927 2221 1971 2257 ad
1996 2234 2025 2258 r.
2054 2222 2184 2258 Amor.
2201 2235 2250 2259 iv.
2275 2235 2306 2260 1.

1483 2267 1567 2312 563.
1604 2269 1722 2305 Noxia
1751 2269 1893 2320 mella.]
1944 2271 2076 2318 Gnoffia
2113 2274 2277 2320 plerique
2307 2280 2458 2311 veteres.

1431 2317 1576 2355 Herus.
1612 2321 1729 2356 Noxia
1757 2321 1816 2357 vel
1855 2320 1987 2368 Gnqffia
2020 2324 2155 2359 Sarrav.
2190 2321 2316 2359 sed-de
2346 2324 2456 2361 melle

1429 2367 1591 2405 Cretensi
1627 2369 1709 2406 vide
1739 2371 1830 2408 Plin.
1864 2383 2017 2416 xx1.14.
2047 2374 2084 2410 ὃ(
2106 2374 2208 2422 Vir-g.
2231 2385 2281 2409 iv·
2315 2374 2454 2422 Georg.

1433 2431 1514 2464 150.
1542 2421 1814 2468 propraefocant
1833 2421 1887 2458 alii
1911 2422 2055 2460 codices
2069 2424 2457 2471 habentpraecludant‚

1430 2469 1578 2510 eripiam
1603 2498 1612 2512 ‚
1651 2471 1830 2519 diripiant.
1884 2474 2054 2511 Heinsius
2088 2483 2190 2512 notat
2211 2474 2458 2512 Glossatorem

1437 2518 1517 2555 Mss.
1546 2522 1712 2558 Prisciani
1746 2524 1780 2558 in
1810 2522 2037 2561 Bibliotheca
2081 2524 2251 2561 Leidenfi
2300 2525 2455 2569 habere,

1432 2570 1547 2606 dulcia
1567 2571 1691 2612 mella,
1721 2581 1759 2608 ut
1781 2572 2000 2611 Claudianus
2021 2575 2057 2610 in
2081 2575 2149 2611 hac
2172 2575 2300 2612 fabula.

1488 2624 1571 2667 561.
1600 2619 1811 2671 Sollicitoque
1827 2623 1960 2671 bibas.]
2001 2623 2167 2661 Socrates
2203 2625 2461 2672 injusteaccu-

1433 2670 1525 2708 satus
1553 2672 1678 2709 hausto
1717 2673 1896 2719 intrepide
1933 2686 2079 2711 veneno
2109 2675 2260 2713 interiit.
2311 2677 2461 2714 INTER-

1439 2734 1546 2758 PRES.
1576 2722 1741 2759 Socrates
1770 2723 1981 2771 intelligitur
2001 2725 2043 2760 ab
2068 2725 2221 2772 Anyto,
2251 2727 2463 2769 Melitone‚

1440 2774 1476 2808 ὃ(
1501 2773 1658 2819 Lycone
1688 2772 1870 2810 accusatus
1892 2801 1902 2817 ,
1936 2775 2178 2822 quamobrem
2201 2780 2317 2826 Anyti
2338 2791 2413 2814 reus
2439 2776 2462 2815 a

1437 2823 1587 2909 Ῑίξξιΐοηε
1631 2823 1772 2861 dicitur.
1839 2824 1933 2861 Item
1979 2826 2022 2862 ab
2066 2827 2224 2865 Horatio
2270 2828 2393 2877 Satyra
2424 2838 2464 2874 14.

1452 2885 1460 2910 1
1489 2901 1497 2911 .
1525 2885 1568 2910 11.

1821 2940 1941 2988 qualia
1967 2941 2116 2978 vincunt

1488 2987 1701 3038 Pithagoran
1714 3016 1724 3033 ,
1738 2993 1919 3041 Anytique
1938 3005 2032 3029 reum
2046 3020 2055 3036 ,
2080 2994 2280 3042 dofflumque
2303 2992 2466 3032 Platona.

1436 3081 1536 3118 Nota
1558 3092 1645 3117 vero
1676 3092 1774 3117 mors
1805 3081 1960 3119 Socratis
1993 3082 2117 3119 hauilu
2141 3081 2318 3127 Cicutae,
2347 3097 2461 3133 quem

1438 3132 1595 3169 Ovidius
1620 3131 1840 3178 docriffimum
1868 3140 1976 3168 vocat
2000 3160 2009 3176 ‚
2039 3144 2114 3169 non
2141 3134 2244 3179 quod
2278 3136 2460 3179 sapientis-

1436 3181 1546 3219 simus
1567 3182 1763 3219 hominum
1787 3183 1968 3231 judicatus
2002 3181 2087 3218 eslet
2121 3184 2271 3221 oraculo
2296 3188 2445 3234 Pythiae

1433 3233 1492 3270 sed
1515 3234 1615 3282 quod
1633 3244 1764 3272 omnes
1795 3233 2004 3282 Philosophi
2025 3234 2198 3282 peculiari
2220 3235 2379 3284 quadam
2405 3248 2451 3283 ap

2393 3299 2450 3334 Ρῧ·
