2547 3708
720 132 1441 197 PnaJMASSON„
2085 151 2153 209 2„

93 242 111 256 “·
178 232 376 283 Plurima
392 228 473 294 sed
491 228 656 294 pelago
669 262 684 287 ,
720 242 912 292 terraque
925 231 1110 290 pericula
1126 232 1282 292 pafflir.

52 298 192 353 Unde
214 297 356 346 Trist.
386 295 491 342 Lib.
522 296 609 342 IV.
636 295 708 342 El.
731 294 769 341 I.
791 293 1002 358 queritur
1019 312 1116 343 vere
1131 299 1252 357 prius
1258 297 1416 358 stores,
1451 298 1543 348 ὅω.
1577 301 1803 348 numerari
1827 297 1980 365 poste,

175 367 322 431 Qum
344 363 484 419 mala,
519 377 622 422 quae
642 371 724 407 toto
739 361 883 421 patior
889 359 1083 420 jactatus
1103 363 1148 407 in
1171 362 1291 421 orbe,

235 428 356 476 Dum
379 427 500 488 miser
523 427 688 472 Euxini
709 428 854 473 littora
876 428 1000 471 laeva
1012 437 1120 485 peto.

49 494 169 547 Vide
191 507 375 558 quoque
398 491 470 537 El.
495 491 560 537 X.
588 506 703 538 vers.
735 505 873 549 107·¹
891 505 962 536 10.
987 489 1095 538 Lib.
1120 491 1182 538 V.
1206 491 1280 538 El.
1305 494 1368 539 ΙΙ.
1391 509 1505 541 vers.
1535 509 1608 550 29·

107 559 198 608 IV.
234 559 358 603 Ante
385 572 495 602 vero
521 572 655 618 quam
682 554 881 603 Ovidius
903 551 1043 601 Tomos
1077 556 1302 620 pertimet,
1338 558 1386 605 &
1408 575 1512 606 cum
1548 559 1699 606 adhuc
1735 560 1781 606 in
1817 559 1981 606 itinere
2016 560 2149 620 esset,

35 624 214 689 priorem
242 619 434 682 Tristiam
462 625 638 668 Librum
663 621 863 666 Romam
889 618 1028 666 mifit.
1095 622 1208 681 Hoc
1230 622 1426 685 probant
1451 640 1565 687 quae
1585 625 1639 671 ad
1663 625 1938 687 superiorem
1962 627 2052 672 An.
2078 625 2152 672 N.

12 696 15 743 ς’
42 691 133 738 ΧΙ.
160 688 359 735 diximus
376 720 389 745 ,
427 686 476 733 ὃς
501 685 625 748 quod
649 683 828 732 Noster
855 683 928 729 El.
957 685 996 731 Ι.
1018 684 1217 732 Librum
1241 688 1474 752 alloquens
1498 689 1664 749 habet,
1698 706 1813 738 vers
1840 705 1917 751 41.
1937 704 2017 751 42.

11 750 13 810 ἰ
170 756 374 802 Carmina
391 751 584 814 seceſjum
593 749 812 812 scribentis
837 748 891 800 ἐξ
918 751 1004 794 otia
1028 762 1257 811 quaerunt:

10 813 12 822 ’
230 820 310 866 Me
331 832 471 873 mare,
505 830 567 861 me
589 812 706 860 venti
717 847 732 872 ,
766 829 829 860 me
840 812 942 875 fera
951 814 1097 873 jaetat
1114 816 1256 861 hiems.

42 887 109 938 At
136 886 180 930 in
201 885 407 931 Pontum
434 880 513 924 vix
537 890 749 937 venerat,
783 893 892 924 cum
915 879 1097 927 Librum
1120 880 1186 927 ΙΙ.
1213 879 1429 946 Augusto
1461 880 1668 945 scripsit,
1701 895 1755 930 ut
1779 881 1852 931 sua
1881 882 2149 933 defenderet

40 945 436 1011 c1·imina‚quibus
461 958 518 989 eo
543 943 694 1007 pulsus
716 944 892 1003 fuerat,
925 956 1061 1007 atque
1085 945 1138 991 ut
1162 946 1320 992 mitius
1342 945 1551 993 exsilium
1576 948 1819 1011 paulloque
1843 949 2148 1014 propinquius

74 1026 230 1062 CtCI‘Ct·
671 1031 674 1035 ’
918 1038 932 1057 ι

38 1032 70 1080 P
105 1078 236 1136 Quin
261 1076 399 1124 etiam
426 1074 564 1138 paulo
590 1072 694 1138 post
716 1072 967 1121 adventum
992 1074 1174 1139 Elegias
1195 1077 1328 1123 Liba·
1342 1076 1433 1124 111.
1457 1076 1743 1141 conscripsit.
1779 1079 1909 1128 Hinc
1934 1078 1999 1126 est
2020 1078 2146 1145 quod

39 1144 114 1192 El.
138 1144 202 1190 II.
230 1140 291 1189 fic
316 1140 463 1188 orsus:
911 1184 918 1191 ‚
1242 1158 1259 1173 .

169 1209 282 1270 Ergo
305 1216 397 1253 erat
415 1209 459 1253 in
470 1205 586 1268 fatis
608 1203 825 1262 Scythiam
840 1219 993 1267 quoque
1015 1204 1148 1267 visere
1167 1206 1334 1268 nostris:

36 1269 164 1325 1ddit
188 1287 299 1318 vers.
327 1285 398 1329 ις’.

164 1338 290 1384 Dum
311 1345 450 1382 tamen
473 1334 526 1387 &³
550 1337 675 1381 terris
694 1334 841 1381 dubius
853 1333 1055 1393 jaetabar
1076 1335 1132 1388 ἔξ
1153 1337 1301 1395 undis,

228 1402 419 1448 Fallebut
444 1415 564 1446 curas
588 1415 789 1463 aegraque
809 1400 931 1446 corda
952 1400 1083 1446 labor·

166 1468 228 1513 Ut
251 1466 469 1527 viaftnita
493 1465 574 1525 est,
608 1466 663 1518 δέ)
684 1479 781 1525 opus
798 1466 1004 1526 requie-vit
1022 1467 1171 1523 eundi5

228 1533 294 1578 Et
308 1546 460 1592 poenae
479 1533 599 1577 tellus
619 1530 675 1590 est
697 1529 800 1576 mihi
819 1534 937 1576 taeta
958 1545 1069 1577 meae
1077 1551 1095 1587 5

162 1598 252 1644 Nil
270 1600 346 1657 nist
356 1597 466 1656 flere
484 1597 613 1654 libet,
648 1594 741 1642 &c.

36 1660 164 1710 Idem
189 1677 246 1708 ex
275 1661 346 1708 El.
372 1661 464 1708 III.
499 1672 653 1723 patet,
687 1675 823 1724 quam
849 1675 985 1724 aeger
1007 1662 1143 1708 Uxori
1161 1659 1341 1726 scripsit
1355 1682 1373 1720 5
1408 1657 1670 1725 praesertim
1692 1675 1752 1711 ex
1771 1674 1886 1711 vers,
1909 1670 2051 1724 5-10.

166 1728 294 1795 Qid
312 1727 418 1773 mihi·
439 1742 545 1774 nunc
567 1728 701 1772 animi
722 1727 818 1772 dira
838 1729 995 1788 regione
1001 1726 1166 1787 jacenti

231 1794 349 1840 Inter
369 1793 645 1840 Sauromatas
663 1792 739 1852 effi>
761 1791 964 1854 Getasque
978 1790 1132 1852 putes?

168 1858 265 1904 Nec
289 1859 455 1904 Coelum
468 1859 639 1917 patior,
672 1873 742 1903 nec
760 1859 881 1919 aquis
900 1857 1152 1918 affiaeevimus
1178 1857 1289 1919 isti-s,
1325 1857 1418 1905 &c.

39 1920 150 1970 Nec
169 1921 262 1968 ulla
284 1921 349 1968 est
364 1954 380 1980 ,
413 1934 466 1967 ut
487 1923 642 1984 paucis
664 1921 843 1981 dicam,
878 1937 992 1985 quae
1015 1921 1149 1984 poffit
1170 1922 1225 1968 ad
1249 1923 1419 1980 aliurn,
1454 1934 1770 1985 praeterquam
1795 1920 1998 1984 primum
2023 1917 2142 1968 exfi-

36 1985 87 2033 lii
108 2020 124 2045 ‚
166 1996 336 2032 aunum
367 1985 540 2032 referri.
609 1986 713 2050 Imo
745 1984 865 2032 XII.
901 1987 1025 2032 circa
1056 2003 1233 2034 vernum
1264 1985 1627 2049 AEquinoe'cium
1661 1998 1890 2034 exaratam
1924 1984 2011 2033 effe
2032 2019 2050 2045 ‚
2082 1998 2142 2032 ex

38 2051 267 2114 prioribus
292 2050 470 2098 constat
492 2049 724 2097 verficulis
738 2066 751 2096 ⁴:

167 2116 342 2177 Frigora
356 2116 454 2176 jain
476 2115 661 2176 Zephyri
683 2117 898 2162 minuunt:
932 2130 1115 2178 annoque
1128 2120 1296 2177 perusto

228 2183 410 2243 Longior
428 2182 611 2241 antiquis
635 2179 729 2242 visa
750 2180 935 2225 Maeotis
952 2180 1106 2226 hiems:

164 2247 478 2307 Impofitamque
489 2246 604 2306 fibi,
637 2247 708 2306 qui
729 2260 806 2290 non
828 2245 922 2290 bene
936 2247 1111 2304 pertulit
1134 2243 1335 2304 Hellen,
1359 2246 1418 2306 (a)

233 2309 429 2371 Tempora
452 2308 688 2356 nosturnis
712 2324 842 2370 aequa
865 2308 1028 2355 diurna
1038 2309 1181 2371 facit,
1215 2307 1309 2356 &c.
1641 2361 1646 2367 ,

102 2373 266 2438 Elegia
299 2392 441 2439 porro
475 2374 690 2438 proxime
719 2373 905 2438 sequens
939 2374 1083 2421 XIII.
1121 2372 1323 2422 Nasonis
1356 2373 1546 2432 Natali,
1581 2372 1675 2420 hoc
1705 2371 1800 2430 est,
1835 2367 1954 2418 XX.
1977 2369 2142 2420 Martii

25 2438 142 2499 xdie,
176 2453 354 2487 cantata
376 2439 468 2486 est:

167 2507 272 2552 Ecce
279 2505 564 2567 supervacuus
598 2504 717 2566 (quid
733 2506 840 2550 enim
850 2503 945 2566 fuit
963 2506 1066 2551 utile
1082 2507 1196 2568 gigni
1209 2503 1245 2562 ?)

231 2571 309 2618 Ad
316 2570 403 2632 sua
437 2570 682 2617 NATAms
716 2580 899 2633 tempora
919 2569 1046 2631 noster
1064 2570 1189 2630 adest.

168 2635 321 2693 Dure,
352 2635 456 2696 quid
473 2636 534 2682 ad
551 2633 714 2693 mistros
736 2636 934 2681 veniebas
953 2635 1102 2698 exsulis
1123 2632 1278 2682 annos?

235 2701 457 2759 Debueras
473 2702 558 2747 illis
576 2698 800 2762 impofiuffe
818 2700 981 2747 niodum
995 2734 1011 2760 ,
1047 2699 1138 2746 &c.
1307 2748 1309 2751 Α

39 2761 117 2812 Ex
143 2762 336 2827 quibus,
367 2765 439 2810 uti
463 2764 511 2811 &
536 2762 855 2828 sequentibus,
890 2764 1024 2812 fimul
1049 2777 1206 2829 patet,
1242 2765 1367 2811 hunc
1402 2762 1488 2810 esse
1511 2762 1712 2828 primum
1733 2763 1971 2819 Natalem,
2006 2773 2143 2823 quem

43 2829 245 2878 Ovidius
268 2828 316 2873 in
339 2828 483 2875 exfilii
497 2829 611 2879 ..loco
636 2829 952 2878 celebraverit.

111 2892 292 2942 Silenda
315 2907 424 2938 vero
447 2893 527 2939 hic
551 2909 646 2940 non
667 2894 730 2941 est
742 2895 1023 2955 Perilla‚cui
1038 2894 1202 2959 Elegia
1217 2893 1622 2943 VILinscribitur.
1659 2892 1772 2940 Eam
1787 2890 1996 2939 nonnulli
2012 2901 2144 2954 puta-

42 2968 152 3007 runt
166 2957 330 3006 Ovidii
342 2958 487 3019 filiam
509 2956 620 3016 effe,
635 2958 762 3019 quod
773 2968 895 3008 ¹vers.
917 2975 933 3006 1
945 2958 989 3006 8.
1001 2961 1050 3006 in
1073 2960 1339 3025 vulgaribus
1354 2958 1654 3007 Editionibus
1669 2959 1816 3007 Poeta
1829 2957 1885 3004 de
1898 2955 1940 3004 se
1953 2954 2144 3004 scribat:

172 3026 310 3087 thue
321 3033 447 3084 pater
468 3033 619 3081 natae,
652 3024 811 3085 duxque
831 3024 1033 3088 comesque
1040 3025 1129 3087 fui.
2076 3083 2119 3131 A

1255 3089 1310 3138 N
1345 3105 1373 3137 2
2124 3094 2144 3131 t

107 3173 166 3231 (a)
191 3178 305 3222 Aries
333 3153 503 3234 nempe,
530 3179 646 3232 cujus
676 3180 834 3235 fignum
861 3179 935 3223 Sol
964 3182 1253 3238 ingrediebatur
1278 3181 1422 3225 Martii
1442 3175 1611 3222 XXIII.
1638 3180 1754 3234 juxta
1773 3178 1916 3222 Nostri
1937 3175 2142 3224 calculos,

51 3226 256 3338 {7217sthih
279 3233 351 3277 111.
380 3247 482 3278 vers.
509 3231 719 3290 849⁰852·
759 3235 817 3279 At
845 3237 1003 3281 nonnisi
1037 3237 1161 3280 tribus
1193 3237 1339 3281 abhinc
1368 3236 1504 3280 diebus
1531 3234 1845 3309 AEquinolt'ium
1873 3234 2017 3288 figunt,
2043 3237 2146 3270 vers„
