<?xml version="1.0" encoding="UTF-8"?>
<!DOCTYPE html PUBLIC "-//W3C//DTD XHTML 1.0 Transitional//EN"
    "http://www.w3.org/TR/xhtml1/DTD/xhtml1-transitional.dtd">
<html xmlns="http://www.w3.org/1999/xhtml" xml:lang="en" lang="en">
 <head>
  <title>
</title>
<meta http-equiv="Content-Type" content="text/html;charset=utf-8" />
  <meta name='ocr-system' content='tesseract 3.04.00' />
  <meta name='ocr-capabilities' content='ocr_page ocr_carea ocr_par ocr_line ocrx_word'/>
</head>
<body>
  <div class='ocr_page' id='page_1' title='image "./publiiovidiinaso04ovid_0389.png"; bbox 0 0 2547 3708; ppageno 0'>
   <div class='ocr_carea' id='block_1_1' title="bbox 615 145 2127 231">
    <p class='ocr_par' dir='ltr' id='par_1_1' title="bbox 615 145 2127 231">
     <span class='ocr_line' id='line_1_1' title="bbox 615 145 2127 231; baseline 0.001 -36"><span class='ocrx_word' id='word_1_1' title='bbox 615 145 1526 200; x_wconf 74' lang='lat' dir='ltr'>PRAEFATioNEs</span> <span class='ocrx_word' id='word_1_2' title='bbox 2029 177 2127 231; x_wconf 41' lang='grc' dir='ltr'>ΖΨ</span> 
     </span>
    </p>
   </div>
   <div class='ocr_carea' id='block_1_2' title="bbox 13 237 2124 2066">
    <p class='ocr_par' dir='ltr' id='par_1_2' title="bbox 16 237 2124 1610">
     <span class='ocr_line' id='line_1_2' title="bbox 17 237 2120 313; baseline 0.001 -17"><span class='ocrx_word' id='word_1_3' title='bbox 17 237 168 308; x_wconf 59' lang='lat' dir='ltr'>‘videri</span> <span class='ocrx_word' id='word_1_4' title='bbox 203 246 399 313; x_wconf 84' lang='lat' dir='ltr'>poHint,</span> <span class='ocrx_word' id='word_1_5' title='bbox 442 243 578 307; x_wconf 84' lang='lat' dir='ltr'>coepi</span> <span class='ocrx_word' id='word_1_6' title='bbox 609 240 824 289; x_wconf 83' lang='lat' dir='ltr'>nonnihil</span> <span class='ocrx_word' id='word_1_7' title='bbox 852 239 1058 288; x_wconf 87' lang='lat' dir='ltr'>diffidere</span> <span class='ocrx_word' id='word_1_8' title='bbox 1091 241 1148 287; x_wconf 91' lang='lat' dir='ltr'>de</span> <span class='ocrx_word' id='word_1_9' title='bbox 1181 243 1414 305; x_wconf 81' lang='lat' dir='ltr'>probitate</span> <span class='ocrx_word' id='word_1_10' title='bbox 1447 259 1658 292; x_wconf 89' lang='lat' dir='ltr'>meorum</span> <span class='ocrx_word' id='word_1_11' title='bbox 1695 245 1943 298; x_wconf 83' lang='lat' dir='ltr'>librorum:</span> <span class='ocrx_word' id='word_1_12' title='bbox 1990 252 2037 302; x_wconf 81' lang='lat'>&amp;</span> <span class='ocrx_word' id='word_1_13' title='bbox 2067 256 2120 304; x_wconf 77' lang='lat' dir='ltr'>ad</span> 
     </span>
     <span class='ocr_line' id='line_1_3' title="bbox 29 307 2119 384; baseline -0 -17"><span class='ocrx_word' id='word_1_14' title='bbox 29 317 172 384; x_wconf 82' lang='lat' dir='ltr'>quarti</span> <span class='ocrx_word' id='word_1_15' title='bbox 207 315 309 362; x_wconf 85' lang='lat' dir='ltr'>libri</span> <span class='ocrx_word' id='word_1_16' title='bbox 332 312 519 358; x_wconf 87' lang='lat' dir='ltr'>initium</span> <span class='ocrx_word' id='word_1_17' title='bbox 545 307 756 355; x_wconf 86' lang='lat' dir='ltr'>constiti:</span> <span class='ocrx_word' id='word_1_18' title='bbox 792 310 1008 371; x_wconf 88' lang='lat' dir='ltr'>venitque</span> <span class='ocrx_word' id='word_1_19' title='bbox 1031 307 1145 353; x_wconf 89' lang='lat' dir='ltr'>mihi</span> <span class='ocrx_word' id='word_1_20' title='bbox 1169 308 1214 353; x_wconf 87' lang='lat' dir='ltr'>in</span> <span class='ocrx_word' id='word_1_21' title='bbox 1241 323 1443 356; x_wconf 87' lang='lat' dir='ltr'>mentem</span> <span class='ocrx_word' id='word_1_22' title='bbox 1467 310 1608 357; x_wconf 88' lang='lat' dir='ltr'>trium</span> <span class='ocrx_word' id='word_1_23' title='bbox 1630 311 1869 361; x_wconf 76' lang='lat' dir='ltr'>dumtaxat</span> <span class='ocrx_word' id='word_1_24' title='bbox 1896 315 2119 369; x_wconf 82' lang='lat' dir='ltr'>librorum</span> 
     </span>
     <span class='ocr_line' id='line_1_4' title="bbox 29 372 2119 448; baseline 0 -19"><span class='ocrx_word' id='word_1_25' title='bbox 29 394 289 448; x_wconf 67' lang='lat' dir='ltr'>argumenta</span> <span class='ocrx_word' id='word_1_26' title='bbox 314 374 487 441; x_wconf 84' lang='lat' dir='ltr'>peracri</span> <span class='ocrx_word' id='word_1_27' title='bbox 525 373 573 420; x_wconf 85' lang='lat'>&amp;</span> <span class='ocrx_word' id='word_1_28' title='bbox 598 387 728 420; x_wconf 90' lang='lat' dir='ltr'>certo</span> <span class='ocrx_word' id='word_1_29' title='bbox 746 372 924 436; x_wconf 71' lang='lat' dir='ltr'>judicio</span> <span class='ocrx_word' id='word_1_30' title='bbox 948 385 1032 419; x_wconf 93' lang='lat' dir='ltr'>tuo</span> <span class='ocrx_word' id='word_1_31' title='bbox 1057 373 1355 421; x_wconf 80' lang='lat' dir='ltr'>examinanda</span> <span class='ocrx_word' id='word_1_32' title='bbox 1381 392 1668 438; x_wconf 86' lang='lat' dir='ltr'>proponere;</span> <span class='ocrx_word' id='word_1_33' title='bbox 1703 392 1756 425; x_wconf 92' lang='lat' dir='ltr'>ut</span> <span class='ocrx_word' id='word_1_34' title='bbox 1785 380 1814 426; x_wconf 83' lang='lat' dir='ltr'>si</span> <span class='ocrx_word' id='word_1_35' title='bbox 1840 383 2018 442; x_wconf 87' lang='lat' dir='ltr'>putabis</span> <span class='ocrx_word' id='word_1_36' title='bbox 2041 387 2119 431; x_wconf 83' lang='lat' dir='ltr'>ali-</span> 
     </span>
     <span class='ocr_line' id='line_1_5' title="bbox 27 437 2124 512; baseline 0 -17"><span class='ocrx_word' id='word_1_37' title='bbox 27 448 149 512; x_wconf 78' lang='lat' dir='ltr'>quod</span> <span class='ocrx_word' id='word_1_38' title='bbox 168 445 253 492; x_wconf 77' lang='lat' dir='ltr'>effe</span> <span class='ocrx_word' id='word_1_39' title='bbox 275 457 437 507; x_wconf 79' lang='lat' dir='ltr'><strong>operae</strong></span> <span class='ocrx_word' id='word_1_40' title='bbox 459 455 584 486; x_wconf 88' lang='lat' dir='ltr'>meae</span> <span class='ocrx_word' id='word_1_41' title='bbox 606 440 804 502; x_wconf 88' lang='lat' dir='ltr'>pretium</span> <span class='ocrx_word' id='word_1_42' title='bbox 820 472 836 497; x_wconf 93' lang='lat'>,</span> <span class='ocrx_word' id='word_1_43' title='bbox 856 438 1012 501; x_wconf 84' lang='lat' dir='ltr'>jubeas</span> <span class='ocrx_word' id='word_1_44' title='bbox 1035 437 1083 484; x_wconf 84' lang='lat'>&amp;</span> <span class='ocrx_word' id='word_1_45' title='bbox 1109 437 1281 500; x_wconf 89' lang='lat' dir='ltr'>reliqua</span> <span class='ocrx_word' id='word_1_46' title='bbox 1301 440 1513 504; x_wconf 83' lang='lat' dir='ltr'>adgredi:</span> <span class='ocrx_word' id='word_1_47' title='bbox 1551 440 1615 488; x_wconf 87' lang='lat' dir='ltr'>fin</span> <span class='ocrx_word' id='word_1_48' title='bbox 1640 445 1788 490; x_wconf 84' lang='lat' dir='ltr'>minus</span> <span class='ocrx_word' id='word_1_49' title='bbox 1801 467 1815 501; x_wconf 81' lang='lat'>3</span> <span class='ocrx_word' id='word_1_50' title='bbox 1851 445 2001 493; x_wconf 87' lang='lat' dir='ltr'>saltem</span> <span class='ocrx_word' id='word_1_51' title='bbox 2030 466 2124 496; x_wconf 89' lang='lat' dir='ltr'>non</span> 
     </span>
     <span class='ocr_line' id='line_1_6' title="bbox 25 503 2121 573; baseline -0.005 -13"><span class='ocrx_word' id='word_1_52' title='bbox 25 515 87 561; x_wconf 80' lang='lat' dir='ltr'>ita</span> <span class='ocrx_word' id='word_1_53' title='bbox 119 511 318 560; x_wconf 82' lang='lat' dir='ltr'>multum</span> <span class='ocrx_word' id='word_1_54' title='bbox 353 506 519 553; x_wconf 84' lang='lat' dir='ltr'>laboris</span> <span class='ocrx_word' id='word_1_55' title='bbox 551 503 599 552; x_wconf 66' lang='grc' dir='ltr'>ὃς</span> <span class='ocrx_word' id='word_1_56' title='bbox 634 505 856 567; x_wconf 85' lang='lat' dir='ltr'>temporis</span> <span class='ocrx_word' id='word_1_57' title='bbox 886 503 1001 549; x_wconf 88' lang='lat' dir='ltr'>mihi</span> <span class='ocrx_word' id='word_1_58' title='bbox 1027 503 1226 565; x_wconf 90' lang='lat' dir='ltr'>perierit.</span> <span class='ocrx_word' id='word_1_59' title='bbox 1298 504 1432 566; x_wconf 80' lang='lat' dir='ltr'>Qae</span> <span class='ocrx_word' id='word_1_60' title='bbox 1457 505 1621 553; x_wconf 88' lang='lat' dir='ltr'>deinde</span> <span class='ocrx_word' id='word_1_61' title='bbox 1655 508 1680 554; x_wconf 71' lang='lat' dir='ltr'>a</span> <span class='ocrx_word' id='word_1_62' title='bbox 1710 524 1874 573; x_wconf 91' lang='lat' dir='ltr'>quarto</span> <span class='ocrx_word' id='word_1_63' title='bbox 1907 512 2026 560; x_wconf 87' lang='lat' dir='ltr'>libro</span> <span class='ocrx_word' id='word_1_64' title='bbox 2059 514 2121 560; x_wconf 72' lang='lat' dir='ltr'>se-</span> 
     </span>
     <span class='ocr_line' id='line_1_7' title="bbox 26 567 2123 642; baseline 0 -18"><span class='ocrx_word' id='word_1_65' title='bbox 26 589 252 642; x_wconf 75' lang='lat' dir='ltr'>quuntur3</span> <span class='ocrx_word' id='word_1_66' title='bbox 283 572 472 633; x_wconf 83' lang='lat' dir='ltr'>Joanuis</span> <span class='ocrx_word' id='word_1_67' title='bbox 493 571 709 616; x_wconf 81' lang='lat' dir='ltr'>Raenerii</span> <span class='ocrx_word' id='word_1_68' title='bbox 739 569 831 614; x_wconf 79' lang='lat' dir='ltr'>fide</span> <span class='ocrx_word' id='word_1_69' title='bbox 855 567 903 614; x_wconf 82' lang='lat'>&amp;</span> <span class='ocrx_word' id='word_1_70' title='bbox 931 567 1204 614; x_wconf 64' lang='lat' dir='ltr'>auctoritate</span> <span class='ocrx_word' id='word_1_71' title='bbox 1229 573 1346 616; x_wconf 85' lang='lat' dir='ltr'>tueri</span> <span class='ocrx_word' id='word_1_72' title='bbox 1369 570 1410 616; x_wconf 80' lang='lat' dir='ltr'>se</span> <span class='ocrx_word' id='word_1_73' title='bbox 1435 571 1630 620; x_wconf 84' lang='lat' dir='ltr'>debent:</span> <span class='ocrx_word' id='word_1_74' title='bbox 1668 577 1745 637; x_wconf 90' lang='lat' dir='ltr'>qui</span> <span class='ocrx_word' id='word_1_75' title='bbox 1768 574 1809 620; x_wconf 87' lang='lat' dir='ltr'>se</span> <span class='ocrx_word' id='word_1_76' title='bbox 1831 590 1881 621; x_wconf 86' lang='lat' dir='ltr'>ea</span> <span class='ocrx_word' id='word_1_77' title='bbox 1903 592 1957 624; x_wconf 85' lang='lat' dir='ltr'>ex</span> <span class='ocrx_word' id='word_1_78' title='bbox 1981 580 2123 625; x_wconf 88' lang='lat' dir='ltr'>veteri</span> 
     </span>
     <span class='ocr_line' id='line_1_8' title="bbox 25 632 2122 704; baseline -0 -14"><span class='ocrx_word' id='word_1_79' title='bbox 25 641 180 690; x_wconf 75' lang='lat' dir='ltr'>codice</span> <span class='ocrx_word' id='word_1_80' title='bbox 213 639 451 702; x_wconf 85' lang='lat' dir='ltr'>protulifl&#39;e</span> <span class='ocrx_word' id='word_1_81' title='bbox 486 633 707 681; x_wconf 87' lang='lat' dir='ltr'>affirmat:</span> <span class='ocrx_word' id='word_1_82' title='bbox 744 649 1021 696; x_wconf 85' lang='lat' dir='ltr'>quamquam</span> <span class='ocrx_word' id='word_1_83' title='bbox 1057 632 1187 679; x_wconf 82' lang='lat' dir='ltr'>valde</span> <span class='ocrx_word' id='word_1_84' title='bbox 1220 648 1413 695; x_wconf 89' lang='lat' dir='ltr'>metuo,</span> <span class='ocrx_word' id='word_1_85' title='bbox 1448 650 1498 683; x_wconf 91' lang='lat' dir='ltr'>ut</span> <span class='ocrx_word' id='word_1_86' title='bbox 1523 654 1588 685; x_wconf 82' lang='lat' dir='ltr'>res</span> <span class='ocrx_word' id='word_1_87' title='bbox 1614 637 1930 704; x_wconf 74' lang='lat' dir='ltr'>usquequaque</span> <span class='ocrx_word' id='word_1_88' title='bbox 1953 644 2013 689; x_wconf 85' lang='lat' dir='ltr'>ita</span> <span class='ocrx_word' id='word_1_89' title='bbox 2036 643 2122 690; x_wconf 75' lang='lat' dir='ltr'>lese</span> 
     </span>
     <span class='ocr_line' id='line_1_9' title="bbox 24 697 2121 766; baseline -0 -11"><span class='ocrx_word' id='word_1_90' title='bbox 24 706 197 755; x_wconf 76' lang='lat' dir='ltr'>habeat.</span> <span class='ocrx_word' id='word_1_91' title='bbox 232 720 364 763; x_wconf 88' lang='lat' dir='ltr'>nam,</span> <span class='ocrx_word' id='word_1_92' title='bbox 398 700 481 748; x_wconf 77' lang='lat' dir='ltr'>nisi</span> <span class='ocrx_word' id='word_1_93' title='bbox 508 716 583 747; x_wconf 88' lang='lat' dir='ltr'>me</span> <span class='ocrx_word' id='word_1_94' title='bbox 604 700 707 746; x_wconf 86' lang='lat' dir='ltr'>libri</span> <span class='ocrx_word' id='word_1_95' title='bbox 738 699 824 744; x_wconf 88' lang='lat' dir='ltr'>mei</span> <span class='ocrx_word' id='word_1_96' title='bbox 853 698 1046 756; x_wconf 85' lang='lat' dir='ltr'>fallunt,</span> <span class='ocrx_word' id='word_1_97' title='bbox 1083 697 1269 761; x_wconf 83' lang='lat' dir='ltr'>scripti,</span> <span class='ocrx_word' id='word_1_98' title='bbox 1304 714 1356 746; x_wconf 91' lang='lat' dir='ltr'>ut</span> <span class='ocrx_word' id='word_1_99' title='bbox 1379 701 1494 747; x_wconf 89' lang='lat' dir='ltr'>mihi</span> <span class='ocrx_word' id='word_1_100' title='bbox 1519 703 1566 749; x_wconf 66' lang='grc' dir='ltr'>ὃς</span> <span class='ocrx_word' id='word_1_101' title='bbox 1589 705 1849 766; x_wconf 74' lang='lat' dir='ltr'>aequalibus</span> <span class='ocrx_word' id='word_1_102' title='bbox 1873 708 1983 753; x_wconf 85' lang='lat' dir='ltr'>meis</span> <span class='ocrx_word' id='word_1_103' title='bbox 2007 724 2121 755; x_wconf 84' lang='lat' dir='ltr'>con·</span> 
     </span>
     <span class='ocr_line' id='line_1_10' title="bbox 17 763 2120 836; baseline 0.001 -19"><span class='ocrx_word' id='word_1_104' title='bbox 17 771 156 836; x_wconf 68' lang='lat' dir='ltr'>jicere</span> <span class='ocrx_word' id='word_1_105' title='bbox 191 770 365 831; x_wconf 85' lang='lat' dir='ltr'>liquet,</span> <span class='ocrx_word' id='word_1_106' title='bbox 397 779 503 813; x_wconf 87' lang='lat' dir='ltr'>ante</span> <span class='ocrx_word' id='word_1_107' title='bbox 534 781 677 811; x_wconf 83' lang='lat' dir='ltr'>annos</span> <span class='ocrx_word' id='word_1_108' title='bbox 708 763 904 826; x_wconf 78' lang='lat' dir='ltr'>amplius</span> <span class='ocrx_word' id='word_1_109' title='bbox 936 764 1245 826; x_wconf 80' lang='lat' dir='ltr'>quingentos3</span> <span class='ocrx_word' id='word_1_110' title='bbox 1283 766 1502 827; x_wconf 81' lang='lat' dir='ltr'>praestare</span> <span class='ocrx_word' id='word_1_111' title='bbox 1532 767 1748 829; x_wconf 87' lang='lat' dir='ltr'>audeam,</span> <span class='ocrx_word' id='word_1_112' title='bbox 1783 770 2026 834; x_wconf 81' lang='lat' dir='ltr'>saepiffime</span> <span class='ocrx_word' id='word_1_113' title='bbox 2066 774 2120 819; x_wconf 94' lang='lat' dir='ltr'>il-</span> 
     </span>
     <span class='ocr_line' id='line_1_11' title="bbox 19 829 2119 898; baseline 0.001 -15"><span class='ocrx_word' id='word_1_114' title='bbox 19 837 110 883; x_wconf 76' lang='lat' dir='ltr'>lum</span> <span class='ocrx_word' id='word_1_115' title='bbox 144 836 311 881; x_wconf 87' lang='lat' dir='ltr'>audace</span> <span class='ocrx_word' id='word_1_116' title='bbox 335 849 415 897; x_wconf 89' lang='lat' dir='ltr'>per</span> <span class='ocrx_word' id='word_1_117' title='bbox 440 833 595 878; x_wconf 85' lang='lat' dir='ltr'>Deum</span> <span class='ocrx_word' id='word_1_118' title='bbox 621 830 868 893; x_wconf 83' lang='lat' dir='ltr'>exemplo,</span> <span class='ocrx_word' id='word_1_119' title='bbox 901 829 1047 892; x_wconf 83' lang='lat' dir='ltr'>Regii</span> <span class='ocrx_word' id='word_1_120' title='bbox 1069 830 1497 892; x_wconf 81' lang='lat' dir='ltr'>interpretationem</span> <span class='ocrx_word' id='word_1_121' title='bbox 1520 833 1724 880; x_wconf 55' lang='lat' dir='ltr'>Luctatii</span> <span class='ocrx_word' id='word_1_122' title='bbox 1757 839 2040 898; x_wconf 83' lang='lat' dir='ltr'>argumentis</span> <span class='ocrx_word' id='word_1_123' title='bbox 2070 840 2119 886; x_wconf 89' lang='lat' dir='ltr'>in</span> 
     </span>
     <span class='ocr_line' id='line_1_12' title="bbox 20 893 2118 964; baseline 0 -16"><span class='ocrx_word' id='word_1_124' title='bbox 20 901 234 948; x_wconf 71' lang='lat' dir='ltr'>texuisse:</span> <span class='ocrx_word' id='word_1_125' title='bbox 271 898 394 962; x_wconf 88' lang='lat' dir='ltr'>quod</span> <span class='ocrx_word' id='word_1_126' title='bbox 422 912 502 942; x_wconf 90' lang='lat' dir='ltr'>nos</span> <span class='ocrx_word' id='word_1_127' title='bbox 530 896 697 959; x_wconf 81' lang='lat' dir='ltr'>partim</span> <span class='ocrx_word' id='word_1_128' title='bbox 725 893 1005 941; x_wconf 84' lang='lat' dir='ltr'>ostendimus</span> <span class='ocrx_word' id='word_1_129' title='bbox 1021 927 1037 952; x_wconf 90' lang='lat'>,</span> <span class='ocrx_word' id='word_1_130' title='bbox 1070 895 1267 957; x_wconf 87' lang='lat' dir='ltr'>partim,</span> <span class='ocrx_word' id='word_1_131' title='bbox 1303 893 1334 940; x_wconf 86' lang='lat' dir='ltr'>fi</span> <span class='ocrx_word' id='word_1_132' title='bbox 1355 895 1486 958; x_wconf 83' lang='lat' dir='ltr'>jubes</span> <span class='ocrx_word' id='word_1_133' title='bbox 1511 897 1559 944; x_wconf 62' lang='grc' dir='ltr'>ὃς</span> <span class='ocrx_word' id='word_1_134' title='bbox 1581 897 1729 961; x_wconf 79' lang='lat' dir='ltr'>plures</span> <span class='ocrx_word' id='word_1_135' title='bbox 1752 899 1855 947; x_wconf 80' lang='lat' dir='ltr'>libri</span> <span class='ocrx_word' id='word_1_136' title='bbox 1880 904 2118 964; x_wconf 86' lang='lat' dir='ltr'>accedent,</span> 
     </span>
     <span class='ocr_line' id='line_1_13' title="bbox 19 957 2117 1025; baseline 0.001 -13"><span class='ocrx_word' id='word_1_137' title='bbox 19 965 165 1012; x_wconf 78' lang='lat' dir='ltr'>multo</span> <span class='ocrx_word' id='word_1_138' title='bbox 199 965 331 1011; x_wconf 88' lang='lat' dir='ltr'>latius</span> <span class='ocrx_word' id='word_1_139' title='bbox 365 961 610 1025; x_wconf 85' lang='lat' dir='ltr'>aliquando</span> <span class='ocrx_word' id='word_1_140' title='bbox 645 959 865 1006; x_wconf 87' lang='lat' dir='ltr'>ostensuri</span> <span class='ocrx_word' id='word_1_141' title='bbox 898 957 1062 1005; x_wconf 88' lang='lat' dir='ltr'>sumus.</span> <span class='ocrx_word' id='word_1_142' title='bbox 1099 958 1233 1005; x_wconf 84' lang='lat' dir='ltr'>Libri</span> <span class='ocrx_word' id='word_1_143' title='bbox 1256 977 1320 1006; x_wconf 78' lang='lat' dir='ltr'>iv.</span> <span class='ocrx_word' id='word_1_144' title='bbox 1355 961 1411 1006; x_wconf 89' lang='lat' dir='ltr'>de</span> <span class='ocrx_word' id='word_1_145' title='bbox 1434 963 1589 1008; x_wconf 86' lang='lat' dir='ltr'>Ponto</span> <span class='ocrx_word' id='word_1_146' title='bbox 1625 962 1648 1009; x_wconf 75' lang='lat' dir='ltr'>e</span> <span class='ocrx_word' id='word_1_147' title='bbox 1673 965 1850 1011; x_wconf 89' lang='lat' dir='ltr'>duobus</span> <span class='ocrx_word' id='word_1_148' title='bbox 1872 969 2117 1014; x_wconf 85' lang='lat' dir='ltr'>manuscri-</span> 
     </span>
     <span class='ocr_line' id='line_1_14' title="bbox 19 1024 2119 1095; baseline -0 -17"><span class='ocrx_word' id='word_1_149' title='bbox 19 1031 109 1095; x_wconf 70' lang='lat' dir='ltr'>ptis</span> <span class='ocrx_word' id='word_1_150' title='bbox 139 1030 227 1075; x_wconf 86' lang='lat' dir='ltr'>tuis</span> <span class='ocrx_word' id='word_1_151' title='bbox 249 1027 414 1075; x_wconf 87' lang='lat' dir='ltr'>redditi</span> <span class='ocrx_word' id='word_1_152' title='bbox 440 1027 778 1090; x_wconf 82' lang='lat' dir='ltr'>castigatiores,</span> <span class='ocrx_word' id='word_1_153' title='bbox 813 1024 1067 1071; x_wconf 83' lang='lat' dir='ltr'>attulerunt</span> <span class='ocrx_word' id='word_1_154' title='bbox 1093 1024 1208 1070; x_wconf 89' lang='lat' dir='ltr'>mihi</span> <span class='ocrx_word' id='word_1_155' title='bbox 1233 1025 1450 1088; x_wconf 87' lang='lat' dir='ltr'>gaudium</span> <span class='ocrx_word' id='word_1_156' title='bbox 1481 1026 1610 1073; x_wconf 88' lang='lat' dir='ltr'>fimul</span> <span class='ocrx_word' id='word_1_157' title='bbox 1637 1029 1683 1075; x_wconf 84' lang='lat'>&amp;</span> <span class='ocrx_word' id='word_1_158' title='bbox 1708 1029 1915 1077; x_wconf 87' lang='lat' dir='ltr'>dolorem</span> <span class='ocrx_word' id='word_1_159' title='bbox 1942 1033 2119 1094; x_wconf 79' lang='lat' dir='ltr'>prorsus</span> 
     </span>
     <span class='ocr_line' id='line_1_15' title="bbox 19 1089 2119 1160; baseline 0.001 -19"><span class='ocrx_word' id='word_1_160' title='bbox 19 1093 294 1153; x_wconf 80' lang='lat' dir='ltr'>mirificum,</span> <span class='ocrx_word' id='word_1_161' title='bbox 328 1092 543 1157; x_wconf 84' lang='lat' dir='ltr'>gaudium</span> <span class='ocrx_word' id='word_1_162' title='bbox 563 1124 577 1149; x_wconf 83' lang='lat'>,</span> <span class='ocrx_word' id='word_1_163' title='bbox 611 1090 734 1154; x_wconf 89' lang='lat' dir='ltr'>quod</span> <span class='ocrx_word' id='word_1_164' title='bbox 763 1104 859 1136; x_wconf 86' lang='lat' dir='ltr'>eam</span> <span class='ocrx_word' id='word_1_165' title='bbox 887 1089 1054 1135; x_wconf 83' lang='lat' dir='ltr'>laboris</span> <span class='ocrx_word' id='word_1_166' title='bbox 1080 1103 1255 1152; x_wconf 87' lang='lat' dir='ltr'>partem</span> <span class='ocrx_word' id='word_1_167' title='bbox 1291 1091 1401 1136; x_wconf 86' lang='lat' dir='ltr'>mihi</span> <span class='ocrx_word' id='word_1_168' title='bbox 1431 1090 1686 1140; x_wconf 73' lang='lat' dir='ltr'>ademiffes:</span> <span class='ocrx_word' id='word_1_169' title='bbox 1722 1095 1958 1155; x_wconf 88' lang='lat' dir='ltr'>dolorem,</span> <span class='ocrx_word' id='word_1_170' title='bbox 1994 1099 2119 1160; x_wconf 87' lang='lat' dir='ltr'>quod</span> 
     </span>
     <span class='ocr_line' id='line_1_16' title="bbox 18 1151 2118 1224; baseline 0.001 -19"><span class='ocrx_word' id='word_1_171' title='bbox 18 1159 108 1206; x_wconf 81' lang='lat' dir='ltr'>hoc</span> <span class='ocrx_word' id='word_1_172' title='bbox 143 1158 390 1222; x_wconf 81' lang='lat' dir='ltr'>specimine</span> <span class='ocrx_word' id='word_1_173' title='bbox 423 1170 604 1202; x_wconf 85' lang='lat' dir='ltr'>tantum</span> <span class='ocrx_word' id='word_1_174' title='bbox 638 1156 753 1202; x_wconf 87' lang='lat' dir='ltr'>mihi</span> <span class='ocrx_word' id='word_1_175' title='bbox 775 1151 992 1219; x_wconf 67' lang='lat' dir='ltr'>injecisses</span> <span class='ocrx_word' id='word_1_176' title='bbox 1017 1153 1286 1201; x_wconf 86' lang='lat' dir='ltr'>desiderium</span> <span class='ocrx_word' id='word_1_177' title='bbox 1311 1171 1463 1202; x_wconf 86' lang='lat' dir='ltr'>earum</span> <span class='ocrx_word' id='word_1_178' title='bbox 1488 1158 1837 1221; x_wconf 79' lang='lat' dir='ltr'>castigationum</span> <span class='ocrx_word' id='word_1_179' title='bbox 1854 1194 1869 1219; x_wconf 95' lang='lat'>,</span> <span class='ocrx_word' id='word_1_180' title='bbox 1904 1177 2010 1224; x_wconf 82' lang='lat' dir='ltr'>quas</span> <span class='ocrx_word' id='word_1_181' title='bbox 2033 1163 2118 1208; x_wconf 89' lang='lat' dir='ltr'>bo—</span> 
     </span>
     <span class='ocr_line' id='line_1_17' title="bbox 17 1219 2121 1284; baseline 0.001 -14"><span class='ocrx_word' id='word_1_182' title='bbox 17 1224 210 1270; x_wconf 82' lang='lat' dir='ltr'>nusille</span> <span class='ocrx_word' id='word_1_183' title='bbox 239 1225 309 1270; x_wconf 82' lang='lat' dir='ltr'>vir</span> <span class='ocrx_word' id='word_1_184' title='bbox 341 1219 661 1284; x_wconf 74' lang='lat' dir='ltr'>inspiciendas,</span> <span class='ocrx_word' id='word_1_185' title='bbox 697 1236 794 1266; x_wconf 85' lang='lat' dir='ltr'>non</span> <span class='ocrx_word' id='word_1_186' title='bbox 818 1221 953 1266; x_wconf 85' lang='lat' dir='ltr'>etiam</span> <span class='ocrx_word' id='word_1_187' title='bbox 977 1219 1228 1266; x_wconf 85' lang='lat' dir='ltr'>referendas</span> <span class='ocrx_word' id='word_1_188' title='bbox 1255 1221 1278 1266; x_wconf 72' lang='lat' dir='ltr'>a</span> <span class='ocrx_word' id='word_1_189' title='bbox 1301 1233 1346 1265; x_wconf 85' lang='lat' dir='ltr'>te</span> <span class='ocrx_word' id='word_1_190' title='bbox 1368 1223 1563 1283; x_wconf 85' lang='lat' dir='ltr'>accepit.</span> <span class='ocrx_word' id='word_1_191' title='bbox 1634 1224 1750 1269; x_wconf 87' lang='lat' dir='ltr'>Sunt</span> <span class='ocrx_word' id='word_1_192' title='bbox 1777 1224 1912 1270; x_wconf 88' lang='lat' dir='ltr'>iidem</span> <span class='ocrx_word' id='word_1_193' title='bbox 1939 1226 2041 1272; x_wconf 88' lang='lat' dir='ltr'>libri</span> <span class='ocrx_word' id='word_1_194' title='bbox 2065 1227 2121 1272; x_wconf 88' lang='lat' dir='ltr'>de</span> 
     </span>
     <span class='ocr_line' id='line_1_18' title="bbox 16 1285 2122 1350; baseline 0 -14"><span class='ocrx_word' id='word_1_195' title='bbox 16 1289 171 1336; x_wconf 78' lang='lat' dir='ltr'>Ponto</span> <span class='ocrx_word' id='word_1_196' title='bbox 206 1288 342 1335; x_wconf 87' lang='lat' dir='ltr'>sexies</span> <span class='ocrx_word' id='word_1_197' title='bbox 366 1287 490 1350; x_wconf 80' lang='lat' dir='ltr'>apud</span> <span class='ocrx_word' id='word_1_198' title='bbox 523 1300 597 1332; x_wconf 90' lang='lat' dir='ltr'>me</span> <span class='ocrx_word' id='word_1_199' title='bbox 628 1285 805 1332; x_wconf 84' lang='lat' dir='ltr'>calamo</span> <span class='ocrx_word' id='word_1_200' title='bbox 839 1286 1038 1343; x_wconf 79' lang='lat' dir='ltr'>exarati,</span> <span class='ocrx_word' id='word_1_201' title='bbox 1073 1300 1234 1331; x_wconf 84' lang='lat' dir='ltr'>verum</span> <span class='ocrx_word' id='word_1_202' title='bbox 1272 1287 1335 1332; x_wconf 85' lang='lat' dir='ltr'>ita</span> <span class='ocrx_word' id='word_1_203' title='bbox 1374 1300 1586 1345; x_wconf 86' lang='lat' dir='ltr'>recente,</span> <span class='ocrx_word' id='word_1_204' title='bbox 1621 1301 1671 1333; x_wconf 89' lang='lat' dir='ltr'>ut</span> <span class='ocrx_word' id='word_1_205' title='bbox 1699 1291 1927 1335; x_wconf 87' lang='lat' dir='ltr'>neminem</span> <span class='ocrx_word' id='word_1_206' title='bbox 1950 1306 2005 1336; x_wconf 81' lang='lat' dir='ltr'>ex</span> <span class='ocrx_word' id='word_1_207' title='bbox 2034 1292 2122 1338; x_wconf 86' lang='lat' dir='ltr'>illis</span> 
     </span>
     <span class='ocr_line' id='line_1_19' title="bbox 17 1349 2119 1416; baseline 0 -16"><span class='ocrx_word' id='word_1_208' title='bbox 17 1353 176 1416; x_wconf 71' lang='lat' dir='ltr'>putem</span> <span class='ocrx_word' id='word_1_209' title='bbox 215 1367 313 1400; x_wconf 86' lang='lat' dir='ltr'>cce.</span> <span class='ocrx_word' id='word_1_210' title='bbox 348 1364 490 1398; x_wconf 83' lang='lat' dir='ltr'>annos</span> <span class='ocrx_word' id='word_1_211' title='bbox 525 1364 788 1410; x_wconf 87' lang='lat' dir='ltr'>numerare,</span> <span class='ocrx_word' id='word_1_212' title='bbox 826 1350 870 1397; x_wconf 94' lang='lat' dir='ltr'>id</span> <span class='ocrx_word' id='word_1_213' title='bbox 905 1350 1029 1414; x_wconf 90' lang='lat' dir='ltr'>quod</span> <span class='ocrx_word' id='word_1_214' title='bbox 1066 1349 1224 1396; x_wconf 84' lang='lat' dir='ltr'>itidem</span> <span class='ocrx_word' id='word_1_215' title='bbox 1258 1351 1372 1396; x_wconf 87' lang='lat' dir='ltr'>mihi</span> <span class='ocrx_word' id='word_1_216' title='bbox 1398 1350 1474 1397; x_wconf 75' lang='lat' dir='ltr'>usu</span> <span class='ocrx_word' id='word_1_217' title='bbox 1501 1352 1626 1399; x_wconf 85' lang='lat' dir='ltr'>venit</span> <span class='ocrx_word' id='word_1_218' title='bbox 1653 1353 1699 1397; x_wconf 89' lang='lat' dir='ltr'>in</span> <span class='ocrx_word' id='word_1_219' title='bbox 1722 1353 1886 1413; x_wconf 85' lang='lat' dir='ltr'>Fastis,</span> <span class='ocrx_word' id='word_1_220' title='bbox 1921 1370 2119 1416; x_wconf 87' lang='lat' dir='ltr'>quorum</span> 
     </span>
     <span class='ocr_line' id='line_1_20' title="bbox 19 1415 2120 1480; baseline 0 -15"><span class='ocrx_word' id='word_1_221' title='bbox 19 1419 128 1465; x_wconf 65' lang='lat' dir='ltr'>imm</span> <span class='ocrx_word' id='word_1_222' title='bbox 163 1417 272 1465; x_wconf 75' lang='grc' dir='ltr'>06ῗο</span> <span class='ocrx_word' id='word_1_223' title='bbox 306 1417 505 1480; x_wconf 76' lang='lat' dir='ltr'>ejusdem</span> <span class='ocrx_word' id='word_1_224' title='bbox 543 1429 681 1463; x_wconf 83' lang='lat' dir='ltr'>notae</span> <span class='ocrx_word' id='word_1_225' title='bbox 714 1415 990 1480; x_wconf 84' lang='lat' dir='ltr'>exemplaria</span> <span class='ocrx_word' id='word_1_226' title='bbox 1025 1415 1144 1478; x_wconf 85' lang='lat' dir='ltr'>apud</span> <span class='ocrx_word' id='word_1_227' title='bbox 1183 1432 1255 1462; x_wconf 90' lang='lat' dir='ltr'>me</span> <span class='ocrx_word' id='word_1_228' title='bbox 1286 1416 1416 1473; x_wconf 67' lang='lat' dir='ltr'>sunt,</span> <span class='ocrx_word' id='word_1_229' title='bbox 1454 1432 1509 1461; x_wconf 87' lang='lat' dir='ltr'>ne</span> <span class='ocrx_word' id='word_1_230' title='bbox 1542 1432 1658 1462; x_wconf 89' lang='lat' dir='ltr'>unus</span> <span class='ocrx_word' id='word_1_231' title='bbox 1678 1429 1830 1463; x_wconf 88' lang='lat' dir='ltr'>tamen</span> <span class='ocrx_word' id='word_1_232' title='bbox 1851 1418 2002 1466; x_wconf 86' lang='lat' dir='ltr'>inillis</span> <span class='ocrx_word' id='word_1_233' title='bbox 2025 1420 2120 1478; x_wconf 81' lang='lat' dir='ltr'>est,</span> 
     </span>
     <span class='ocr_line' id='line_1_21' title="bbox 21 1480 1713 1545; baseline -0.001 -16"><span class='ocrx_word' id='word_1_234' title='bbox 21 1480 96 1545; x_wconf 59' lang='lat' dir='ltr'>qui</span> <span class='ocrx_word' id='word_1_235' title='bbox 115 1482 291 1530; x_wconf 75' lang='lat' dir='ltr'>versum</span> <span class='ocrx_word' id='word_1_236' title='bbox 316 1484 446 1529; x_wconf 86' lang='lat' dir='ltr'>illum</span> <span class='ocrx_word' id='word_1_237' title='bbox 472 1482 615 1528; x_wconf 79' lang='lat' dir='ltr'>Ennii·</span> <span class='ocrx_word' id='word_1_238' title='bbox 642 1482 720 1527; x_wconf 80' lang='lat' dir='ltr'>lib.</span> <span class='ocrx_word' id='word_1_239' title='bbox 745 1498 783 1528; x_wconf 83' lang='lat'>2..</span> <span class='ocrx_word' id='word_1_240' title='bbox 819 1480 845 1527; x_wconf 69' lang='lat' dir='ltr'>a</span> <span class='ocrx_word' id='word_1_241' title='bbox 867 1494 914 1527; x_wconf 89' lang='lat' dir='ltr'>te</span> <span class='ocrx_word' id='word_1_242' title='bbox 936 1481 993 1526; x_wconf 90' lang='lat' dir='ltr'>de</span> <span class='ocrx_word' id='word_1_243' title='bbox 1016 1480 1206 1527; x_wconf 88' lang='lat' dir='ltr'>meliore</span> <span class='ocrx_word' id='word_1_244' title='bbox 1234 1482 1396 1528; x_wconf 91' lang='lat' dir='ltr'>codice</span> <span class='ocrx_word' id='word_1_245' title='bbox 1422 1480 1681 1527; x_wconf 85' lang='lat' dir='ltr'>restitutum</span> <span class='ocrx_word' id='word_1_246' title='bbox 1698 1515 1713 1540; x_wconf 92' lang='lat'>,</span> 
     </span>
     <span class='ocr_line' id='line_1_22' title="bbox 143 1548 1127 1610; baseline -0.003 -17"><span class='ocrx_word' id='word_1_247' title='bbox 143 1549 260 1595; x_wconf 72' lang='lat' dir='ltr'><em>Unus</em></span> <span class='ocrx_word' id='word_1_248' title='bbox 283 1552 386 1607; x_wconf 75' lang='lat' dir='ltr'>erit,</span> <span class='ocrx_word' id='word_1_249' title='bbox 422 1563 539 1610; x_wconf 77' lang='lat' dir='ltr'>quem</span> <span class='ocrx_word' id='word_1_250' title='bbox 559 1558 607 1593; x_wconf 74' lang='lat' dir='ltr'>tu</span> <span class='ocrx_word' id='word_1_251' title='bbox 631 1548 742 1592; x_wconf 81' lang='lat' dir='ltr'>tolles</span> <span class='ocrx_word' id='word_1_252' title='bbox 765 1549 808 1594; x_wconf 72' lang='lat' dir='ltr'>in</span> <span class='ocrx_word' id='word_1_253' title='bbox 829 1548 993 1592; x_wconf 73' lang='lat' dir='ltr'>caerula</span> <span class='ocrx_word' id='word_1_254' title='bbox 1015 1548 1127 1592; x_wconf 74' lang='lat' dir='ltr'>caeli.</span> 
     </span>
    </p>

    <p class='ocr_par' dir='ltr' id='par_1_3' title="bbox 13 1610 2120 2066">
     <span class='ocr_line' id='line_1_23' title="bbox 18 1610 2118 1676; baseline 0 -18"><span class='ocrx_word' id='word_1_255' title='bbox 18 1612 337 1676; x_wconf 71' lang='lat' dir='ltr'>repraesentet:</span> <span class='ocrx_word' id='word_1_256' title='bbox 375 1628 510 1675; x_wconf 88' lang='lat' dir='ltr'>quem</span> <span class='ocrx_word' id='word_1_257' title='bbox 547 1624 700 1658; x_wconf 82' lang='lat' dir='ltr'>tamen</span> <span class='ocrx_word' id='word_1_258' title='bbox 724 1625 918 1674; x_wconf 84' lang='lat' dir='ltr'>uterque</span> <span class='ocrx_word' id='word_1_259' title='bbox 941 1610 1257 1658; x_wconf 84' lang='lat' dir='ltr'>Walterianus</span> <span class='ocrx_word' id='word_1_260' title='bbox 1280 1612 1326 1657; x_wconf 82' lang='lat' dir='ltr'>in</span> <span class='ocrx_word' id='word_1_261' title='bbox 1350 1612 1759 1673; x_wconf 68' lang='lat' dir='ltr'>Metamorph.14.</span> <span class='ocrx_word' id='word_1_262' title='bbox 1794 1612 1992 1659; x_wconf 86' lang='lat' dir='ltr'>dilucide</span> <span class='ocrx_word' id='word_1_263' title='bbox 2018 1611 2118 1660; x_wconf 84' lang='lat' dir='ltr'>sub-</span> 
     </span>
     <span class='ocr_line' id='line_1_24' title="bbox 15 1674 2117 1741; baseline 0 -17"><span class='ocrx_word' id='word_1_264' title='bbox 15 1674 137 1741; x_wconf 42' lang='lat' dir='ltr'>jiuitf</span> <span class='ocrx_word' id='word_1_265' title='bbox 198 1679 330 1725; x_wconf 82' lang='lat' dir='ltr'>Bona</span> <span class='ocrx_word' id='word_1_266' title='bbox 360 1678 456 1740; x_wconf 83' lang='lat' dir='ltr'>spes</span> <span class='ocrx_word' id='word_1_267' title='bbox 489 1692 563 1723; x_wconf 85' lang='lat' dir='ltr'>me</span> <span class='ocrx_word' id='word_1_268' title='bbox 596 1676 755 1733; x_wconf 82' lang='lat' dir='ltr'>ducit3</span> <span class='ocrx_word' id='word_1_269' title='bbox 793 1677 923 1735; x_wconf 83' lang='lat' dir='ltr'>fore,</span> <span class='ocrx_word' id='word_1_270' title='bbox 958 1686 1009 1722; x_wconf 80' lang='lat' dir='ltr'>ut</span> <span class='ocrx_word' id='word_1_271' title='bbox 1041 1676 1284 1739; x_wconf 80' lang='lat' dir='ltr'>aliquando</span> <span class='ocrx_word' id='word_1_272' title='bbox 1312 1677 1448 1723; x_wconf 89' lang='lat' dir='ltr'>etiam</span> <span class='ocrx_word' id='word_1_273' title='bbox 1477 1677 1525 1722; x_wconf 88' lang='lat' dir='ltr'>in</span> <span class='ocrx_word' id='word_1_274' title='bbox 1550 1676 1644 1722; x_wconf 85' lang='lat' dir='ltr'>aliis</span> <span class='ocrx_word' id='word_1_275' title='bbox 1669 1677 1880 1738; x_wconf 83' lang='lat' dir='ltr'>operibus</span> <span class='ocrx_word' id='word_1_276' title='bbox 1903 1680 2002 1725; x_wconf 83' lang='lat' dir='ltr'>voti</span> <span class='ocrx_word' id='word_1_277' title='bbox 2029 1681 2117 1724; x_wconf 87' lang='lat' dir='ltr'>mei</span> 
     </span>
     <span class='ocr_line' id='line_1_25' title="bbox 13 1740 2120 1806; baseline 0 -18"><span class='ocrx_word' id='word_1_278' title='bbox 13 1749 210 1806; x_wconf 71' lang='lat' dir='ltr'>compos</span> <span class='ocrx_word' id='word_1_279' title='bbox 244 1741 430 1789; x_wconf 71' lang='lat' dir='ltr'>efficiar.</span> <span class='ocrx_word' id='word_1_280' title='bbox 498 1743 575 1788; x_wconf 90' lang='lat' dir='ltr'>Te</span> <span class='ocrx_word' id='word_1_281' title='bbox 609 1757 719 1789; x_wconf 88' lang='lat' dir='ltr'>vero</span> <span class='ocrx_word' id='word_1_282' title='bbox 752 1759 837 1806; x_wconf 87' lang='lat' dir='ltr'>pro</span> <span class='ocrx_word' id='word_1_283' title='bbox 872 1758 955 1801; x_wconf 89' lang='lat' dir='ltr'>eo,</span> <span class='ocrx_word' id='word_1_284' title='bbox 991 1756 1188 1804; x_wconf 83' lang='lat' dir='ltr'>quantus</span> <span class='ocrx_word' id='word_1_285' title='bbox 1220 1742 1283 1787; x_wconf 88' lang='lat' dir='ltr'>est</span> <span class='ocrx_word' id='word_1_286' title='bbox 1311 1740 1548 1803; x_wconf 84' lang='lat' dir='ltr'>utriusque</span> <span class='ocrx_word' id='word_1_287' title='bbox 1584 1742 1630 1787; x_wconf 88' lang='lat' dir='ltr'>in</span> <span class='ocrx_word' id='word_1_288' title='bbox 1662 1757 1756 1786; x_wconf 88' lang='lat' dir='ltr'>rem</span> <span class='ocrx_word' id='word_1_289' title='bbox 1781 1742 2044 1789; x_wconf 68' lang='lat' dir='ltr'>litterariam</span> <span class='ocrx_word' id='word_1_290' title='bbox 2074 1760 2120 1789; x_wconf 87' lang='lat' dir='ltr'>a·</span> 
     </span>
     <span class='ocr_line' id='line_1_26' title="bbox 18 1806 2119 1870; baseline 0 -17"><span class='ocrx_word' id='word_1_291' title='bbox 18 1817 148 1868; x_wconf 70' lang='lat' dir='ltr'>mor,</span> <span class='ocrx_word' id='word_1_292' title='bbox 179 1809 317 1856; x_wconf 80' lang='lat' dir='ltr'>etiam</span> <span class='ocrx_word' id='word_1_293' title='bbox 343 1819 481 1870; x_wconf 78' lang='lat' dir='ltr'>atque</span> <span class='ocrx_word' id='word_1_294' title='bbox 503 1808 641 1853; x_wconf 79' lang='lat' dir='ltr'>etiam</span> <span class='ocrx_word' id='word_1_295' title='bbox 665 1823 811 1870; x_wconf 79' lang='lat' dir='ltr'>rogO,</span> <span class='ocrx_word' id='word_1_296' title='bbox 846 1820 899 1853; x_wconf 92' lang='lat' dir='ltr'>ut</span> <span class='ocrx_word' id='word_1_297' title='bbox 923 1806 1166 1854; x_wconf 76' lang='lat' dir='ltr'>consilium</span> <span class='ocrx_word' id='word_1_298' title='bbox 1185 1807 1232 1854; x_wconf 65' lang='lat'>8:</span> <span class='ocrx_word' id='word_1_299' title='bbox 1254 1807 1513 1853; x_wconf 84' lang='lat' dir='ltr'>institutum</span> <span class='ocrx_word' id='word_1_300' title='bbox 1540 1806 1745 1852; x_wconf 84' lang='lat' dir='ltr'>nostrum</span> <span class='ocrx_word' id='word_1_301' title='bbox 1764 1841 1778 1865; x_wconf 87' lang='lat'>,</span> <span class='ocrx_word' id='word_1_302' title='bbox 1803 1807 1834 1854; x_wconf 87' lang='lat' dir='ltr'>si</span> <span class='ocrx_word' id='word_1_303' title='bbox 1858 1823 1951 1869; x_wconf 90' lang='lat' dir='ltr'>quo</span> <span class='ocrx_word' id='word_1_304' title='bbox 1976 1808 2119 1853; x_wconf 86' lang='lat' dir='ltr'>modo</span> 
     </span>
     <span class='ocr_line' id='line_1_27' title="bbox 19 1870 2116 1936; baseline 0 -18"><span class='ocrx_word' id='word_1_305' title='bbox 19 1872 169 1933; x_wconf 71' lang='lat' dir='ltr'>juvare</span> <span class='ocrx_word' id='word_1_306' title='bbox 200 1885 334 1935; x_wconf 87' lang='lat' dir='ltr'>potes</span> <span class='ocrx_word' id='word_1_307' title='bbox 358 1906 374 1931; x_wconf 86' lang='lat'>,</span> <span class='ocrx_word' id='word_1_308' title='bbox 419 1871 660 1936; x_wconf 82' lang='lat' dir='ltr'>quomodo</span> <span class='ocrx_word' id='word_1_309' title='bbox 699 1872 917 1934; x_wconf 84' lang='lat' dir='ltr'>coepisti,</span> <span class='ocrx_word' id='word_1_310' title='bbox 963 1889 1136 1936; x_wconf 81' lang='lat' dir='ltr'>pergas.</span> <span class='ocrx_word' id='word_1_311' title='bbox 1218 1873 1300 1918; x_wconf 87' lang='lat' dir='ltr'>Ne</span> <span class='ocrx_word' id='word_1_312' title='bbox 1330 1873 1481 1919; x_wconf 76' lang='lat' dir='ltr'>vivam</span> <span class='ocrx_word' id='word_1_313' title='bbox 1507 1904 1521 1929; x_wconf 89' lang='lat'>,</span> <span class='ocrx_word' id='word_1_314' title='bbox 1566 1870 1598 1917; x_wconf 91' lang='lat' dir='ltr'>fi</span> <span class='ocrx_word' id='word_1_315' title='bbox 1634 1871 1725 1917; x_wconf 85' lang='lat' dir='ltr'>hoc</span> <span class='ocrx_word' id='word_1_316' title='bbox 1758 1886 1970 1934; x_wconf 68' lang='lat' dir='ltr'>tempore</span> <span class='ocrx_word' id='word_1_317' title='bbox 2003 1873 2116 1918; x_wconf 77' lang='lat' dir='ltr'>mihi</span> 
     </span>
     <span class='ocr_line' id='line_1_28' title="bbox 17 1935 2118 1999; baseline 0.001 -18"><span class='ocrx_word' id='word_1_318' title='bbox 17 1935 266 1999; x_wconf 77' lang='lat' dir='ltr'>quidquam</span> <span class='ocrx_word' id='word_1_319' title='bbox 295 1939 468 1999; x_wconf 80' lang='lat' dir='ltr'>gratius</span> <span class='ocrx_word' id='word_1_320' title='bbox 491 1936 813 1998; x_wconf 85' lang='lat' dir='ltr'>undecumque</span> <span class='ocrx_word' id='word_1_321' title='bbox 835 1940 1017 1999; x_wconf 87' lang='lat' dir='ltr'>cupiam</span> <span class='ocrx_word' id='word_1_322' title='bbox 1043 1939 1089 1983; x_wconf 73' lang='grc' dir='ltr'>δί</span> <span class='ocrx_word' id='word_1_323' title='bbox 1116 1949 1275 1999; x_wconf 84' lang='lat' dir='ltr'>optem</span> <span class='ocrx_word' id='word_1_324' title='bbox 1301 1936 1523 1983; x_wconf 77' lang='lat' dir='ltr'>accidere.</span> <span class='ocrx_word' id='word_1_325' title='bbox 1561 1935 1702 1994; x_wconf 83' lang='lat' dir='ltr'>Vale,</span> <span class='ocrx_word' id='word_1_326' title='bbox 1720 1937 2001 1998; x_wconf 83' lang='lat' dir='ltr'>Antverpiae</span> <span class='ocrx_word' id='word_1_327' title='bbox 2023 1938 2118 1983; x_wconf 83' lang='lat' dir='ltr'>Ka-</span> 
     </span>
     <span class='ocr_line' id='line_1_29' title="bbox 15 2000 882 2066; baseline 0 -20"><span class='ocrx_word' id='word_1_328' title='bbox 15 2000 135 2066; x_wconf 74' lang='lat' dir='ltr'>lend.</span> <span class='ocrx_word' id='word_1_329' title='bbox 161 2001 377 2065; x_wconf 82' lang='lat' dir='ltr'>Augusti.</span> <span class='ocrx_word' id='word_1_330' title='bbox 401 2002 540 2047; x_wconf 82' lang='lat' dir='ltr'>Anno</span> <span class='ocrx_word' id='word_1_331' title='bbox 566 2017 656 2047; x_wconf 77' lang='lat' dir='ltr'>cio.</span> <span class='ocrx_word' id='word_1_332' title='bbox 675 2016 882 2047; x_wconf 58' lang='lat' dir='ltr'>iamim.</span> 
     </span>
    </p>
   </div>
   <div class='ocr_carea' id='block_1_3' title="bbox 35 2100 2072 2211">
    <p class='ocr_par' dir='ltr' id='par_1_4' title="bbox 35 2100 2072 2211">
     <span class='ocr_line' id='line_1_30' title="bbox 35 2100 2072 2211; baseline -0.003 -22"><span class='ocrx_word' id='word_1_333' title='bbox 35 2100 2072 2211; x_wconf 53' lang='lat' dir='ltr'>JANTONIICONSTANTIFANENSR</span> 
     </span>
    </p>
   </div>
   <div class='ocr_carea' id='block_1_4' title="bbox 452 2236 1671 2300">
    <p class='ocr_par' dir='ltr' id='par_1_5' title="bbox 452 2236 1671 2300">
     <span class='ocr_line' id='line_1_31' title="bbox 452 2236 1671 2300; baseline 0.001 -17"><span class='ocrx_word' id='word_1_334' title='bbox 452 2238 508 2283; x_wconf 90' lang='lat' dir='ltr'>In</span> <span class='ocrx_word' id='word_1_335' title='bbox 545 2237 596 2282; x_wconf 92' lang='lat' dir='ltr'>P.</span> <span class='ocrx_word' id='word_1_336' title='bbox 633 2237 815 2284; x_wconf 80' lang='lat' dir='ltr'>Ovinn</span> <span class='ocrx_word' id='word_1_337' title='bbox 855 2238 1092 2283; x_wconf 71' lang='lat' dir='ltr'>NAsoms</span> <span class='ocrx_word' id='word_1_338' title='bbox 1128 2236 1285 2283; x_wconf 82' lang='lat' dir='ltr'>Fastos</span> <span class='ocrx_word' id='word_1_339' title='bbox 1311 2237 1671 2300; x_wconf 79' lang='lat' dir='ltr'>Argumentum,</span> 
     </span>
    </p>
   </div>
   <div class='ocr_carea' id='block_1_5' title="bbox 14 79 20 722">
    <p class='ocr_par' dir='ltr' id='par_1_6' title="bbox 14 79 20 722">
     <span class='ocr_line' id='line_1_32' title="bbox 14 79 20 722; baseline 0 0"><span class='ocrx_word' id='word_1_340' title='bbox 14 79 20 722; x_wconf 95' lang='lat' dir='ltr'> </span> 
     </span>
    </p>
   </div>
   <div class='ocr_carea' id='block_1_6' title="bbox 6 2320 2136 3203">
    <p class='ocr_par' dir='ltr' id='par_1_7' title="bbox 6 2320 2136 3203">
     <span class='ocr_line' id='line_1_33' title="bbox 6 2320 2121 2464; baseline 0.002 -67"><span class='ocrx_word' id='word_1_341' title='bbox 6 2320 399 2464; x_wconf 80' lang='lat' dir='ltr'>lLUculentum</span> <span class='ocrx_word' id='word_1_342' title='bbox 437 2371 552 2419; x_wconf 88' lang='lat' dir='ltr'>opus</span> <span class='ocrx_word' id='word_1_343' title='bbox 580 2353 805 2413; x_wconf 80' lang='lat' dir='ltr'>Nasonis,</span> <span class='ocrx_word' id='word_1_344' title='bbox 842 2353 965 2416; x_wconf 87' lang='lat' dir='ltr'>quod</span> <span class='ocrx_word' id='word_1_345' title='bbox 1003 2353 1328 2417; x_wconf 77' lang='lat' dir='ltr'>explicandum</span> <span class='ocrx_word' id='word_1_346' title='bbox 1365 2354 1708 2417; x_wconf 80' lang='lat' dir='ltr'>affiimpfimus,</span> <span class='ocrx_word' id='word_1_347' title='bbox 1742 2354 1982 2401; x_wconf 71' lang='lat' dir='ltr'>Fastorum</span> <span class='ocrx_word' id='word_1_348' title='bbox 2009 2357 2121 2402; x_wconf 85' lang='lat' dir='ltr'>titu-</span> 
     </span>
     <span class='ocr_line' id='line_1_34' title="bbox 35 2417 2120 2481; baseline 0 -16"><span class='ocrx_word' id='word_1_349' title='bbox 35 2465 41 2472; x_wconf 71' lang='lat'>,</span> <span class='ocrx_word' id='word_1_350' title='bbox 140 2420 233 2466; x_wconf 90' lang='lat' dir='ltr'>lum</span> <span class='ocrx_word' id='word_1_351' title='bbox 270 2436 321 2466; x_wconf 87' lang='lat' dir='ltr'>ac</span> <span class='ocrx_word' id='word_1_352' title='bbox 357 2436 524 2465; x_wconf 86' lang='lat' dir='ltr'>nomen</span> <span class='ocrx_word' id='word_1_353' title='bbox 558 2421 770 2481; x_wconf 82' lang='lat' dir='ltr'>accepit,</span> <span class='ocrx_word' id='word_1_354' title='bbox 806 2435 899 2464; x_wconf 86' lang='lat' dir='ltr'>non</span> <span class='ocrx_word' id='word_1_355' title='bbox 925 2417 950 2466; x_wconf 68' lang='lat' dir='ltr'>a</span> <span class='ocrx_word' id='word_1_356' title='bbox 972 2419 1115 2465; x_wconf 82' lang='lat' dir='ltr'>Fastis</span> <span class='ocrx_word' id='word_1_357' title='bbox 1150 2419 1334 2477; x_wconf 83' lang='lat' dir='ltr'>diebus,</span> <span class='ocrx_word' id='word_1_358' title='bbox 1370 2419 1415 2464; x_wconf 88' lang='lat' dir='ltr'>id</span> <span class='ocrx_word' id='word_1_359' title='bbox 1447 2421 1511 2466; x_wconf 80' lang='lat' dir='ltr'>est</span> <span class='ocrx_word' id='word_1_360' title='bbox 1544 2419 1691 2478; x_wconf 84' lang='lat' dir='ltr'>festis,</span> <span class='ocrx_word' id='word_1_361' title='bbox 1725 2433 1777 2465; x_wconf 91' lang='lat' dir='ltr'>ut</span> <span class='ocrx_word' id='word_1_362' title='bbox 1800 2420 1935 2466; x_wconf 87' lang='lat' dir='ltr'>multi</span> <span class='ocrx_word' id='word_1_363' title='bbox 1964 2421 2120 2467; x_wconf 78' lang='lat' dir='ltr'>aetatis</span> 
     </span>
     <span class='ocr_line' id='line_1_35' title="bbox 16 2480 2119 2548; baseline 0 -19"><span class='ocrx_word' id='word_1_364' title='bbox 16 2480 185 2531; x_wconf 79' lang='lat' dir='ltr'>nostrae</span> <span class='ocrx_word' id='word_1_365' title='bbox 209 2484 444 2542; x_wconf 85' lang='lat' dir='ltr'>homines,</span> <span class='ocrx_word' id='word_1_366' title='bbox 463 2486 508 2530; x_wconf 83' lang='lat'>&amp;</span> <span class='ocrx_word' id='word_1_367' title='bbox 534 2485 718 2546; x_wconf 87' lang='lat' dir='ltr'>quidem</span> <span class='ocrx_word' id='word_1_368' title='bbox 743 2484 1029 2531; x_wconf 82' lang='lat' dir='ltr'>eruditiffimi</span> <span class='ocrx_word' id='word_1_369' title='bbox 1056 2483 1163 2530; x_wconf 79' lang='lat' dir='ltr'>falso</span> <span class='ocrx_word' id='word_1_370' title='bbox 1188 2483 1493 2543; x_wconf 82' lang='lat' dir='ltr'>arbitrantur,</span> <span class='ocrx_word' id='word_1_371' title='bbox 1530 2501 1643 2548; x_wconf 88' lang='lat' dir='ltr'>quos</span> <span class='ocrx_word' id='word_1_372' title='bbox 1658 2485 1777 2531; x_wconf 76' lang='lat' dir='ltr'>Festi</span> <span class='ocrx_word' id='word_1_373' title='bbox 1793 2487 2006 2548; x_wconf 27' lang='lat' dir='ltr'>Pompe-ji</span> <span class='ocrx_word' id='word_1_374' title='bbox 2030 2499 2119 2530; x_wconf 85' lang='lat' dir='ltr'>tra-</span> 
     </span>
     <span class='ocr_line' id='line_1_36' title="bbox 15 2547 2118 2612; baseline 0.001 -19"><span class='ocrx_word' id='word_1_375' title='bbox 15 2547 127 2595; x_wconf 85' lang='lat' dir='ltr'>ditio</span> <span class='ocrx_word' id='word_1_376' title='bbox 165 2566 259 2596; x_wconf 87' lang='lat' dir='ltr'>non</span> <span class='ocrx_word' id='word_1_377' title='bbox 296 2549 525 2596; x_wconf 61' lang='lat' dir='ltr'>intellecta</span> <span class='ocrx_word' id='word_1_378' title='bbox 559 2549 743 2612; x_wconf 87' lang='lat' dir='ltr'>decepit</span> <span class='ocrx_word' id='word_1_379' title='bbox 772 2567 780 2594; x_wconf 91' lang='lat'>:</span> <span class='ocrx_word' id='word_1_380' title='bbox 829 2548 900 2594; x_wconf 90' lang='lat' dir='ltr'>sed</span> <span class='ocrx_word' id='word_1_381' title='bbox 930 2547 955 2595; x_wconf 70' lang='lat' dir='ltr'>a</span> <span class='ocrx_word' id='word_1_382' title='bbox 979 2549 1146 2608; x_wconf 82' lang='lat' dir='ltr'>Fastis,</span> <span class='ocrx_word' id='word_1_383' title='bbox 1182 2548 1274 2595; x_wconf 87' lang='lat' dir='ltr'>hoc</span> <span class='ocrx_word' id='word_1_384' title='bbox 1302 2549 1393 2608; x_wconf 83' lang='lat' dir='ltr'>est,</span> <span class='ocrx_word' id='word_1_385' title='bbox 1429 2549 1554 2596; x_wconf 87' lang='lat' dir='ltr'>libris</span> <span class='ocrx_word' id='word_1_386' title='bbox 1588 2549 1847 2606; x_wconf 76' lang='lat' dir='ltr'>annalibus,</span> <span class='ocrx_word' id='word_1_387' title='bbox 1884 2551 2003 2596; x_wconf 87' lang='lat' dir='ltr'>unde</span> <span class='ocrx_word' id='word_1_388' title='bbox 2027 2566 2118 2595; x_wconf 85' lang='lat' dir='ltr'>ma-</span> 
     </span>
     <span class='ocr_line' id='line_1_37' title="bbox 13 2614 2117 2678; baseline 0.001 -20"><span class='ocrx_word' id='word_1_389' title='bbox 13 2627 148 2676; x_wconf 84' lang='lat' dir='ltr'>gnam</span> <span class='ocrx_word' id='word_1_390' title='bbox 174 2628 345 2676; x_wconf 84' lang='lat' dir='ltr'>partem</span> <span class='ocrx_word' id='word_1_391' title='bbox 372 2614 507 2678; x_wconf 76' lang='lat' dir='ltr'>hujus</span> <span class='ocrx_word' id='word_1_392' title='bbox 530 2615 680 2677; x_wconf 89' lang='lat' dir='ltr'>operis</span> <span class='ocrx_word' id='word_1_393' title='bbox 705 2627 949 2677; x_wconf 77' lang='lat' dir='ltr'>exceptam</span> <span class='ocrx_word' id='word_1_394' title='bbox 973 2614 1084 2672; x_wconf 82' lang='lat' dir='ltr'>esse,</span> <span class='ocrx_word' id='word_1_395' title='bbox 1120 2627 1255 2660; x_wconf 83' lang='lat' dir='ltr'>autor</span> <span class='ocrx_word' id='word_1_396' title='bbox 1278 2614 1490 2660; x_wconf 82' lang='lat' dir='ltr'>ostendit.</span> <span class='ocrx_word' id='word_1_397' title='bbox 1527 2627 1606 2671; x_wconf 87' lang='lat' dir='ltr'>ut,</span> <span class='ocrx_word' id='word_1_398' title='bbox 1632 2616 1761 2661; x_wconf 72' lang='lat' dir='ltr'>Sacra</span> <span class='ocrx_word' id='word_1_399' title='bbox 1783 2616 2020 2677; x_wconf 63' lang='lat' dir='ltr'>recognosces</span> <span class='ocrx_word' id='word_1_400' title='bbox 2042 2632 2117 2660; x_wconf 74' lang='lat' dir='ltr'>cm-</span> 
     </span>
     <span class='ocr_line' id='line_1_38' title="bbox 14 2679 2119 2742; baseline 0.001 -20"><span class='ocrx_word' id='word_1_401' title='bbox 14 2680 170 2739; x_wconf 67' lang='lat' dir='ltr'>milbus</span> <span class='ocrx_word' id='word_1_402' title='bbox 192 2691 310 2725; x_wconf 69' lang='lat' dir='ltr'>erum</span> <span class='ocrx_word' id='word_1_403' title='bbox 323 2680 483 2742; x_wconf 75' lang='lat' dir='ltr'>pmscis.</span> <span class='ocrx_word' id='word_1_404' title='bbox 519 2679 566 2726; x_wconf 83' lang='lat'>&amp;</span> <span class='ocrx_word' id='word_1_405' title='bbox 589 2679 736 2726; x_wconf 86' lang='lat' dir='ltr'>idem:</span> <span class='ocrx_word' id='word_1_406' title='bbox 776 2681 908 2726; x_wconf 67' lang='lat' dir='ltr'>Sacra</span> <span class='ocrx_word' id='word_1_407' title='bbox 933 2696 1057 2738; x_wconf 78' lang='lat' dir='ltr'>cano,</span> <span class='ocrx_word' id='word_1_408' title='bbox 1082 2683 1329 2741; x_wconf 66' lang='lat' dir='ltr'>stgmz&#39;aque</span> <span class='ocrx_word' id='word_1_409' title='bbox 1354 2691 1535 2739; x_wconf 65' lang='lat' dir='ltr'>tempora</span> <span class='ocrx_word' id='word_1_410' title='bbox 1560 2679 1709 2740; x_wconf 69' lang='lat' dir='ltr'>Fastis.</span> <span class='ocrx_word' id='word_1_411' title='bbox 1769 2680 1894 2725; x_wconf 84' lang='lat' dir='ltr'>Nam</span> <span class='ocrx_word' id='word_1_412' title='bbox 1925 2679 2119 2726; x_wconf 78' lang='lat' dir='ltr'>lfidorus</span> 
     </span>
     <span class='ocr_line' id='line_1_39' title="bbox 15 2742 2115 2808; baseline 0 -21"><span class='ocrx_word' id='word_1_413' title='bbox 15 2742 181 2789; x_wconf 84' lang='lat' dir='ltr'>nullam</span> <span class='ocrx_word' id='word_1_414' title='bbox 207 2742 344 2790; x_wconf 89' lang='lat' dir='ltr'>fidem</span> <span class='ocrx_word' id='word_1_415' title='bbox 372 2760 599 2803; x_wconf 83' lang='lat' dir='ltr'>meretur,</span> <span class='ocrx_word' id='word_1_416' title='bbox 635 2746 713 2808; x_wconf 91' lang='lat' dir='ltr'>qui</span> <span class='ocrx_word' id='word_1_417' title='bbox 740 2761 766 2790; x_wconf 81' lang='lat' dir='ltr'>a</span> <span class='ocrx_word' id='word_1_418' title='bbox 788 2743 999 2803; x_wconf 87' lang='lat' dir='ltr'>fastibus,</span> <span class='ocrx_word' id='word_1_419' title='bbox 1036 2746 1081 2790; x_wconf 83' lang='lat' dir='ltr'>id</span> <span class='ocrx_word' id='word_1_420' title='bbox 1103 2745 1195 2802; x_wconf 81' lang='lat' dir='ltr'>est,</span> <span class='ocrx_word' id='word_1_421' title='bbox 1230 2744 1532 2808; x_wconf 84' lang='lat' dir='ltr'>potestatibus</span> <span class='ocrx_word' id='word_1_422' title='bbox 1568 2751 1649 2805; x_wconf 88' lang='lat' dir='ltr'>(ut</span> <span class='ocrx_word' id='word_1_423' title='bbox 1674 2743 1793 2789; x_wconf 85' lang='lat' dir='ltr'>idem</span> <span class='ocrx_word' id='word_1_424' title='bbox 1825 2743 1916 2798; x_wconf 87' lang='lat' dir='ltr'>ait)</span> <span class='ocrx_word' id='word_1_425' title='bbox 1954 2743 2115 2791; x_wconf 87' lang='lat' dir='ltr'>Ovidii</span> 
     </span>
     <span class='ocr_line' id='line_1_40' title="bbox 15 2799 2117 2872; baseline 0 -20"><span class='ocrx_word' id='word_1_426' title='bbox 15 2799 153 2869; x_wconf 74' lang='lat' dir='ltr'>Fastis</span> <span class='ocrx_word' id='word_1_427' title='bbox 177 2823 348 2854; x_wconf 87' lang='lat' dir='ltr'>nomen</span> <span class='ocrx_word' id='word_1_428' title='bbox 375 2809 570 2855; x_wconf 78' lang='lat' dir='ltr'>inditum</span> <span class='ocrx_word' id='word_1_429' title='bbox 597 2822 747 2872; x_wconf 86' lang='lat' dir='ltr'>putat.</span> <span class='ocrx_word' id='word_1_430' title='bbox 798 2811 917 2857; x_wconf 84' lang='lat' dir='ltr'>Sunt</span> <span class='ocrx_word' id='word_1_431' title='bbox 941 2823 1091 2855; x_wconf 79' lang='lat' dir='ltr'>autem</span> <span class='ocrx_word' id='word_1_432' title='bbox 1116 2810 1261 2870; x_wconf 75' lang='lat' dir='ltr'>Fasti,</span> <span class='ocrx_word' id='word_1_433' title='bbox 1296 2821 1457 2855; x_wconf 85' lang='lat' dir='ltr'>autore</span> <span class='ocrx_word' id='word_1_434' title='bbox 1484 2809 1674 2867; x_wconf 82' lang='lat' dir='ltr'>Servio,</span> <span class='ocrx_word' id='word_1_435' title='bbox 1708 2811 1805 2855; x_wconf 66' lang='lat' dir='ltr'>libri</span> <span class='ocrx_word' id='word_1_436' title='bbox 1832 2810 1988 2855; x_wconf 68' lang='lat' dir='ltr'>dierum</span> <span class='ocrx_word' id='word_1_437' title='bbox 2011 2825 2117 2854; x_wconf 85' lang='lat' dir='ltr'>com-</span> 
     </span>
     <span class='ocr_line' id='line_1_41' title="bbox 11 2872 2117 2937; baseline 0 -19"><span class='ocrx_word' id='word_1_438' title='bbox 11 2875 260 2933; x_wconf 80' lang='lat' dir='ltr'>putationem</span> <span class='ocrx_word' id='word_1_439' title='bbox 283 2873 497 2931; x_wconf 68' lang='lat' dir='ltr'>habentes,</span> <span class='ocrx_word' id='word_1_440' title='bbox 531 2874 610 2919; x_wconf 85' lang='lat' dir='ltr'>ubi</span> <span class='ocrx_word' id='word_1_441' title='bbox 646 2874 776 2935; x_wconf 88' lang='lat' dir='ltr'>(teste</span> <span class='ocrx_word' id='word_1_442' title='bbox 791 2875 1134 2936; x_wconf 71' lang='lat' dir='ltr'>Porphyrione)</span> <span class='ocrx_word' id='word_1_443' title='bbox 1171 2890 1252 2937; x_wconf 85' lang='lat' dir='ltr'>pei·</span> <span class='ocrx_word' id='word_1_444' title='bbox 1273 2873 1477 2920; x_wconf 81' lang='lat' dir='ltr'>consules</span> <span class='ocrx_word' id='word_1_445' title='bbox 1502 2890 1728 2919; x_wconf 80' lang='lat' dir='ltr'>annorum</span> <span class='ocrx_word' id='word_1_446' title='bbox 1753 2889 1993 2919; x_wconf 85' lang='lat' dir='ltr'>numerum</span> <span class='ocrx_word' id='word_1_447' title='bbox 2020 2872 2117 2918; x_wconf 90' lang='lat' dir='ltr'>col-</span> 
     </span>
     <span class='ocr_line' id='line_1_42' title="bbox 8 2927 2136 2999; baseline -0.002 -12"><span class='ocrx_word' id='word_1_448' title='bbox 8 2927 229 2998; x_wconf 74' lang='lat' dir='ltr'>lligebant.</span> <span class='ocrx_word' id='word_1_449' title='bbox 297 2938 401 2984; x_wconf 77' lang='lat' dir='ltr'>Erit</span> <span class='ocrx_word' id='word_1_450' title='bbox 423 2951 573 2983; x_wconf 80' lang='lat' dir='ltr'>autem</span> <span class='ocrx_word' id='word_1_451' title='bbox 599 2938 776 2999; x_wconf 87' lang='lat' dir='ltr'>plenior</span> <span class='ocrx_word' id='word_1_452' title='bbox 797 2937 1016 2985; x_wconf 82' lang='lat' dir='ltr'>diffinitio</span> <span class='ocrx_word' id='word_1_453' title='bbox 1032 2973 1046 2998; x_wconf 95' lang='lat'>,</span> <span class='ocrx_word' id='word_1_454' title='bbox 1085 2938 1112 2984; x_wconf 84' lang='lat' dir='ltr'>fi</span> <span class='ocrx_word' id='word_1_455' title='bbox 1137 2937 1384 2984; x_wconf 86' lang='lat' dir='ltr'>secundum</span> <span class='ocrx_word' id='word_1_456' title='bbox 1411 2939 1643 2984; x_wconf 80' lang='lat' dir='ltr'>Acrouem</span> <span class='ocrx_word' id='word_1_457' title='bbox 1669 2938 1945 2997; x_wconf 75' lang='lat' dir='ltr'>dixerimus,</span> <span class='ocrx_word' id='word_1_458' title='bbox 1980 2938 2136 2998; x_wconf 62' lang='lat' dir='ltr'>Festos-</span> 
     </span>
     <span class='ocr_line' id='line_1_43' title="bbox 9 2991 2117 3065; baseline 0 -18"><span class='ocrx_word' id='word_1_459' title='bbox 9 2991 85 3062; x_wconf 53' lang='lat' dir='ltr'>}ffz.</span> <span class='ocrx_word' id='word_1_460' title='bbox 105 3006 304 3061; x_wconf 73' lang='lat' dir='ltr'>annales„</span> <span class='ocrx_word' id='word_1_461' title='bbox 328 3006 371 3048; x_wconf 71' lang='lat' dir='ltr'>m</span> <span class='ocrx_word' id='word_1_462' title='bbox 393 3005 538 3065; x_wconf 65' lang='lat' dir='ltr'>quibus</span> <span class='ocrx_word' id='word_1_463' title='bbox 559 3006 752 3048; x_wconf 78' lang='lat' dir='ltr'>memoria</span> <span class='ocrx_word' id='word_1_464' title='bbox 781 3013 1005 3063; x_wconf 75' lang='lat' dir='ltr'>temporum</span> <span class='ocrx_word' id='word_1_465' title='bbox 1028 3007 1281 3062; x_wconf 68' lang='lat' dir='ltr'>continetur,</span> <span class='ocrx_word' id='word_1_466' title='bbox 1317 3006 1462 3065; x_wconf 67' lang='lat' dir='ltr'>quique</span> <span class='ocrx_word' id='word_1_467' title='bbox 1485 3005 1542 3049; x_wconf 70' lang='lat' dir='ltr'>ad</span> <span class='ocrx_word' id='word_1_468' title='bbox 1563 3007 1975 3050; x_wconf 59' lang='lat' dir='ltr'>commemorationem</span> <span class='ocrx_word' id='word_1_469' title='bbox 1995 3004 2117 3048; x_wconf 68' lang='lat' dir='ltr'>loono-</span> 
     </span>
     <span class='ocr_line' id='line_1_44' title="bbox 9 3065 2120 3130; baseline 0 -18"><span class='ocrx_word' id='word_1_470' title='bbox 9 3078 101 3119; x_wconf 57' lang='lat' dir='ltr'>Wum</span> <span class='ocrx_word' id='word_1_471' title='bbox 125 3100 140 3125; x_wconf 86' lang='lat'>,</span> <span class='ocrx_word' id='word_1_472' title='bbox 183 3084 374 3114; x_wconf 67' lang='lat' dir='ltr'>rerumve</span> <span class='ocrx_word' id='word_1_473' title='bbox 407 3068 613 3130; x_wconf 62' lang='lat' dir='ltr'>gestarum</span> <span class='ocrx_word' id='word_1_474' title='bbox 649 3069 808 3112; x_wconf 68' lang='lat' dir='ltr'>inventi</span> <span class='ocrx_word' id='word_1_475' title='bbox 843 3069 1036 3115; x_wconf 70' lang='lat' dir='ltr'>dicuntur</span> <span class='ocrx_word' id='word_1_476' title='bbox 1069 3071 1244 3115; x_wconf 73' lang='lat' dir='ltr'>virtutis</span> <span class='ocrx_word' id='word_1_477' title='bbox 1276 3070 1436 3115; x_wconf 67' lang='lat' dir='ltr'>indices.</span> <span class='ocrx_word' id='word_1_478' title='bbox 1474 3068 1644 3114; x_wconf 89' lang='lat' dir='ltr'>Horat.</span> <span class='ocrx_word' id='word_1_479' title='bbox 1678 3069 1723 3114; x_wconf 87' lang='lat' dir='ltr'>in</span> <span class='ocrx_word' id='word_1_480' title='bbox 1749 3084 1795 3129; x_wconf 73' lang='lat'>4.</span> <span class='ocrx_word' id='word_1_481' title='bbox 1820 3068 1974 3114; x_wconf 85' lang='lat' dir='ltr'>Carm.</span> <span class='ocrx_word' id='word_1_482' title='bbox 2011 3065 2120 3113; x_wconf 71' lang='lat' dir='ltr'>Tuas</span> 
     </span>
     <span class='ocr_line' id='line_1_45' title="bbox 6 3127 2116 3203; baseline 0 -29"><span class='ocrx_word' id='word_1_483' title='bbox 6 3127 190 3203; x_wconf 43' lang='lat' dir='ltr'>JQAdguste</span> <span class='ocrx_word' id='word_1_484' title='bbox 224 3135 402 3179; x_wconf 64' lang='lat' dir='ltr'>virtutes</span> <span class='ocrx_word' id='word_1_485' title='bbox 420 3137 464 3179; x_wconf 80' lang='lat' dir='ltr'>m</span> <span class='ocrx_word' id='word_1_486' title='bbox 487 3149 638 3179; x_wconf 69' lang='lat' dir='ltr'>aevum</span> <span class='ocrx_word' id='word_1_487' title='bbox 666 3133 753 3177; x_wconf 74' lang='lat' dir='ltr'>Per</span> <span class='ocrx_word' id='word_1_488' title='bbox 777 3133 917 3178; x_wconf 74' lang='lat' dir='ltr'>titulos</span> <span class='ocrx_word' id='word_1_489' title='bbox 946 3150 1212 3195; x_wconf 72' lang='lat' dir='ltr'>memoresque</span> <span class='ocrx_word' id='word_1_490' title='bbox 1242 3135 1379 3194; x_wconf 57' lang='lat' dir='ltr'>Festos</span> <span class='ocrx_word' id='word_1_491' title='bbox 1412 3143 1609 3178; x_wconf 73' lang='lat' dir='ltr'>aeternet.</span> <span class='ocrx_word' id='word_1_492' title='bbox 1679 3133 1807 3179; x_wconf 88' lang='lat' dir='ltr'>Idem</span> <span class='ocrx_word' id='word_1_493' title='bbox 1844 3135 1890 3179; x_wconf 91' lang='lat' dir='ltr'>in</span> <span class='ocrx_word' id='word_1_494' title='bbox 1925 3132 2116 3178; x_wconf 88' lang='lat' dir='ltr'>eodem:</span> 
     </span>
    </p>
   </div>
   <div class='ocr_carea' id='block_1_7' title="bbox 6 3191 2118 3307">
    <p class='ocr_par' dir='ltr' id='par_1_8' title="bbox 6 3191 2118 3307">
     <span class='ocr_line' id='line_1_46' title="bbox 6 3191 2118 3297; baseline -0.001 -55"><span class='ocrx_word' id='word_1_495' title='bbox 6 3191 245 3262; x_wconf 50' lang='lat' dir='ltr'>{Non-Coae</span> <span class='ocrx_word' id='word_1_496' title='bbox 264 3198 440 3261; x_wconf 71' lang='lat' dir='ltr'>referent</span> <span class='ocrx_word' id='word_1_497' title='bbox 460 3199 559 3259; x_wconf 75' lang='lat' dir='ltr'>jam</span> <span class='ocrx_word' id='word_1_498' title='bbox 589 3199 667 3245; x_wconf 71' lang='lat' dir='ltr'>tibi</span> <span class='ocrx_word' id='word_1_499' title='bbox 688 3211 926 3259; x_wconf 61' lang='lat' dir='ltr'>pmpogme,</span> <span class='ocrx_word' id='word_1_500' title='bbox 961 3200 1056 3245; x_wconf 83' lang='lat' dir='ltr'>Nec</span> <span class='ocrx_word' id='word_1_501' title='bbox 1082 3201 1184 3245; x_wconf 69' lang='lat' dir='ltr'>clari</span> <span class='ocrx_word' id='word_1_502' title='bbox 1214 3200 1367 3260; x_wconf 78' lang='lat' dir='ltr'>lapides</span> <span class='ocrx_word' id='word_1_503' title='bbox 1393 3208 1599 3257; x_wconf 72' lang='lat' dir='ltr'>tempora,</span> <span class='ocrx_word' id='word_1_504' title='bbox 1633 3214 1735 3261; x_wconf 78' lang='lat' dir='ltr'>quae</span> <span class='ocrx_word' id='word_1_505' title='bbox 1756 3199 1887 3260; x_wconf 69' lang='lat' dir='ltr'>st’mel</span> <span class='ocrx_word' id='word_1_506' title='bbox 1903 3201 2007 3244; x_wconf 76' lang='lat' dir='ltr'>notis</span> <span class='ocrx_word' id='word_1_507' title='bbox 2029 3212 2118 3297; x_wconf 53' lang='lat' dir='ltr'>clon-</span> 
     </span>
     <span class='ocr_line' id='line_1_47' title="bbox 2028 3272 2117 3307; baseline 0.011 -1"><span class='ocrx_word' id='word_1_508' title='bbox 2028 3272 2117 3307; x_wconf 69' lang='lat' dir='ltr'>mm</span> 
     </span>
    </p>
   </div>
   <div class='ocr_carea' id='block_1_8' title="bbox 4 2557 11 2750">
    <p class='ocr_par' dir='ltr' id='par_1_9' title="bbox 4 2557 11 2750">
     <span class='ocr_line' id='line_1_48' title="bbox 4 2557 11 2750; baseline 0 958"><span class='ocrx_word' id='word_1_509' title='bbox 4 2557 11 2750; x_wconf 95' lang='lat' dir='ltr'> </span> 
     </span>
    </p>
   </div>
   <div class='ocr_carea' id='block_1_9' title="bbox 6 2751 11 2926">
    <p class='ocr_par' dir='ltr' id='par_1_10' title="bbox 6 2751 11 2926">
     <span class='ocr_line' id='line_1_49' title="bbox 6 2751 11 2926; baseline 0 782"><span class='ocrx_word' id='word_1_510' title='bbox 6 2751 11 2926; x_wconf 95' lang='lat' dir='ltr'> </span> 
     </span>
    </p>
   </div>
  </div>
 </body>
</html>
