2547 3708
860 170 1079 227 1*ss

1230 172 1250 225 1
1395 171 1449 228 S.

485 284 730 352 Corpora
784 278 997 333 These-21
1022 277 1337 348 Cercyonea
1364 293 1539 332 manu.

267 377 368 430 415
407 356 564 434 Haec
593 354 683 407 tibi
701 391 714 415 ‚
753 370 914 426 quem
944 351 1144 405 meritis
1169 349 1411 419 precibus
1438 367 1555 403 mea
1582 348 1814 406 devovet
1841 351 1944 416 ira,

480 427 772 490 Eveniant,
811 438 899 479 aut
925 422 1004 478 his
1030 440 1141 478 non
1165 423 1363 477 leviora
1388 423 1551 477 malis,

115 600 161 660 ire
179 620 366 661 Pausanias
391 621 515 670 passim
539 620 662 657 utitur.
700 615 742 654 Id
762 615 859 653 enim
883 615 921 653 &
939 615 1059 652 versus
1075 626 1143 662 po-

113 673 239 717 stulat,
268 675 305 710 &
328 671 556 720 etymologia
581 678 732 718 quoque
755 665 987 713 comprobat.
1043 667 1140 702 Nam

113 724 243 768 sinim,
275 724 346 760 ἀπὸ
367 720 604 763 «rovensem,
632 718 704 755 hoc
716 716 764 754 est
778 717 973 759 nocendo,
1002 715 1141 754 dietum

112 775 245 813 volunt
267 788 274 811 :
313 773 333 811 a
357 784 433 823 quo
464 771 575 810 verbo
609 769 647 805 &
671 768 805 805 sinonis
837 779 978 804 nornen
1000 767 1143 804 deriva-

111 831 204 863 tum.
261 826 345 862 Fuit
364 833 486 861 autem
506 822 564 858 hic
590 820 701 863 sinis,
732 831 777 856 ex
799 818 997 855 latronibus
1026 829 1140 861 unus,

112 887 206 924 quos
226 875 389 913 Theseus
404 872 609 914 interfecit,
644 869 690 908 de
710 881 786 918 quo
805 869 991 906 Pausanias
1013 869 1049 905 in
1071 869 1140 906 At-

110 927 189 965 ticis
208 927 257 964 ita
273 925 464 964 meminit:
492 922 636 967 δικβᾶσι
657 920 697 956 δὲ
719 923 778 955 τὸν
792 918 998 966 Κηφισσὸν,
1025 919 1140 964 βωμός

111 976 186 1018 §w
206 976 355 1023 ἀρχαῖος
373 973 566 1019 Μειλιχίου
577 972 677 1016 Διὸς,
707 969 770 1007 ἐπὶ
789 973 901 1017 τούτῳ
924 973 1059 1013 Θησεῦς
1070 970 1139 1007 ὑπὸ

111 1029 182 1066 ’τῶν
202 1027 382 1072 ἀπογόνων
402 1026 470 1062 τῶν
489 1019 667 1070 <Dua-dmi)
688 1022 879 1066 κκθαρσίων
898 1021 1018 1068 ’ἔτυχε
1032 1051 1042 1066 ,
1072 1027 1136 1069 λῃ-

111 1081 181 1122 ςόις
212 1077 272 1116 καὶ
300 1077 436 1119 ἄλλους
465 1075 686 1116 ἀποκτείνας
706 1101 717 1119 ,
753 1075 818 1110 καὶ
841 1072 958 1117 Σίνιν,
989 1076 1038 1110 rec
1057 1075 1140 1119 πρὸς

109 1130 266 1171 Πιτθέως
287 1128 456 1174 συγγενῆ.
508 1127 622 1165 Hunc
641 1125 802 1163 eundem
823 1136 910 1162 cum
925 1125 1138 1173 Pityocam-

105 1192 154 1229 pe
174 1180 336 1228 plerique
360 1179 500 1216 faciunt
522 1205 532 1222 ‚
567 1177 613 1215 de
640 1187 717 1224 quo
742 1175 853 1223 paulo
880 1175 957 1222 post
985 1175 1137 1216 dicetur.

105 1231 285 1268 Μῐςηι,
311 1230 393 1266 Fuit
412 1230 472 1266 hic
494 1229 586 1266 latro
606 1226 738 1265 nobilis
752 1254 762 1269 ‚
790 1225 836 1264 ad
857 1226 1033 1264 Isthmum
1057 1228 1136 1265 Co-

106 1281 324 1319 rinthiorum
341 1308 351 1322 ,
366 1280 426 1328 qui
440 1280 549 1317 ramis
571 1278 793 1316 diversarum
808 1278 982 1326 pinorum
1006 1278 1051 1316 ad
1063 1286 1135 1317 ter-

104 1342 182 1370 ram
204 1332 241 1368 vi
266 1330 414 1368 deflexis
430 1330 586 1378 hospites
613 1329 798 1377 alligabat,
828 1335 868 1365 ut
897 1329 1068 1368 arborum
1096 1331 1133 1368 in

101 1381 139 1420 se
159 1381 390 1420 redeuntium
413 1381 556 1429 impetu
573 1379 697 1418 sublati
726 1378 962 1417 miserabilem
992 1382 1028 1418 in
1050 1393 1134 1418 mo-

104 1431 192 1470 dum
229 1432 505 1471 distraherentur
519 1459 528 1475 ,
545 1432 606 1476 *ob
627 1430 829 1469 hocdicstus
850 1430 1135 1476 πιτυοκάμπτης

103 1483 295 1521 incurvans
319 1483 433 1530 pinus.
485 1482 556 1521 Sed
576 1482 649 1530 ipse
676 1482 800 1529 postea
818 1482 967 1520 Theseo
986 1484 1133 1522 vindice

105 1534 242 1573 eodem
261 1534 423 1583 supplicii
439 1545 574 1583 genere
597 1533 709 1570 scelus
730 1533 819 1576 luit,
855 1541 893 1570 ut
915 1543 1059 1572 narrant
1080 1537 1132 1572 A·

101 1584 317 1634 pollodorus
340 1585 400 1623 lib.
423 1597 487 1624 111.
515 1583 704 1623 Diodorus
724 1584 864 1622 Siculus
889 1584 948 1622 lib.
968 1597 1021 1623 1v.
1049 1586 1133 1625 Plu-

102 1637 245 1674 tarchus
277 1638 313 1674 in
343 1635 493 1673 Theseo
514 1664 523 1678 ‚
568 1635 757 1672 Pausanias
783 1635 821 1672 in
852 1635 1100 1675 Corinthiacis
1121 1665 1131 1681 ,

101 1686 276 1736 Hyginus
296 1686 363 1724 fab.
387 1688 445 1735 38.
473 1685 616 1724 Pindari
638 1685 849 1723 Scholiastes
870 1687 908 1724 in
938 1699 1133 1736 argumen-

102 1744 145 1775 to
172 1738 418 1776 Isthmiorum.
470 1737 630 1775 Ovidius
659 1736 732 1784 ipse
754 1736 914 1785 Epistola
934 1739 1132 1788 Phyllidis,

101 1787 191 1827 item
213 1788 271 1826 lib.
295 1801 366 1827 vu.
393 1788 648 1837 Metamorph.
672 1788 726 1826 his
747 1787 928 1828 versibus:

155 1868 291 1907 occidit
309 1870 367 1908 ille
387 1871 495 1917 Sinis,
510 1873 646 1922 magnis
662 1873 754 1910 male
771 1873 908 1911 viribus
927 1875 1006 1921 ustas
1017 1904 1028 1921 ‚

152 1919 226 1965 Qi
240 1928 374 1967 poterat
393 1936 540 1961 curvare
557 1924 670 1961 trabes
682 1952 694 1969 ,
721 1937 764 1965 <9¹
783 1925 904 1974 agebat
924 1926 967 1962 ab
990 1927 1063 1964 alto

155 1968 222 2004 Ad
240 1979 371 2008 terram
387 1973 457 2010 late
476 1974 650 2023 sparsuras
669 1984 804 2024 corpora
817 1977 932 2026 pinus.

103 2043 206 2084 Sinin
238 2061 327 2087 vero
355 2050 431 2088 ἀπὸ
454 2053 517 2088 τοῦ
530 2053 681 2090 σίνεσθαι
700 2056 801 2103 quod
824 2055 873 2093 est
893 2066 1051 2102 nocere,
1078 2058 1132 2096 di-

101 2093 200 2151 Qum
217 2109 318 2145 putat
332 2101 580 2141 Eustathiusin
593 2105 752 2151 primum
767 2105 909 2142 iliados.
935 2106 1133 2148 SALVAGN.

100 2149 190 2202 Srnis
210 2157 285 2186 tam
304 2150 392 2193 hic,
418 2163 530 2199 quarn
556 2155 648 2190 Met.
675 2167 744 2192 vrr.
783 2157 820 2192 ὃς
843 2156 1002 2203 Epistola
1024 2159 1133 2208 Pylli·

79 2195 166 2236 -dls.
192 2200 286 2241 Σίνις
308 2201 354 2238 eli
377 2202 472 2247 apud
494 2202 667 2240 Graecos.
721 2206 870 2242 Herus.

151 2261 239 2298 409.
270 2254 314 2287 Et
334 2251 500 2299 scyram]
533 2253 605 2290 Hic
618 2253 705 2302 Pyla
728 2255 891 2293 Clesonis
914 2256 1056 2305 Lelegis
1067 2257 1130 2295 filii

97 2296 176 2337 filio
197 2310 300 2338 natus
327 2303 417 2346 fuit,
445 2302 469 2340 s1
490 2303 702 2341 Pausaniam
723 2304 921 2354 sequimur.
950 2307 975 2343 fi
1003 2316 1129 2347 autern

96 2348 257 2405 Probum
283 2353 385 2400 super
405 2352 440 2390 id
463 2365 609 2392 carmen
645 2367 674 2392 1.
693 2356 834 2405 Georg.
864 2358 1018 2394 Dileetae
1043 2360 1128 2397 The-

97 2400 376 2450 ttdiHalcyones.
404 2404 698 2451 Polyphemoue.
728 2406 786 2444 sed
805 2420 882 2445 non
896 2410 986 2453 erit,
1013 2419 1104 2458 puto
1119 2439 1130 2455 ,

95 2450 283 2498 ingratum
312 2454 437 2492 lectori
480 2455 634 2500 audire,
678 2458 781 2506 quod
813 2459 912 2497 idem
945 2460 1131 2499 Pausanias

95 2500 213 2558 scribit
229 2504 276 2542 de
308 2504 486 2554 Scyrone.
513 2507 571 2544 Sic
588 2508 686 2545 enirn
709 2510 758 2546 ait
778 2511 814 2547 in
830 2510 987 2549 Atticis:
1043 2513 1131 2551 Mo-

94 2550 251 2591 luridem
279 2567 406 2604 rupem
440 2557 681 2597 Leucotheae
707 2562 744 2597 &
771 2561 981 2599 Palaemoni
1000 2564 1126 2601 conse-

97 2612 252 2659 crarunt.
321 2607 550 2658 reliquasque
604 2611 682 2657 post
740 2611 814 2649 illas
867 2612 1021 2659 pollutas
1070 2628 1124 2652 ar-

94 2649 280 2693 bitrantur.
307 2661 483 2706 quoniam
505 2660 645 2707 Scyron
667 2673 790 2699 earum
813 2664 934 2701 incola
964 2665 1123 2704 advenas

98 2711 248 2758 omnes,
275 2709 338 2754 qui
366 2710 401 2746 in
423 2721 508 2747 eum
530 2712 657 2749 locum
683 2713 891 2752 incidebant
913 2742 924 2758 ,
960 2716 995 2753 in
1021 2728 1121 2755 mare

97 2755 309 2808 emittebat,
337 2761 576 2809 enatabatque
592 2764 735 2800 testudo
756 2776 775 2801 e
793 2765 900 2809 saxis,
928 2768 1121 2815 quaeilluc

95 2804 280 2859 pr0Jectos
306 2811 532 2855 corripiebat.
583 2813 802 2852 Testudines
822 2826 943 2854 autem
960 2819 1121 2857 marinae

95 2854 315 2891 terrestribus
339 2856 466 2897 fimiles
497 2862 574 2898 sunt
595 2874 734 2912 praeter
767 2868 1059 2915 magnitudinem
1082 2872 1119 2907 ὃ(

93 2903 219 2949 pedes,
232 2916 324 2952 quos
335 2906 465 2962 similes
484 2911 608 2957 phocis
619 2914 764 2954 habent.
785 2917 888 2954 Idem
901 2918 1116 2965 supplicium

94 2952 298 3015 Scyronem
317 2958 350 2993 in
366 2957 465 2994 idem
479 2970 576 2999 mare
590 2964 910 3015 aTheseojazstum
934 2972 1114 3018 oppressit.

95 3003 247 3061 Cousr.
264 3007 357 3064 [⁴⁶⁸1
386 3008 550 3047 Theseus
563 3024 743 3059 praeterea
757 3019 946 3057 Scironem
966 3021 1000 3057 in
1016 3033 1114 3059 mare

94 3054 246 3112 abiecit,
274 3059 448 3106 quiJuxta
464 3059 613 3108 Megara
631 3070 814 3114 occupatis
831 3072 1060 3120 petris‚quae
1073 3073 1115 3115 ab

95 3115 143 3142 eo
157 3105 342 3145 Scironiae
360 3109 479 3147 dietae
498 3111 596 3156 sunt,
623 3114 708 3152 inde
727 3129 967 3168 quoscunque
991 3123 1115 3161 naeus

93 3153 180 3193 effet
192 3157 348 3211 hospites
356 3158 550 3198 detrudere
559 3162 708 3209 solebat,
720 3176 759 3203 ut
770 3170 900 3208 author
911 3173 958 3209 est
971 3174 1114 3211 Diodo-

74 3214 153 3243 Arus
173 3207 311 3263 Siculus
326 3210 385 3247 lib.
405 3223 456 3248 iv,
487 3213 672 3251 Pausanias
699 3218 734 3253 in
759 3217 908 3264 Atticis,
937 3223 1118 3272 Euripidis

79 3253 304 3321 l§cholxastes
314 3261 351 3298 in
363 3261 705 3314 Hippolytum.Alii
715 3267 860 3308 tradunt
871 3270 1059 3313 Scironem
1071 3287 1118 3314 eo

2088 501 2236 573 Qua-1

1202 612 1424 659 petulantiae
1443 609 1665 660 progressum
1686 639 1696 657 ‚
1720 611 1969 660 uthospitibus
1986 612 2095 662 pedes
2112 614 2235 655 lavan-

1201 663 1267 701 dos
1283 662 1538 712 protenderet,
1566 671 1675 711 atque
1697 663 1745 699 ita
1769 663 1867 700 calce
1893 675 1957 701 eos
1989 667 2170 711 impetens
2196 668 2235 706 in

1202 725 1302 751 mare
1316 714 1575 760 praecipitaret.
1628 713 1682 750 Ex
1700 713 1893 750 Plutarcho
1907 715 1943 751 in
1959 714 2122 754 Theseo.
2150 718 2234 766 Hy-

1199 765 1290 812 gino
1322 764 1391 800 fab,
1416 764 1475 809 38.
1504 764 1643 800 loanne
1666 764 1808 801 Tzetze
1827 764 1980 802 chiliade
2005 776 2040 803 v.
2070 766 2232 807 Historia

1203 827 1262 852 10.
1291 814 1470 851 Scironias
1502 822 1618 861 petras
1647 823 1814 851 accurate
1842 815 1906 853 suo
1936 827 2041 853 more
2067 816 2232 857 describit

1199 865 1326 903 Strabo
1353 864 1412 901 lib.
1434 876 1484 901 rx.
1521 866 1623 911 Quas
1637 864 1873 902 Pausanias&
1890 865 2079 905 Diodorus
2092 867 2232 913 ἐναγεῖς

1188 915 1564 965 fteleratas.Papinius
1578 915 1635 951 lib.
1650 926 1674 950 1.
1703 915 1886 952 Thebaid.
1913 916 2074 962 infames,
2090 918 2230 957 Seneca

1197 966 1386 1016 Hyppolyro
1410 993 1420 1010 ,
1462 965 1581 1013 scelere
1604 964 1729 1001 nobiles
1742 974 1894 1010 vocant,
1914 967 1960 1004 de
1987 969 2116 1017 quibus
2135 970 2232 1009 Ovi-

1197 1017 1276 1056 dius
1297 1018 1356 1055 lib.
1375 1028 1446 1054 vir.
1477 1017 1729 1064 Metamorph.

1252 1093 1362 1125 Tutus
1382 1088 1430 1125 ad
1448 1089 1616 1126 Alcathoi
1632 1090 1778 1139 Lelegeia
1794 1089 1930 1127 moenia
1951 1088 2047 1126 limes

1248 1138 1436 1189 Composito
1457 1141 1592 1177 Scirone
1610 1149 1704 1189 patet
1717 1168 1726 1184 ‚
1749 1140 1937 1190 spurfisque
1957 1140 2105 1178 latronis

1246 1194 1351 1226 Terra
1372 1201 1472 1238 negat
1486 1192 1600 1238 sedem
1614 1219 1624 1234 ,
1647 1193 1759 1239 sedem
1783 1202 1881 1240 negat
1901 1190 2012 1239 offibm
2031 1192 2156 1237 unda}

1245 1242 1348 1288 Qua
1362 1241 1503 1289 jaftma
1524 1242 1584 1279 diu
1596 1243 1714 1288 fertur
1733 1242 1863 1290 duraffe
1883 1242 2035 1287 vetustas

1245 1297 1287 1327 In
1303 1292 1452 1341 stipatos,
1470 1292 1618 1342 scopulis
1639 1305 1761 1330 nomen
1782 1293 1925 1330 scironis
1945 1292 2111 1331 inhaeret.

1190 1348 1391 1392 SathGN.

1240 1431 1327 1468 409.
1353 1425 1447 1457 Cum
1469 1419 1703 1469 poliphemone
1714 1429 1820 1458 natus
1833 1418 1867 1470 .]
1894 1421 1965 1458 Hic
1984 1421 2022 1458 &
2042 1422 2230 1469 Procrustes

1190 1479 1448 1520 cognomento
1465 1471 1580 1509 dictus
1600 1472 1669 1511 est:
1700 1471 1917 1516 Procrustes,
1931 1471 2099 1511 Pausania
2118 1474 2228 1519 teste,

1189 1523 1258 1559 fuit
1278 1522 1707 1573 cognominatus‚quern
1719 1523 1884 1561 Theseus
1901 1523 2006 1571 juxta
2028 1524 2227 1571 Cephisum

1190 1571 1346 1610 fluvium
1388 1574 1582 1611 interfecit,
1614 1574 1695 1622 lege
1715 1575 1870 1621 primam
1898 1573 2226 1613 Collec'taneorum

1192 1624 1420 1672 Hecatostyn
1444 1626 1562 1672 capite
1578 1636 1702 1664 rxxn.
1732 1625 1792 1662 ubi
1810 1625 1937 1662 iocum
1959 1625 2062 1663 illum
2082 1626 2120 1663 in
2142 1626 2229 1675 Meff

1191 1674 1487 1723 tamorphofibus
1503 1676 1743 1723 exponimus:

1244 1737 1479 1789 Innixamque
1497 1738 1596 1775 novis
1617 1747 1749 1787 neptem
1773 1737 2029 1788 Polyphemonis
2048 1739 2128 1779 alin*

1194 1800 1348 1839 Cousr.
1377 1802 1471 1839 Fau.
1506 1800 2231 1851 Polypemonelegendum,absqueaspira4

1193 1853 1310 1891 tione.
1324 1853 1372 1890 est
1390 1855 1490 1890 enim
1509 1863 1553 1889 ex
1582 1855 1676 1888 πολὺ
1691 1853 1752 1888 καὶ
1774 1853 1878 1896 πῆμα
1891 1852 2139 1900 compositum
2158 1867 2230 1893 no-

1191 1915 1280 1941 men
1294 1931 1303 1947 ,
1318 1904 1421 1952 quod
1433 1903 1555 1940 multis
1569 1930 1578 1945 ,
1592 1902 1665 1939 five
1677 1903 1913 1941 multifariam
1925 1912 2101 1948 noceret,
2114 1916 2156 1942 ac
2167 1905 2228 1944 da-=

1192 1966 1324 1992 mnum
1343 1954 1504 1991 inferret.
1531 1953 1704 2001 Intelligit
1722 1963 1844 1991 autem
1860 1953 1972 1990 Poeta
1992 1955 2203 1993 Procrusten
2216 1984 2228 2002 ,

1191 2016 1305 2053 quem
1333 2004 1406 2052 ipse
1425 2003 1578 2051 quidem
1608 2004 1875 2051 Polypemonis
1903 2002 2017 2040 filium
2038 2032 2049 2048 ‚
2080 2013 2118 2042 ut
2138 2006 2226 2045 hinc

1191 2063 1358 2102 apparet,
1388 2055 1425 2090 &
1444 2064 1515 2089 una
1534 2064 1616 2090 cum
1641 2062 1739 2100 patre
1762 2052 1948 2097 occisum,
1977 2054 2108 2092 innuit.
2134 2057 2227 2096 Pau-

1189 2105 1301 2143 sanias
1322 2111 1444 2141 autem
1465 2104 1502 2139 &
1518 2103 1576 2139 alii
1600 2103 1760 2141 eundem
1786 2115 1870 2141 cum
1889 2104 2148 2152 Polypemone
2169 2108 2229 2145 fa.

1189 2157 1300 2193 ciunt.
1354 2155 1528 2202 Hyginus
1563 2155 1672 2190 etiam
1714 2155 1894 2201 Neptuno
1925 2162 2025 2201 patre
2053 2157 2222 2203 genitum

1187 2205 1296 2248 dicit,
1325 2206 1419 2241 utin
1444 2203 1534 2249 Cap.
1552 2202 1597 2240 de
1619 2204 1754 2241 Thesei
1772 2204 1965 2241 laboribus.
1992 2205 2114 2243 Verba
2130 2208 2224 2247 Pau-

1186 2255 1304 2292 saniae
1322 2255 1402 2292 sunt
1422 2254 1511 2290 haec
1528 2254 1564 2290 in
1586 2254 1741 2292 Atticis:
1769 2256 1852 2299 πρὶς
1875 2256 1985 2302 τούτῳ
2013 2259 2062 2303 τῷ
2082 2259 2224 2305 Κηφισ-

1187 2308 1253 2353 σῷ,
1281 2308 1423 2355 inquit,
1453 2308 1571 2349 λῃςῆν
1593 2304 1972 2351 Πολυπήμονωὸνομκ,
2000 2309 2222 2354 Προκρούςην

1188 2360 1250 2395 καὶ
1272 2358 1467 2397 ἐπίκλησιν
1485 2382 1496 2399 ,
1536 2357 1670 2398 Θησεὺς
1693 2357 1916 2400 ἀπέκτεινε,
1946 2358 2017 2395 &c.
2045 2359 2120 2397 Hic
2142 2363 2221 2400 via-

1187 2418 1285 2448 tores
1314 2416 1437 2456 captos
1459 2435 1470 2451 ‚
1507 2416 1550 2444 ac
1571 2407 1669 2445 led‘ro
1702 2408 1894 2457 impolitos
1912 2436 1922 2452 ‚
1960 2408 2089 2457 quibus
2109 2412 2221 2459 pedes

1188 2461 1372 2499 breviores
1387 2467 1509 2501 erant,
1539 2459 1737 2496 extendere
1749 2461 1783 2496 vi
1797 2459 1952 2506 quadam
1971 2486 1980 2502 ,
1993 2459 2139 2499 &lecto
2157 2475 2221 2501 ae-

1187 2524 1298 2557 quare
1335 2512 1483 2550 solebat.
1535 2509 1649 2547 Unde
1685 2512 1722 2547 &
1766 2512 1982 2555 Προκρούςην
2004 2538 2013 2553 ,
2051 2512 2128 2549 ἀπὸ
2149 2516 2218 2550 τῶν

1184 2567 1375 2609 προκρούειν
1398 2561 1595 2605 videlicet,
1624 2560 1843 2609 appellatum
1865 2561 2005 2598 volunt.
2045 2563 2218 2612 Longio-

1179 2627 1233 2653 res
1260 2624 1385 2652 autem
1410 2613 1507 2650 lecto
1535 2610 1725 2649 existentes
1755 2613 1853 2650 idem
1885 2613 2106 2660 amputabat.
2134 2628 2212 2663 quo

1177 2667 1339 2715 supplicii
1361 2675 1495 2712 genere
1512 2666 1548 2700 ὃς
1563 2664 1634 2711 ipse
1655 2661 1676 2699 a
1699 2663 1849 2701 Theseo
1862 2663 1982 2711 postea
1999 2665 2213 2705 interfectus

1178 2719 1238 2756 est.
1292 2718 1472 2754 Mrcrrr.
1510 2714 1744 2762 Polypemon
1775 2715 1874 2752 idem
1914 2716 1976 2762 qui
2006 2714 2211 2755 Procrustes

1176 2769 1371 2807 Pausaniae
1393 2768 1429 2804 in
1449 2766 1594 2802 Atticis.
1647 2765 1679 2801 Is
1701 2766 1835 2802 manis
1853 2765 2050 2812 hospitibus
2070 2765 2209 2806 led‘cum

1175 2820 1389 2861 ascendere,
1417 2817 1440 2854 fi
1466 2817 1650 2864 longiores
1673 2827 1772 2853 erant
1791 2824 1889 2864 parte
1913 2815 2210 2862 supereminente

1176 2870 1489 2917 praecidebantur.
1517 2867 1578 2904 Sin
1598 2867 1804 2908 breviores,
1832 2866 1874 2903 ad
1896 2866 1980 2903 166111
1999 2869 2206 2908 mensuram

1175 2921 1478 2959 extendebantur.
1534 2917 1634 2954 Hinc
1663 2917 1866 2955 Procrustes
1890 2918 2103 2957 nominatus
2128 2922 2205 2957 ἀπὸ

1174 2974 1236 3008 τοῦ
1258 2973 1470 3016 προκρούειν,
1500 2968 1602 3019 quod
1632 2968 1680 3005 est
1708 2969 1910 3016 impellere.
1962 2970 2052 3015 Quo
2078 2972 2203 3017 postea

1172 3025 1334 3061 cruciatu
1356 3023 1372 3060 a
1398 3021 1547 3059 Theseo
1559 3018 1708 3056 affectus
1730 3020 1797 3063 est,
1827 3031 1871 3056 ex
1884 3019 2057 3057 Diodoro
2080 3022 2204 3058 Siculo

1169 3073 1230 3111 lib.
1252 3087 1303 3112 1v.
1335 3075 1492 3122 Hygino
1512 3072 1582 3107 fab.
1598 3069 1658 3118 38.
1688 3070 1882 3108 Plutarcho
1900 3071 1935 3107 in
1952 3070 2100 3108 Theseo
2119 3072 2200 3118 ‚qui

1171 3124 1349 3162 Procrussi
1369 3122 1556 3161 Damastin
1581 3132 1721 3158 nomen
1741 3120 1843 3158 fuiffe
1861 3120 1991 3164 tradit,
2020 3125 2105 3158 ut&
2120 3122 2206 3159 He-

1172 3176 1327 3223 sychius.
1354 3176 1544 3221 Perperam
1567 3181 1690 3209 autem
1713 3172 1854 3209 Pindari
1875 3174 1912 3208 &
1938 3172 2118 3218 Euripidis
2141 3173 2202 3210 In>-

1172 3235 1347 3275 terpretes
1371 3255 1382 3271 ,
1419 3228 1456 3262 &
1488 3223 1624 3260 Natalis
1653 3224 1791 3260 Comes
1815 3222 2024 3270 Mytholog.
2050 3223 2110 3259 lib.
2130 3236 2204 3262 vu.

1173 3287 1298 3327 cap.9.
1327 3278 1430 3317 Sinin
1450 3285 1535 3316 cum
1556 3273 1743 3360 prognae
1765 3271 2010 3322 confundunvtr
2038 3271 2143 3312 Illum
2157 3274 2204 3313 ad

1691 3331 1711 3371 3
2128 3327 2214 3376 ‚opiz-
