2547 3708
857 163 918 218 P.
993 156 1399 215 OVIDII
1472 155 2000 216 NASONIS

595 259 980 326 Astacidaeque
1009 258 1176 312 modo
1201 257 1373 313 decisa
1395 258 1653 313 cadavere
1681 270 1876 312 trunco

677 334 857 402 Digna
884 330 1041 391 feris,
1080 330 1285 385 homini
1318 331 1377 385 sit
1416 344 1575 399 caput
1603 332 1717 383 esca
1743 344 1912 384 tuum.

609 405 887 478 Quodque
911 402 1088 455 ferunt
1117 403 1355 458 Brotean
1380 401 1557 457 secisse
1585 402 1836 472 cupidine
1863 401 2076 467 mortiS,

464 498 565 551 520

323 682 512 733 phanusin
536 678 708 721 Α’ςακος.
758 675 950 725 Astaciden
969 675 1186 714 Cretensem
1201 675 1358 715 celebrat

323 733 567 772 Callimachus
583 730 767 779 Epigram.
787 740 903 765 xxm.
932 726 1060 765 Burtm.

378 795 462 833 517.
491 781 617 828 Defixa
638 778 854 828 cadavera.]
886 778 1008 826 Decisa
1028 778 1103 816 duo
1125 786 1288 822 veteres,
1308 778 1362 815 le-

322 846 394 884 ge,
424 833 533 881 decisa
552 832 722 868 cadavere
750 840 872 866 trunco
901 830 960 872 &,
993 829 1244 880 Astacidaeque
1264 829 1361 864 modo

324 896 408 923 cum
426 883 540 929 Jureti
563 882 705 920 codice.
732 879 834 930 quod
860 880 898 917 &
920 880 981 917 alii
1005 880 1189 918 viderunt.
1218 880 1366 917 Heius.

326 935 383 972 des
404 933 479 981 fixa
501 933 701 971 Sarravian.

380 984 468 1033 518.
501 984 614 1033 Digna
630 985 724 1030 feras
752 978 948 1028 hemina]
978 980 1106 1028 eDigna
1127 980 1214 1027 feris
1240 979 1364 1029 scripti

327 1036 512 1074 meliores.
541 1034 649 1071 reete.
676 1033 810 1069 homini
851 1031 963 1067 etiam
994 1033 1110 1079 probe
1132 1039 1301 1079 quatuor.
1329 1031 1367 1068 &

328 1098 421 1124 mox
441 1091 590 1122 Brotean
611 1084 793 1121 meliores.
830 1082 980 1121 Hfims.
1004 1081 1168 1119 Hominis
1183 1080 1254 1130 fic.
1266 1095 1292 1119 e.
1304 1081 1370 1118 tui·

337 1137 395 1175 Re
426 1137 489 1174 ius.

384 1148 468 1235 5g19.
494 1183 666 1234 Qodque
679 1186 802 1230 fierunt
835 1183 1067 1233 Brotheum.]
1106 1182 1286 1220 Brotheus
1307 1182 1372 1228 Jo-

330 1237 386 1276 vis
408 1235 500 1274 filius
530 1234 552 1272 a
582 1236 641 1272 sua
671 1235 897 1283 turpitudine
916 1245 1043 1273 nonne
1066 1245 1206 1272 nornen
1223 1233 1371 1277 habuit,

331 1298 447 1337 quare
468 1285 787 1325 immortalitatem
817 1285 953 1335 affequi
986 1296 1062 1323 non
1098 1286 1245 1332 potuit;
1275 1283 1373 1321 unde

333 1350 420 1387 prae
441 1337 570 1375 dolore
585 1364 595 1380 ,
625 1337 662 1373 ἃ
684 1337 769 1384 quia
790 1336 823 1374 se
845 1336 1040 1375 contemni
1060 1335 1230 1378 videbat,
1259 1335 1296 1372 in
1318 1345 1374 1371 ar-

335 1389 449 1427 dente
472 1399 560 1437 pyra
594 1388 689 1424 mori
718 1386 852 1426 voluit.
907 1387 1148 1424 lna-rames.
1179 1386 1253 1422 Hic
1272 1385 1375 1422 locus

335 1439 444 1488 plane
464 1438 555 1476 mihi
578 1437 857 1475 chamaeleonte
871 1437 1083 1474 mutabilior
1103 1435 1375 1480 videtur,adeo

336 1489 402 1528 fibi
424 1501 503 1527 non
537 1487 673 1526 constat
697 1515 708 1532 ‚
745 1488 930 1536 aliamque
960 1486 1108 1524 subinde
1127 1495 1235 1535 atque
1260 1485 1368 1522 aliam

337 1540 683 1587 interpretationem
706 1538 839 1576 sumit:
866 1539 1000 1576 mirum
1022 1538 1122 1574 enim
1145 1547 1257 1585 quam
1273 1538 1372 1573 varie

341 1589 364 1627 a
394 1589 700 1638 praestantissimis
729 1590 812 1626 viris
848 1589 1049 1626 invertatur
1081 1599 1121 1624 ac
1151 1587 1374 1624 sollicitetur.

339 1640 522 1687 Interpres
538 1639 813 1684 BrotheusJovis
824 1638 916 1682 filius
928 1651 996 1678 eac.
1010 1638 1201 1675 Domitius
1215 1637 1377 1674 Calderi-

342 1702 426 1735 nus,
441 1690 603 1728 Brotheus
620 1689 762 1727 Vulcani
773 1701 814 1730 &¹
827 1690 1012 1727 Minervae
1019 1688 1257 1738 filius,propter
1268 1687 1378 1732 defor-

346 1742 512 1780 mitatem
545 1742 610 1779 oris
641 1749 850 1790 contemptus
873 1768 882 1784 ,
916 1741 947 1786 se
974 1740 1014 1776 in
1040 1750 1161 1789 pyram
1199 1738 1380 1775 ardentem

348 1792 501 1839 conjecit.
553 1791 636 1829 Alio
657 1792 794 1827 nomine
816 1791 1037 1828 Erichtonius
1058 1790 1235 1827 dicebatur
1250 1788 1293 1825 ab
1313 1795 1381 1827 Ho-

349 1856 440 1881 mero
464 1870 474 1887 ‚
515 1852 555 1879 ut
579 1842 702 1891 scribit
732 1842 905 1890 Eusebius.
957 1841 1059 1878 Paria
1082 1841 1127 1877 de
1150 1840 1311 1877 Brotheo
1329 1851 1386 1877 rev

346 1893 421 1931 :fert
448 1892 574 1930 natalis
608 1892 747 1929 Comes
781 1891 1036 1940 b‘lythologiae
1068 1891 1129 1927 lib.
1159 1902 1205 1927 11.
1240 1901 1318 1937 cap.
1352 1891 1386 1927 6.

349 1943 478 1981 Ambo
510 1943 583 1980 fine
607 1942 792 1980 Authore.
847 1943 1009 1979 Alciatus
1037 1950 1160 1978 autem
1178 1968 1188 1983 ‚
1216 1941 1269 1977 vir
1289 1951 1387 1977 acer·

348 1994 446 2031 rimo
464 1994 616 2040 ingenio
633 1993 715 2034 ,lib.
733 1996 889 2040 tv.lcap.
913 2005 948 2038 4.
976 1989 1159 2039 Parergon
1177 1991 1289 2038 juris,
1316 1991 1389 2027 hoc

352 2043 532 2082 distichon
555 2043 599 2080 de
620 2043 739 2090 spurio
757 2042 961 2090 suspeetum
985 2041 1127 2078 Ovidio
1149 2039 1299 2077 demere
1311 2052 1387 2079 non

354 2094 494 2132 dubitat
516 2121 526 2137 ‚
565 2095 601 2130 ὃς
633 2093 677 2130 de
709 2093 907 2141 Peregrino
945 2093 1098 2129 Pariano
1139 2090 1387 2138 philosopho,

357 2152 614 2191 cognomento
643 2144 800 2186 Proteo,
829 2143 1048 2190 capiendum
1082 2141 1294 2184 contendit,
1323 2143 1386 2190 qui

358 2194 491 2231 celebri
520 2193 578 2230 die
608 2193 875 2240 Olympiorum
907 2194 941 2229 in
973 2203 1100 2240 pyram
1130 2192 1196 2228 hac
1216 2192 1317 2228 causa
1334 2194 1387 2229 fa-

358 2243 559 2280 brefadtam
589 2243 747 2279 adstante
779 2245 892 2280 totius
919 2242 1096 2278 Graeciae
1131 2249 1319 2278 conventu
1351 2242 1385 2278 se

360 2293 552 2336 condidit,
573 2302 613 2330 ut
633 2293 748 2330 scribit
773 2293 934 2341 Agellius
968 2293 1004 2329 in
1019 2292 1198 2329 Noe'tibus
1216 2291 1273 2329 lib.
1297 2303 1392 2328 xxii.

362 2355 440 2392 cap.
461 2356 514 2380 rr.
551 2344 588 2380 &
622 2343 806 2380 Lucianus
832 2343 1001 2391 peculiari
1032 2341 1154 2379 libello
1176 2369 1186 2384 ‚
1223 2353 1299 2389 quo
1329 2341 1391 2379 de-

363 2395 543 2431 mentiam
577 2394 653 2441 ejus
682 2394 878 2442 explodit,
923 2393 1115 2440 obiterque
1143 2392 1392 2429 Tertullianus

363 2444 427 2482 lib.
460 2444 505 2481 ad
529 2444 723 2492 Martyres.
777 2444 867 2482 Ideo
897 2452 998 2490 putat
1019 2443 1205 2485 Alcimus,
1234 2443 1395 2491 aliquem

369 2494 446 2543 ejus
467 2497 645 2542 temporis
665 2495 862 2532 studiosum
881 2521 889 2536 ‚
903 2492 1397 2541 Lucianiexemplo,homi-

364 2547 420 2582 nis
456 2547 660 2581 memoriae
689 2545 900 2582 illudentem
921 2572 930 2588 ‚
969 2543 1160 2580 Ovidiano
1190 2544 1339 2580 carmini
1359 2545 1395 2580 in

365 2594 444 2632 Ibin
468 2594 745 2632 inseruifl‘eillud
771 2594 959 2631 distichon.
1013 2595 1137 2636 Nam,
1165 2605 1257 2641 quae
1282 2593 1396 2630 Inter-

366 2653 484 2694 pretes
506 2645 550 2681 de
572 2644 734 2681 Brotlieo
757 2645 912 2682 Vulcani
935 2646 971 2682 ὅ(
994 2644 1188 2681 Minervae
1218 2643 1291 2680 filio
1311 2656 1396 2691 pro-

367 2695 537 2733 diderunt
562 2723 570 2738 ‚
611 2696 732 2742 inquit
753 2722 762 2736 .
800 2696 905 2732 nullis
933 2696 1073 2732 idoneis
1095 2695 1305 2731 authoribus
1329 2695 1394 2732 tul-

371 2747 539 2787 ciuntur‚
569 2754 789 2793 apparetque
809 2745 853 2782 ab
875 2747 923 2782 eis
947 2746 980 2781 id
1000 2744 1197 2782 confictum
1221 2745 1397 2793 impostu-

369 2806 445 2834 ram
477 2795 604 2833 lec‘tori
631 2796 843 2833 facientibus
865 2823 874 2838 ,
912 2804 949 2832 ut
973 2795 1147 2831 sane-alias
1166 2807 1212 2832 eo
1235 2797 1270 2833 in
1293 2796 1397 2833 libro.

370 2845 519 2883 Alciato
548 2848 586 2883 F.
609 2846 772 2883 sanetius
793 2844 947 2882 assentiri
979 2845 1135 2882 videtur.
1186 2846 1314 2883 Paulus
1335 2858 1398 2882 au-

370 2902 446 2932 tem
471 2896 684 2944 Leopardus
713 2899 749 2933 in
776 2896 1014 2933 Miscellaneis
1039 2895 1140 2933 lib.1.
1169 2907 1245 2941 cap.
1264 2908 1317 2933 ro.
1331 2897 1397 2933 lios

372 2946 491 2982 versus
521 2947 565 2983 ad
594 2948 818 2984 Axiotlieam
851 2947 924 2983 sive
964 2945 1157 2982 Biotheam
1180 2945 1316 2990 refert,
1353 2948 1398 2983 de

373 2996 476 3044 cujus
496 2998 642 3034 interitu
659 3025 669 3041 ‚
697 3007 836 3044 praeter
855 2995 1066 3034 Diodorum
1102 2995 1262 3032 Siculum
1287 3024 1295 3038 ‚
1328 2998 1396 3033 1³0-

372 3044 524 3091 lyaenus
551 3046 612 3083 lib.
631 3048 1052 3095 v111.Strat-.rgernatum.
1107 3046 1158 3082 lta
1179 3046 1316 3088 scribit,
1338 3047 1397 3083 sed

376 3095 540 3133 Graece:
594 3096 770 3133 Axiothea
786 3097 929 3134 Nicoclis
944 3097 1037 3144 Regis
1056 3109 1164 3139 uxor,
1192 3109 1320 3143 magna
1334 3098 1400 3133 mi-

375 3145 478 3182 litum
510 3146 738 3182 multitudine
774 3149 931 3184 veniente
963 3147 1007 3183 ab
1037 3147 1227 3184 Ptolemaeo
1256 3148 1400 3194 Aegypti

376 3202 459 3244 Rege
477 3196 525 3232 ad
543 3196 807 3236 disturbandum
828 3203 978 3244 Regnum
996 3225 1003 3239 ‚
1033 3210 1111 3234 cum
1126 3197 1267 3233 Nicocles
1282 3199 1398 3233 vitam

371 3245 496 3297 laqueo
507 3245 651 3298 finiſjet,
668 3248 867 3298 fratresque
886 3248 955 3297 ejus
976 3246 1045 3298 sibi
1066 3246 1140 3299 ipsss
1159 3248 1304 3301 mortem
1325 3260 1401 3301 cen-

675 479 785 532 Des
811 489 900 531 tua
922 475 1204 531 succensae
1229 475 1470 531 membra
1496 475 1781 530 cremanda
1810 492 1985 547 pyrae.

2357 546 2442 604 In-

1403 675 1605 725 scivisfent,
1633 676 1704 726 ipsa
1726 687 1941 715 mortuorum
1977 677 2148 715 virtutem
2180 677 2358 716 aemulata
2375 677 2444 724 esti

1405 729 1598 776 sororesque
1619 740 1733 764 eorum
1752 742 1792 764 ac
1812 740 1939 765 matres
1957 742 2142 778 uxoresque
2163 730 2442 773 convocatam&

1416 778 1457 814 iis
1474 776 1658 826 persuafit,
1687 780 1823 828 nequid
1840 792 1955 827 genere
1976 779 2156 827 indignum
2178 781 2443 816 committerent.

1422 827 1503 865 Illae
1521 829 1694 877 persuasae
1708 857 1718 872 ‚
1740 835 1879 874 former
1903 830 2005 867 aulae
2026 830 2202 866 muliebris
2220 831 2345 874 januas
2365 842 2443 866 con-

1418 878 1589 926 cluserunt
1612 907 1622 922 ‚
1659 891 1930 928 recurrentesque
1953 881 2002 916 ad
2031 885 2120 917 tecta
2149 880 2372 917 multitudine
2396 879 2444 916 ci-

1421 931 1522 965 vium
1540 928 1744 978 confluente,
1774 944 1854 979 quos
1876 932 1994 968 liberos
2019 930 2057 966 in
2078 930 2168 967 ulnis
2183 931 2362 975 ferebant,
2389 930 2446 966 in-

1421 982 1626 1023 terfiecerunt
1646 1007 1656 1024 ‚
1695 991 1737 1019 (θ’
1758 982 1834 1029 igne
1860 983 1953 1018 tectis
1981 982 2098 1029 injee‘io
2116 1010 2124 1024 ,
2153 981 2244 1017 aliae
2268 981 2393 1029 gladiis
2409 979 2448 1028 se

1421 1030 1507 1077 ipsas
1527 1030 1720 1067 occiderunt
1734 1058 1742 1073 ,
1771 1030 1859 1066 aliae
1884 1031 2087 1079 confidenter
2106 1034 2141 1069 in
2151 1031 2342 1081 flammam
2363 1030 2448 1079 infi-

1425 1081 1544 1118 lientes
1563 1080 1737 1128 perierunt
1753 1107 1762 1123 ,
1792 1081 1970 1118 Axiothea
1989 1096 2069 1118 vero
2088 1082 2300 1127 ducemsein
2316 1082 2450 1130 pericu-

1426 1132 1468 1168 lis
1496 1131 1660 1181 optimam
1686 1130 1908 1181 praestabat:
1945 1134 2141 1169 cum‘enim
2171 1132 2305 1168 videret
2335 1144 2452 1169 omnes

1427 1183 1549 1231 egregie
1564 1183 1696 1227 jacere,
1726 1192 1801 1219 tum
1821 1193 1863 1221 (φ
1882 1182 1951 1232 ipsa
1967 1184 2144 1232 summisso
2167 1182 2282 1231 gladio
2299 1192 2356 1230 per
2374 1195 2452 1218 cae-

1430 1234 1506 1270 dem
1524 1234 1558 1281 [ε
1577 1233 1615 1270 in
1628 1231 1821 1281 flammam
1848 1236 2007 1283 conjecit,
2034 1244 2074 1270 ut
2096 1247 2136 1270 ne
2159 1245 2292 1270 mortuo
2312 1232 2451 1282 quidem

1429 1293 1559 1333 corpore
1588 1283 1689 1330 hostes
1709 1284 1912 1332 potirentur.
1967 1285 2005 1321 In
2037 1284 2214 1332 aliquibus
2236 1283 2456 1331 exemplari-

1430 1334 1494 1372 bus
1515 1346 1581 1382 pro
1604 1334 1780 1371 Axiothea
1794 1362 1804 1379 ,
1832 1334 1961 1383 legitur
1973 1334 2111 1372 Riothea
2128 1363 2138 1379 ‚
2150 1334 2247 1372 unde
2260 1343 2340 1371 nata
2354 1334 2457 1370 Leo-

1432 1385 1530 1433 pardi
1552 1385 1776 1432 conjterura.
1825 1384 1967 1423 Verum
1997 1386 2108 1432 Janus
2126 1384 2323 1422 Parrhasius
2343 1381 2456 1431 Epist.

1432 1448 1468 1484 9.
1497 1441 1639 1472 Brotum
1665 1435 1751 1483 legit
1775 1448 1784 1472 ε
1821 1447 1906 1472 nam
1931 1442 2052 1473 Brotus
2075 1464 2085 1480 ‚
2121 1437 2268 1483 inquit,
2296 1434 2458 1482 indigena

1417 1487 1494 1534 fuit
1515 1499 1555 1522 ac
1573 1496 1684 1522 terrae
1697 1486 1795 1533 filius
1809 1513 1819 1530 ,
1846 1498 1883 1522 ut
1896 1486 2020 1535 scribit
2049 1491 2258 1528 liv-emerus,
2286 1496 2325 1521 ut
2349 1483 2459 1532 Hesio-

1428 1537 1494 1573 dus
1513 1535 1676 1572 Aetheris
1698 1549 1740 1575 εν
1759 1541 1930 1573 Aurorae.
1982 1543 2099 1573 Natus
2116 1536 2170 1572 hic
2182 1546 2255 1572 erat
2274 1535 2461 1572 immorta-

1432 1586 1474 1624 lis
1488 1615 1496 1630 ,
1523 1587 1579 1632 fied
1599 1600 1678 1622 eum
1693 1597 1835 1623 tantum
1855 1587 1937 1625 lucis
1960 1587 2074 1623 odium
2096 1588 2177 1635 cepit
2191 1613 2202 1626 ‚
2231 1595 2270 1622 ut
2294 1598 2382 1622 novo
2400 1597 2462 1622 ex-

1434 1637 1538 1686 emplo
1566 1639 1725 1673 omnium
1752 1638 1885 1684 primus
1906 1638 2021 1674 vitam
2042 1650 2119 1673 cum
2140 1646 2248 1673 morte
2265 1645 2463 1673 commuta-

1436 1689 1485 1725 rit
1497 1715 1507 1732 ,
1535 1688 1625 1725 unde
1641 1689 1778 1724 Graecis
1795 1688 1918 1733 βρότος
1939 1688 2097 1725 mortalis
2113 1687 2155 1723 ab
2177 1700 2210 1723 eo
2229 1686 2340 1723 diceus
2351 1686 2465 1724 homo.

1436 1739 1542 1776 Idem
1564 1739 1600 1775 in
1622 1738 1876 1776 additamento
1898 1739 1941 1775 ad
1953 1738 2107 1775 eandem
2120 1737 2315 1785 Epistolam
2333 1764 2344 1781 ,
2370 1738 2467 1774 hanc

1436 1789 1620 1827 historiam
1648 1788 1669 1826 ὲ
1693 1788 1937 1826 Colleetaneis
1962 1789 2186 1826 historiarum
2216 1789 2339 1826 refert.
2391 1791 2468 1830 Bpo-

1444 1841 1535 1882 ¹re¹ag
1552 1841 1697 1885 κυνηγὸς
1721 1843 1782 1880 τὴν
1800 1836 1967 1883 Α”ρτεμιν
1982 1839 2041 1875 οὐκ
2054 1838 2168 1882 ἐτίμα
2180 1866 2189 1882 ,
2219 1840 2328 1886 ἔλεγε
2349 1838 2411 1874 καὶ
2422 1837 2469 1879 ὡς

1444 1890 1512 1926 οὐδ’
1532 1891 1598 1926 ὑπὸ
1617 1891 1721 1933 πυρός
1742 1903 1776 1926 τι
1798 1890 1907 1927 πάθοι.
1936 1894 2101 1936 Εμμοινῆς
2121 1890 2177 1926 ὂῧν
2188 1890 2369 1935 ’γενόμενος
2382 1887 2469 1934 ’ἐβοι-

1444 1946 1508 1977 λεν
1531 1940 1567 1982 ἐς
1588 1940 1658 1986 πῦρ
1677 1940 1810 1978 ἑαυτόν.
1839 1947 1973 1979 Broteas
1984 1952 2057 1978 erat
2071 1950 2228 1977 venator.
2260 1946 2291 1976 Is
2301 1939 2395 1977 nullo
2408 1939 2470 1975 ho·

1443 2005 1521 2027 nore
1534 1992 1690 2028 Dianam
1700 1990 1933 2039 dignabatur,
1960 1992 2128 2040 aususque
2147 1991 2253 2028 dicere
2270 1990 2312 2037 est
2331 1989 2470 2027 nullam

1432 2042 1500 2090 sibi
1528 2055 1654 2078 noxam
1668 2044 1711 2078 ab
1725 2043 1797 2089 igne
1808 2041 2025 2092 afferripoffe.
2040 2048 2159 2090 Itaque
2177 2043 2293 2087 furore
2303 2050 2470 2084 correptus

1440 2092 1478 2128 in
1490 2091 1669 2129 ardentem
1681 2105 1797 2139 rogum
1808 2093 2062 2141 praecipitemse
2075 2091 2180 2139 misit,
2193 2091 2354 2138 &periiu
2364 2090 2468 2137 Elige

1439 2142 1570 2186 lector,
1583 2142 1732 2180 fortaffis
1745 2144 1842 2179 enim
1852 2170 1862 2185 ,
1874 2142 2362 2190 saepejaciendoNenerem
2372 2141 2468 2190 jeci⁶

1443 2193 1744 2230 mus.SA1.vAGN.
1761 2198 1918 2228 Proteam
1939 2203 2030 2229 unus
2042 2191 2195 2228 Heinfii.
2223 2197 2381 2228 Broteam
2394 2192 2474 2239 plu·

1440 2242 1929 2280 rimi.BroteasinterTantali
1945 2242 2035 2279 filios
2047 2241 2248 2279 recensetur
2258 2241 2478 2281 aScholiaste

1448 2292 1612 2340 Euripid.
1652 2292 1770 2329 Orest.
1796 2306 1826 2336 ς.
1853 2293 1890 2329 &
1923 2292 1987 2340 qui
2019 2304 2104 2330 eum
2136 2292 2212 2330 fere
2230 2291 2410 2340 exscripsit
2428 2292 2475 2331 ad

1450 2343 1603 2380 verbum
1624 2371 1634 2386 ,
1663 2342 1830 2391 Apostol.
1863 2351 1957 2379 cent.
1979 2354 2095 2380 xviri.
2123 2342 2297 2380 Proverb.
2315 2354 2348 2387 7.
2376 2343 2475 2382 Inter

1453 2393 1625 2441 Lapithas
1645 2395 1755 2431 etiam
1778 2399 1937 2430 Broteam
1958 2401 2142 2431 memorat
2164 2393 2359 2431 Ovid.x11.
2381 2394 2479 2432 Met.

1448 2445 1534 2481 262.
1558 2443 1617 2481 sed
1638 2443 1681 2481 de
1699 2445 1804 2491 hujus
1826 2443 1980 2480 Broteae
2011 2452 2133 2481 morte
2152 2445 2189 2481 &
2211 2444 2289 2480 fatis
2309 2444 2398 2481 nihil
2415 2455 2478 2482 me

1450 2493 1592 2532 novisse
1617 2496 1749 2532 fateor.
1776 2501 1924 2531 Protean
1947 2495 2125 2531 Licinnae
2146 2495 2294 2531 nutricis
2315 2494 2479 2532 Alexan-

1451 2544 1504 2582 dri
1527 2544 1643 2583 filium
1668 2547 1705 2582 8<
1736 2546 1822 2582 Avo
1849 2547 2116 2591 cognominem
2137 2552 2319 2581 memorat
2341 2543 2482 2582 Athen.

1450 2595 1583 2632 lib.1v.
1621 2607 1697 2642 cap.
1720 2608 1750 2632 1.
1787 2596 1821 2632 ὃ(
1842 2607 1877 2633 x.
1901 2607 1935 2638 t).
1984 2595 2020 2630 ὅ(
2052 2605 2190 2630 nomen
2222 2593 2309 2631 illud
2330 2594 2481 2632 Graecis

1451 2645 1615 2693 plurimis
1635 2647 1712 2683 fuit.
1740 2658 1804 2694 pro
1825 2643 2012 2681 cremanda
2035 2644 2072 2681 in
2091 2643 2290 2681 Petaviano
2304 2654 2398 2689 erat,
2411 2655 2483 2682 tre·

1452 2696 1589 2733 menda.
1618 2696 1746 2733 Bonis.

1509 2759 1584 2793 521.
1615 2747 1831 2795 Inclususque
1859 2744 2012 2794 necem]
2050 2744 2284 2782 Callisthenes
2309 2745 2481 2784 historiae

1452 2796 1650 2834 Alexandri
1673 2798 1801 2842 Magni
1819 2796 1992 2843 scriptor,
2021 2795 2098 2843 ejus
2114 2795 2211 2844 juslu
2230 2807 2340 2833 cavea
2362 2796 2481 2834 inclu-

1453 2847 1506 2884 sus
1529 2847 1648 2885 inedia
1681 2848 1796 2894 periit.
1851 2846 2089 2884 turinnes.
2123 2848 2208 2883 Non
2226 2845 2480 2895 justunropus

1455 2898 1526 2934 lioc
1546 2897 1731 2934 scribimus
1754 2925 1763 2939 ‚
1793 2896 1851 2933 sed
1882 2896 2041 2934 studiosis
2066 2905 2208 2934 tantum
2243 2898 2279 2933 δε
2302 2897 2481 2935 industriis

1456 2946 1619 2994 prodesse
1640 2947 1920 2991 contendimus,
1949 2958 2058 2994 atque
2079 2948 2164 2984 idco
2177 2956 2315 2995 quanto
2336 2946 2482 2986 brevius

1454 2997 1529 3034 fieri
1551 2997 1688 3045 potest,
1716 3009 1792 3034 rem
1814 2998 1923 3044 ipsam
1958 2998 2236 3044 perstringimus.
2289 2997 2482 3036 Domitius

1453 3048 1525 3084 hoc
1550 3049 1584 3084 in
1607 3047 1693 3084 loco
1723 3048 1844 3084 nescio
1873 3049 1961 3096 quid
1989 3048 2033 3084 de
2062 3046 2225 3083 Clrerillo
2250 3052 2262 3090 ‚'
2298 3047 2397 3084 malo
2416 3049 2483 3091 illo

1455 3110 1573 3135 rerum
1605 3097 1801 3135 Alexandri
1833 3098 2023 3145 scriptore,
2051 3097 2252 3145 contingit,
2281 3097 2382 3134 nullo
2403 3098 2482 3136 satis

1454 3148 1603 3184 auetore
1625 3158 1725 3184 certo
1742 3176 1751 3191 ,
1779 3160 1863 3185 cuni
1890 3149 1934 3185 de
1959 3146 2177 3184 Callisthene
2198 3147 2421 3194 Philosopho
2442 3150 2482 3186 &

1455 3200 1594 3235 comite
1617 3199 1815 3236 Alexandri
1837 3197 2063 3236 sentiendum
2087 3197 2137 3234 sit.
2190 3198 2263 3234 Hic
2285 3198 2484 3236 Aristotelis

1457 3261 1503 3287 ex
1523 3248 1645 3289 sorore
1661 3261 1803 3299 nepos,
1828 3249 1918 3289 dum
1937 3248 2030 3289 ferre
2043 3247 2391 3298 Regisinsolentiam
2404 3259 2482 3286 non

2399 3297 2483 3347 P0s:
