<?xml version="1.0" encoding="UTF-8"?>
<!DOCTYPE html PUBLIC "-//W3C//DTD XHTML 1.0 Transitional//EN"
    "http://www.w3.org/TR/xhtml1/DTD/xhtml1-transitional.dtd">
<html xmlns="http://www.w3.org/1999/xhtml" xml:lang="en" lang="en">
 <head>
  <title>
</title>
<meta http-equiv="Content-Type" content="text/html;charset=utf-8" />
  <meta name='ocr-system' content='tesseract 3.04.00' />
  <meta name='ocr-capabilities' content='ocr_page ocr_carea ocr_par ocr_line ocrx_word'/>
</head>
<body>
  <div class='ocr_page' id='page_1' title='image "./publiiovidiinaso04ovid_0366.png"; bbox 0 0 2547 3708; ppageno 0'>
   <div class='ocr_carea' id='block_1_1' title="bbox 377 123 1921 210">
    <p class='ocr_par' dir='ltr' id='par_1_1' title="bbox 377 123 1921 210">
     <span class='ocr_line' id='line_1_1' title="bbox 377 123 1921 210; baseline -0.006 -11"><span class='ocrx_word' id='word_1_1' title='bbox 377 150 472 210; x_wconf 76' lang='lat'>184</span> <span class='ocrx_word' id='word_1_2' title='bbox 860 123 1745 193; x_wconf 74' lang='lat' dir='ltr'><strong>DEDICATI&#39;ONES</strong></span> <span class='ocrx_word' id='word_1_3' title='bbox 1822 159 1921 191; x_wconf 59' lang='grc' dir='ltr'>ΕΤ</span> 
     </span>
    </p>
   </div>
   <div class='ocr_carea' id='block_1_2' title="bbox 379 232 2547 300">
    <p class='ocr_par' dir='ltr' id='par_1_2' title="bbox 379 232 2547 300">
     <span class='ocr_line' id='line_1_2' title="bbox 379 232 2547 300; baseline -0.001 -16"><span class='ocrx_word' id='word_1_4' title='bbox 379 253 475 284; x_wconf 89' lang='lat' dir='ltr'>non</span> <span class='ocrx_word' id='word_1_5' title='bbox 496 235 643 298; x_wconf 87' lang='lat' dir='ltr'>aleae,</span> <span class='ocrx_word' id='word_1_6' title='bbox 678 252 772 285; x_wconf 90' lang='lat' dir='ltr'>non</span> <span class='ocrx_word' id='word_1_7' title='bbox 804 235 1011 285; x_wconf 79' lang='lat' dir='ltr'>luxuriae</span> <span class='ocrx_word' id='word_1_8' title='bbox 1039 236 1272 298; x_wconf 89' lang='lat' dir='ltr'>deditam,</span> <span class='ocrx_word' id='word_1_9' title='bbox 1305 254 1402 285; x_wconf 90' lang='lat' dir='ltr'>non</span> <span class='ocrx_word' id='word_1_10' title='bbox 1422 238 1574 285; x_wconf 82' lang='lat' dir='ltr'>ventri</span> <span class='ocrx_word' id='word_1_11' title='bbox 1604 235 1859 300; x_wconf 86' lang='lat' dir='ltr'>somnoque</span> <span class='ocrx_word' id='word_1_12' title='bbox 1879 232 2233 299; x_wconf 85' lang='lat' dir='ltr'><strong>indulgentem,</strong></span> <span class='ocrx_word' id='word_1_13' title='bbox 2267 240 2475 293; x_wconf 84' lang='lat' dir='ltr'>nonaliis</span> <span class='ocrx_word' id='word_1_14' title='bbox 2519 261 2522 266; x_wconf 93' lang='lat'>·</span> <span class='ocrx_word' id='word_1_15' title='bbox 2546 279 2547 282; x_wconf 75' lang='grc'>,</span> 
     </span>
    </p>
   </div>
   <div class='ocr_carea' id='block_1_3' title="bbox 380 301 2483 366">
    <p class='ocr_par' dir='ltr' id='par_1_3' title="bbox 380 301 2483 366">
     <span class='ocr_line' id='line_1_3' title="bbox 380 301 2483 366; baseline 0 -18"><span class='ocrx_word' id='word_1_16' title='bbox 380 303 602 350; x_wconf 71' lang='lat' dir='ltr'>illecebris</span> <span class='ocrx_word' id='word_1_17' title='bbox 621 305 839 350; x_wconf 86' lang='lat' dir='ltr'>irretitam</span> <span class='ocrx_word' id='word_1_18' title='bbox 854 338 869 361; x_wconf 87' lang='lat'>,</span> <span class='ocrx_word' id='word_1_19' title='bbox 902 319 1016 366; x_wconf 84' lang='lat' dir='ltr'>quae</span> <span class='ocrx_word' id='word_1_20' title='bbox 1037 302 1278 366; x_wconf 85' lang='lat' dir='ltr'>generosos</span> <span class='ocrx_word' id='word_1_21' title='bbox 1301 306 1474 350; x_wconf 87' lang='lat' dir='ltr'>animos</span> <span class='ocrx_word' id='word_1_22' title='bbox 1501 303 1722 366; x_wconf 87' lang='lat' dir='ltr'>frangunt</span> <span class='ocrx_word' id='word_1_23' title='bbox 1746 301 1793 347; x_wconf 84' lang='lat'>&amp;</span> <span class='ocrx_word' id='word_1_24' title='bbox 1818 313 2034 346; x_wconf 87' lang='lat' dir='ltr'>enervant</span> <span class='ocrx_word' id='word_1_25' title='bbox 2048 322 2065 356; x_wconf 82' lang='lat'>3</span> <span class='ocrx_word' id='word_1_26' title='bbox 2100 301 2347 362; x_wconf 77' lang='lat' dir='ltr'>sedprimo</span> <span class='ocrx_word' id='word_1_27' title='bbox 2362 308 2483 356; x_wconf 58' lang='lat' dir='ltr'>{affl-.-</span> 
     </span>
    </p>
   </div>
   <div class='ocr_carea' id='block_1_4' title="bbox 380 365 2547 434">
    <p class='ocr_par' dir='ltr' id='par_1_4' title="bbox 380 365 2547 434">
     <span class='ocr_line' id='line_1_4' title="bbox 380 365 2547 434; baseline 0.003 -21"><span class='ocrx_word' id='word_1_28' title='bbox 380 367 494 434; x_wconf 34' lang='lat' dir='ltr'>duis,=</span> <span class='ocrx_word' id='word_1_29' title='bbox 513 370 561 414; x_wconf 90' lang='lat' dir='ltr'>in</span> <span class='ocrx_word' id='word_1_30' title='bbox 594 370 846 415; x_wconf 84' lang='lat' dir='ltr'>litterarum</span> <span class='ocrx_word' id='word_1_31' title='bbox 884 370 1032 414; x_wconf 80' lang='lat' dir='ltr'>studio</span> <span class='ocrx_word' id='word_1_32' title='bbox 1068 367 1266 430; x_wconf 82' lang='lat' dir='ltr'>vigiliis,</span> <span class='ocrx_word' id='word_1_33' title='bbox 1298 368 1462 415; x_wconf 88' lang='lat' dir='ltr'>deinde</span> <span class='ocrx_word' id='word_1_34' title='bbox 1491 367 1741 431; x_wconf 80' lang='lat' dir='ltr'><strong>peregrinis</strong></span> <span class='ocrx_word' id='word_1_35' title='bbox 1770 365 2139 427; x_wconf 66' lang='lat' dir='ltr'>navigationibus</span> <span class='ocrx_word' id='word_1_36' title='bbox 2167 369 2481 432; x_wconf 68' lang='lat' dir='ltr'>exercitatus,</span> <span class='ocrx_word' id='word_1_37' title='bbox 2545 396 2547 398; x_wconf 96' lang='lat'>·</span> 
     </span>
    </p>
   </div>
   <div class='ocr_carea' id='block_1_5' title="bbox 381 429 2484 625">
    <p class='ocr_par' dir='ltr' id='par_1_5' title="bbox 381 429 2484 625">
     <span class='ocr_line' id='line_1_5' title="bbox 381 429 2474 496; baseline 0.001 -17"><span class='ocrx_word' id='word_1_38' title='bbox 381 429 634 479; x_wconf 84' lang='lat' dir='ltr'>multorum</span> <span class='ocrx_word' id='word_1_39' title='bbox 661 435 903 479; x_wconf 80' lang='lat' dir='ltr'>hominum</span> <span class='ocrx_word' id='word_1_40' title='bbox 928 434 974 479; x_wconf 59' lang='grc' dir='ltr'>ἂ</span> <span class='ocrx_word' id='word_1_41' title='bbox 1001 432 1185 479; x_wconf 86' lang='lat' dir='ltr'>urbium</span> <span class='ocrx_word' id='word_1_42' title='bbox 1210 434 1413 479; x_wconf 87' lang='lat' dir='ltr'>moribus</span> <span class='ocrx_word' id='word_1_43' title='bbox 1438 433 1668 496; x_wconf 79' lang='lat' dir='ltr'>cognitis,</span> <span class='ocrx_word' id='word_1_44' title='bbox 1701 429 1980 493; x_wconf 84' lang='lat' dir='ltr'>ampliffimis</span> <span class='ocrx_word' id='word_1_45' title='bbox 1999 429 2172 476; x_wconf 88' lang='lat' dir='ltr'>divitiis</span> <span class='ocrx_word' id='word_1_46' title='bbox 2202 446 2302 495; x_wconf 19' lang='lat' dir='ltr'>non-</span> <span class='ocrx_word' id='word_1_47' title='bbox 2330 433 2474 485; x_wconf 86' lang='lat' dir='ltr'>minus</span> 
     </span>
     <span class='ocr_line' id='line_1_6' title="bbox 382 493 2483 561; baseline -0 -19"><span class='ocrx_word' id='word_1_48' title='bbox 382 497 601 561; x_wconf 84' lang='lat' dir='ltr'>ingenio,</span> <span class='ocrx_word' id='word_1_49' title='bbox 636 514 769 557; x_wconf 87' lang='lat' dir='ltr'>quam</span> <span class='ocrx_word' id='word_1_50' title='bbox 804 498 1066 555; x_wconf 77' lang='lat' dir='ltr'>honestate,</span> <span class='ocrx_word' id='word_1_51' title='bbox 1101 496 1280 554; x_wconf 84' lang='lat' dir='ltr'>solertia</span> <span class='ocrx_word' id='word_1_52' title='bbox 1305 498 1351 544; x_wconf 61' lang='grc' dir='ltr'>ὃς</span> <span class='ocrx_word' id='word_1_53' title='bbox 1379 497 1595 543; x_wconf 81' lang='lat' dir='ltr'>industria</span> <span class='ocrx_word' id='word_1_54' title='bbox 1626 494 1928 558; x_wconf 86' lang='lat' dir='ltr'>comparatis,</span> <span class='ocrx_word' id='word_1_55' title='bbox 1962 493 2017 540; x_wconf 85' lang='lat' dir='ltr'>ab</span> <span class='ocrx_word' id='word_1_56' title='bbox 2048 494 2261 541; x_wconf 88' lang='lat' dir='ltr'>omnibus</span> <span class='ocrx_word' id='word_1_57' title='bbox 2294 498 2483 548; x_wconf 83' lang='lat' dir='ltr'>tandem.</span> 
     </span>
     <span class='ocr_line' id='line_1_7' title="bbox 381 557 2484 625; baseline 0.001 -17"><span class='ocrx_word' id='word_1_58' title='bbox 381 561 779 625; x_wconf 65' lang='lat' dir='ltr'>exipe&amp;atissir1n1s</span> <span class='ocrx_word' id='word_1_59' title='bbox 805 564 852 608; x_wconf 86' lang='lat' dir='ltr'>in</span> <span class='ocrx_word' id='word_1_60' title='bbox 874 564 1063 623; x_wconf 87' lang='lat' dir='ltr'>patriam</span> <span class='ocrx_word' id='word_1_61' title='bbox 1090 561 1224 608; x_wconf 87' lang='lat' dir='ltr'>rediit</span> <span class='ocrx_word' id='word_1_62' title='bbox 1239 587 1259 621; x_wconf 58' lang='lat'>,&gt;</span> <span class='ocrx_word' id='word_1_63' title='bbox 1274 561 1555 624; x_wconf 88' lang='lat' dir='ltr'>equestribus</span> <span class='ocrx_word' id='word_1_64' title='bbox 1574 560 1770 607; x_wconf 86' lang='lat' dir='ltr'>donatus</span> <span class='ocrx_word' id='word_1_65' title='bbox 1793 557 2046 621; x_wconf 73' lang='lat' dir='ltr'>insignibus</span> <span class='ocrx_word' id='word_1_66' title='bbox 2068 557 2095 604; x_wconf 74' lang='lat' dir='ltr'>a</span> <span class='ocrx_word' id='word_1_67' title='bbox 2115 560 2253 622; x_wconf 86' lang='lat' dir='ltr'><strong>Rege</strong></span> <span class='ocrx_word' id='word_1_68' title='bbox 2269 560 2311 605; x_wconf 88' lang='lat' dir='ltr'>C</span> <span class='ocrx_word' id='word_1_69' title='bbox 2315 566 2484 624; x_wconf 87' lang='lat' dir='ltr'>yprio‚:</span> 
     </span>
    </p>
   </div>
   <div class='ocr_carea' id='block_1_6' title="bbox 381 623 2547 689">
    <p class='ocr_par' dir='ltr' id='par_1_6' title="bbox 381 623 2547 689">
     <span class='ocr_line' id='line_1_8' title="bbox 381 623 2547 689; baseline -0 -16"><span class='ocrx_word' id='word_1_70' title='bbox 381 643 458 673; x_wconf 82' lang='lat' dir='ltr'>cul</span> <span class='ocrx_word' id='word_1_71' title='bbox 485 627 545 673; x_wconf 92' lang='lat' dir='ltr'>ob</span> <span class='ocrx_word' id='word_1_72' title='bbox 571 628 741 689; x_wconf 77' lang='lat' dir='ltr'>ingenii</span> <span class='ocrx_word' id='word_1_73' title='bbox 768 628 830 671; x_wconf 86' lang='lat' dir='ltr'>sui</span> <span class='ocrx_word' id='word_1_74' title='bbox 853 627 900 673; x_wconf 81' lang='lat'>&amp;</span> <span class='ocrx_word' id='word_1_75' title='bbox 921 627 1100 689; x_wconf 84' lang='lat' dir='ltr'>generis</span> <span class='ocrx_word' id='word_1_76' title='bbox 1127 627 1416 673; x_wconf 83' lang='lat' dir='ltr'>nobilitatem</span> <span class='ocrx_word' id='word_1_77' title='bbox 1440 639 1535 672; x_wconf 86' lang='lat' dir='ltr'>erat</span> <span class='ocrx_word' id='word_1_78' title='bbox 1556 641 1690 689; x_wconf 86' lang='lat' dir='ltr'>quam</span> <span class='ocrx_word' id='word_1_79' title='bbox 1714 623 2006 670; x_wconf 85' lang='lat' dir='ltr'>chariffimus.</span> <span class='ocrx_word' id='word_1_80' title='bbox 2073 625 2210 670; x_wconf 86' lang='lat' dir='ltr'>Brevi</span> <span class='ocrx_word' id='word_1_81' title='bbox 2245 624 2408 673; x_wconf 86' lang='lat' dir='ltr'>demde</span> <span class='ocrx_word' id='word_1_82' title='bbox 2429 629 2475 677; x_wconf 89' lang='lat' dir='ltr'>in</span> <span class='ocrx_word' id='word_1_83' title='bbox 2529 638 2547 672; x_wconf 82' lang='grc'>’.</span> 
     </span>
    </p>
   </div>
   <div class='ocr_carea' id='block_1_7' title="bbox 381 687 2487 760">
    <p class='ocr_par' dir='ltr' id='par_1_7' title="bbox 381 687 2487 760">
     <span class='ocr_line' id='line_1_9' title="bbox 381 687 2487 760; baseline -0.001 -23"><span class='ocrx_word' id='word_1_84' title='bbox 381 694 527 754; x_wconf 84' lang='lat' dir='ltr'>patria</span> <span class='ocrx_word' id='word_1_85' title='bbox 548 694 698 737; x_wconf 83' lang='lat' dir='ltr'>audita</span> <span class='ocrx_word' id='word_1_86' title='bbox 723 694 876 754; x_wconf 84' lang='lat' dir='ltr'>primo</span> <span class='ocrx_word' id='word_1_87' title='bbox 899 692 1016 737; x_wconf 85' lang='lat' dir='ltr'>illius</span> <span class='ocrx_word' id='word_1_88' title='bbox 1037 693 1239 749; x_wconf 64' lang='lat' dir='ltr'>virtute,</span> <span class='ocrx_word' id='word_1_89' title='bbox 1276 691 1431 754; x_wconf 88' lang='lat' dir='ltr'>postea</span> <span class='ocrx_word' id='word_1_90' title='bbox 1452 692 1589 736; x_wconf 89' lang='lat' dir='ltr'>etiam</span> <span class='ocrx_word' id='word_1_91' title='bbox 1613 692 1661 736; x_wconf 87' lang='lat' dir='ltr'>in</span> <span class='ocrx_word' id='word_1_92' title='bbox 1686 689 1894 736; x_wconf 84' lang='lat' dir='ltr'>maximis</span> <span class='ocrx_word' id='word_1_93' title='bbox 1916 687 2047 734; x_wconf 87' lang='lat' dir='ltr'>rebus</span> <span class='ocrx_word' id='word_1_94' title='bbox 2070 687 2301 760; x_wconf 67' lang='lat' dir='ltr'>perspecta</span> <span class='ocrx_word' id='word_1_95' title='bbox 2324 690 2371 736; x_wconf 85' lang='lat'>&amp;</span> <span class='ocrx_word' id='word_1_96' title='bbox 2395 707 2487 739; x_wconf 87' lang='lat' dir='ltr'>co--.</span> 
     </span>
    </p>
   </div>
   <div class='ocr_carea' id='block_1_8' title="bbox 378 751 2547 883">
    <p class='ocr_par' dir='ltr' id='par_1_8' title="bbox 378 751 2547 883">
     <span class='ocr_line' id='line_1_10' title="bbox 379 751 2547 818; baseline 0.001 -18"><span class='ocrx_word' id='word_1_97' title='bbox 379 758 538 818; x_wconf 79' lang='lat' dir='ltr'>gnita,</span> <span class='ocrx_word' id='word_1_98' title='bbox 573 755 690 801; x_wconf 83' lang='lat' dir='ltr'>nihil</span> <span class='ocrx_word' id='word_1_99' title='bbox 713 772 916 818; x_wconf 85' lang='lat' dir='ltr'>unquam</span> <span class='ocrx_word' id='word_1_100' title='bbox 950 757 997 801; x_wconf 88' lang='lat' dir='ltr'>in</span> <span class='ocrx_word' id='word_1_101' title='bbox 1031 756 1121 802; x_wconf 86' lang='lat' dir='ltr'>hoe</span> <span class='ocrx_word' id='word_1_102' title='bbox 1148 757 1305 802; x_wconf 86' lang='lat' dir='ltr'>nostro</span> <span class='ocrx_word' id='word_1_103' title='bbox 1327 758 1496 803; x_wconf 83' lang='lat' dir='ltr'>Senatu</span> <span class='ocrx_word' id='word_1_104' title='bbox 1534 770 1751 818; x_wconf 87' lang='lat' dir='ltr'>magnum</span> <span class='ocrx_word' id='word_1_105' title='bbox 1789 752 1944 817; x_wconf 83' lang='lat' dir='ltr'>(quod</span> <span class='ocrx_word' id='word_1_106' title='bbox 1982 752 2071 798; x_wconf 86' lang='lat' dir='ltr'>fine</span> <span class='ocrx_word' id='word_1_107' title='bbox 2100 753 2269 799; x_wconf 82' lang='lat' dir='ltr'>invidia</span> <span class='ocrx_word' id='word_1_108' title='bbox 2301 754 2482 806; x_wconf 65' lang='lat' dir='ltr'>dietum·</span> <span class='ocrx_word' id='word_1_109' title='bbox 2530 751 2547 790; x_wconf 59' lang='grc' dir='ltr'>ἷ-</span> 
     </span>
     <span class='ocr_line' id='line_1_11' title="bbox 378 816 2547 883; baseline 0.001 -17"><span class='ocrx_word' id='word_1_110' title='bbox 378 821 536 874; x_wconf 85' lang='lat' dir='ltr'>velim)</span> <span class='ocrx_word' id='word_1_111' title='bbox 572 819 929 879; x_wconf 83' lang='lat' dir='ltr'>nihildubium,</span> <span class='ocrx_word' id='word_1_112' title='bbox 965 820 1082 866; x_wconf 86' lang='lat' dir='ltr'>nihil</span> <span class='ocrx_word' id='word_1_113' title='bbox 1113 821 1340 883; x_wconf 86' lang='lat' dir='ltr'>praeclara</span> <span class='ocrx_word' id='word_1_114' title='bbox 1361 820 1750 866; x_wconf 87' lang='lat' dir='ltr'>administratione</span> <span class='ocrx_word' id='word_1_115' title='bbox 1783 818 1979 882; x_wconf 86' lang='lat' dir='ltr'>dignum</span> <span class='ocrx_word' id='word_1_116' title='bbox 2013 816 2257 881; x_wconf 79' lang='lat' dir='ltr'>agebatur,</span> <span class='ocrx_word' id='word_1_117' title='bbox 2293 821 2367 866; x_wconf 92' lang='lat' dir='ltr'>cui</span> <span class='ocrx_word' id='word_1_118' title='bbox 2399 822 2484 873; x_wconf 59' lang='lat' dir='ltr'>ille»</span> <span class='ocrx_word' id='word_1_119' title='bbox 2526 819 2547 874; x_wconf 55' lang='lat' dir='ltr'>{a</span> 
     </span>
    </p>
   </div>
   <div class='ocr_carea' id='block_1_9' title="bbox 378 881 2547 1206">
    <p class='ocr_par' dir='ltr' id='par_1_9' title="bbox 378 881 2547 1206">
     <span class='ocr_line' id='line_1_12' title="bbox 378 881 2487 947; baseline 0.003 -19"><span class='ocrx_word' id='word_1_120' title='bbox 378 898 473 928; x_wconf 89' lang='lat' dir='ltr'>non</span> <span class='ocrx_word' id='word_1_121' title='bbox 510 885 738 945; x_wconf 79' lang='lat' dir='ltr'>praeeffet.</span> <span class='ocrx_word' id='word_1_122' title='bbox 808 884 923 944; x_wconf 78' lang='lat' dir='ltr'>Qio</span> <span class='ocrx_word' id='word_1_123' title='bbox 955 884 1124 931; x_wconf 67' lang='lat' dir='ltr'>faetum</span> <span class='ocrx_word' id='word_1_124' title='bbox 1159 885 1250 944; x_wconf 90' lang='lat' dir='ltr'>est,</span> <span class='ocrx_word' id='word_1_125' title='bbox 1284 899 1335 932; x_wconf 93' lang='lat' dir='ltr'>ut</span> <span class='ocrx_word' id='word_1_126' title='bbox 1372 885 1420 931; x_wconf 82' lang='lat'>&amp;</span> <span class='ocrx_word' id='word_1_127' title='bbox 1452 884 1644 931; x_wconf 79' lang='lat' dir='ltr'>adversis</span> <span class='ocrx_word' id='word_1_128' title='bbox 1681 884 1730 931; x_wconf 84' lang='lat'>&amp;</span> <span class='ocrx_word' id='word_1_129' title='bbox 1760 881 1965 929; x_wconf 87' lang='lat' dir='ltr'>secundis</span> <span class='ocrx_word' id='word_1_130' title='bbox 1998 881 2166 929; x_wconf 84' lang='lat' dir='ltr'>vestrae</span> <span class='ocrx_word' id='word_1_131' title='bbox 2202 884 2487 947; x_wconf 18' lang='lat' dir='ltr'>reipublicae!¹</span> 
     </span>
     <span class='ocr_line' id='line_1_13' title="bbox 378 946 2532 1011; baseline 0.002 -19"><span class='ocrx_word' id='word_1_132' title='bbox 378 948 696 1010; x_wconf 78' lang='lat' dir='ltr'>temporibus,</span> <span class='ocrx_word' id='word_1_133' title='bbox 732 952 902 1011; x_wconf 78' lang='lat' dir='ltr'>patriae</span> <span class='ocrx_word' id='word_1_134' title='bbox 924 951 1237 996; x_wconf 75' lang='lat' dir='ltr'>emolumenta</span> <span class='ocrx_word' id='word_1_135' title='bbox 1272 951 1469 997; x_wconf 87' lang='lat' dir='ltr'>maxima</span> <span class='ocrx_word' id='word_1_136' title='bbox 1499 950 1733 1008; x_wconf 82' lang='lat' dir='ltr'>attulerit,</span> <span class='ocrx_word' id='word_1_137' title='bbox 1769 946 1850 994; x_wconf 84' lang='lat' dir='ltr'>fibi</span> <span class='ocrx_word' id='word_1_138' title='bbox 1882 963 1993 994; x_wconf 91' lang='lat' dir='ltr'>vero</span> <span class='ocrx_word' id='word_1_139' title='bbox 2030 946 2349 1008; x_wconf 87' lang='lat' dir='ltr'>sempiternam</span> <span class='ocrx_word' id='word_1_140' title='bbox 2383 950 2480 1006; x_wconf 65' lang='lat' dir='ltr'>lau-,</span> <span class='ocrx_word' id='word_1_141' title='bbox 2528 960 2532 964; x_wconf 78' lang='grc'><strong>”</strong></span> 
     </span>
     <span class='ocr_line' id='line_1_14' title="bbox 378 1010 2547 1078; baseline 0.002 -21"><span class='ocrx_word' id='word_1_142' title='bbox 378 1011 482 1059; x_wconf 84' lang='lat' dir='ltr'>dem</span> <span class='ocrx_word' id='word_1_143' title='bbox 509 1015 861 1075; x_wconf 79' lang='lat' dir='ltr'>comparaverit.</span> <span class='ocrx_word' id='word_1_144' title='bbox 912 1015 999 1061; x_wconf 88' lang='lat' dir='ltr'>Sed</span> <span class='ocrx_word' id='word_1_145' title='bbox 1020 1015 1144 1078; x_wconf 90' lang='lat' dir='ltr'>quod</span> <span class='ocrx_word' id='word_1_146' title='bbox 1170 1031 1259 1078; x_wconf 89' lang='lat' dir='ltr'>ego</span> <span class='ocrx_word' id='word_1_147' title='bbox 1283 1032 1332 1060; x_wconf 88' lang='lat' dir='ltr'>ea</span> <span class='ocrx_word' id='word_1_148' title='bbox 1354 1030 1701 1072; x_wconf 89' lang='lat' dir='ltr'>commemoro,</span> <span class='ocrx_word' id='word_1_149' title='bbox 1736 1028 1842 1058; x_wconf 90' lang='lat' dir='ltr'>cum</span> <span class='ocrx_word' id='word_1_150' title='bbox 1865 1010 2124 1076; x_wconf 76' lang='lat' dir='ltr'>praesertim</span> <span class='ocrx_word' id='word_1_151' title='bbox 2148 1013 2373 1059; x_wconf 80' lang='lat' dir='ltr'>maximus</span> <span class='ocrx_word' id='word_1_152' title='bbox 2399 1031 2489 1077; x_wconf 79' lang='lat' dir='ltr'>pa-:</span> <span class='ocrx_word' id='word_1_153' title='bbox 2544 1016 2547 1017; x_wconf 44' lang='lat'><em>⁷</em></span> 
     </span>
     <span class='ocr_line' id='line_1_15' title="bbox 380 1075 2547 1142; baseline 0.001 -20"><span class='ocrx_word' id='word_1_154' title='bbox 380 1089 452 1123; x_wconf 89' lang='lat' dir='ltr'>ter</span> <span class='ocrx_word' id='word_1_155' title='bbox 475 1091 580 1123; x_wconf 87' lang='lat' dir='ltr'>tuus</span> <span class='ocrx_word' id='word_1_156' title='bbox 605 1078 840 1141; x_wconf 85' lang='lat' dir='ltr'>Georgius</span> <span class='ocrx_word' id='word_1_157' title='bbox 864 1075 1135 1138; x_wconf 83' lang='lat' dir='ltr'>Cornelius,</span> <span class='ocrx_word' id='word_1_158' title='bbox 1171 1079 1477 1126; x_wconf 81' lang='lat' dir='ltr'>Sereniffimae</span> <span class='ocrx_word' id='word_1_159' title='bbox 1490 1079 1704 1142; x_wconf 78' lang='lat' dir='ltr'>Reginae</span> <span class='ocrx_word' id='word_1_160' title='bbox 1725 1077 1873 1141; x_wconf 87' lang='lat' dir='ltr'>Cypri</span> <span class='ocrx_word' id='word_1_161' title='bbox 1897 1076 2059 1134; x_wconf 84' lang='lat' dir='ltr'>frater,</span> <span class='ocrx_word' id='word_1_162' title='bbox 2096 1077 2348 1125; x_wconf 89' lang='lat' dir='ltr'>Decemvir</span> <span class='ocrx_word' id='word_1_163' title='bbox 2375 1078 2498 1128; x_wconf 85' lang='lat' dir='ltr'>infi-.</span> <span class='ocrx_word' id='word_1_164' title='bbox 2535 1077 2547 1136; x_wconf 48' lang='grc' dir='ltr'>ι’,</span> 
     </span>
     <span class='ocr_line' id='line_1_16' title="bbox 379 1141 2547 1206; baseline 0.001 -19"><span class='ocrx_word' id='word_1_165' title='bbox 379 1143 509 1204; x_wconf 86' lang='lat' dir='ltr'>gnis,</span> <span class='ocrx_word' id='word_1_166' title='bbox 544 1142 805 1190; x_wconf 80' lang='lat' dir='ltr'>clariflimus</span> <span class='ocrx_word' id='word_1_167' title='bbox 834 1144 1009 1206; x_wconf 82' lang='lat' dir='ltr'>Eques,</span> <span class='ocrx_word' id='word_1_168' title='bbox 1046 1144 1093 1189; x_wconf 87' lang='lat'>&amp;</span> <span class='ocrx_word' id='word_1_169' title='bbox 1132 1146 1324 1192; x_wconf 88' lang='lat' dir='ltr'>Senator</span> <span class='ocrx_word' id='word_1_170' title='bbox 1363 1143 1661 1191; x_wconf 83' lang='lat' dir='ltr'>nobiliffimus</span> <span class='ocrx_word' id='word_1_171' title='bbox 1696 1141 1906 1205; x_wconf 87' lang='lat' dir='ltr'>quotidie</span> <span class='ocrx_word' id='word_1_172' title='bbox 1939 1141 2023 1186; x_wconf 89' lang='lat' dir='ltr'>tibi</span> <span class='ocrx_word' id='word_1_173' title='bbox 2062 1141 2116 1187; x_wconf 87' lang='lat' dir='ltr'>fit</span> <span class='ocrx_word' id='word_1_174' title='bbox 2153 1155 2257 1188; x_wconf 90' lang='lat' dir='ltr'>ante</span> <span class='ocrx_word' id='word_1_175' title='bbox 2291 1144 2475 1204; x_wconf 87' lang='lat' dir='ltr'>oculos,</span> <span class='ocrx_word' id='word_1_176' title='bbox 2544 1151 2547 1154; x_wconf 83' lang='grc'><strong>“</strong></span> 
     </span>
    </p>
   </div>
   <div class='ocr_carea' id='block_1_10' title="bbox 378 1205 2476 1272">
    <p class='ocr_par' dir='ltr' id='par_1_10' title="bbox 378 1205 2476 1272">
     <span class='ocr_line' id='line_1_17' title="bbox 378 1205 2476 1272; baseline 0.001 -20"><span class='ocrx_word' id='word_1_177' title='bbox 378 1220 594 1270; x_wconf 85' lang='lat' dir='ltr'>tanquam</span> <span class='ocrx_word' id='word_1_178' title='bbox 620 1208 810 1254; x_wconf 84' lang='lat' dir='ltr'>alterum</span> <span class='ocrx_word' id='word_1_179' title='bbox 838 1210 956 1254; x_wconf 83' lang='lat' dir='ltr'>vitae</span> <span class='ocrx_word' id='word_1_180' title='bbox 977 1208 1228 1271; x_wconf 84' lang='lat' dir='ltr'>speculum.</span> <span class='ocrx_word' id='word_1_181' title='bbox 1297 1209 1532 1272; x_wconf 84' lang='lat' dir='ltr'>Siquidem</span> <span class='ocrx_word' id='word_1_182' title='bbox 1559 1209 1633 1254; x_wconf 89' lang='lat' dir='ltr'>ille</span> <span class='ocrx_word' id='word_1_183' title='bbox 1657 1224 1763 1254; x_wconf 89' lang='lat' dir='ltr'>cum</span> <span class='ocrx_word' id='word_1_184' title='bbox 1788 1206 1950 1252; x_wconf 90' lang='lat' dir='ltr'>ceteris</span> <span class='ocrx_word' id='word_1_185' title='bbox 1971 1205 2187 1252; x_wconf 89' lang='lat' dir='ltr'>omnibus</span> <span class='ocrx_word' id='word_1_186' title='bbox 2210 1208 2476 1268; x_wconf 85' lang='lat' dir='ltr'>virtutibus,</span> 
     </span>
    </p>
   </div>
   <div class='ocr_carea' id='block_1_11' title="bbox 379 1270 2534 1400">
    <p class='ocr_par' dir='ltr' id='par_1_11' title="bbox 379 1270 2534 1400">
     <span class='ocr_line' id='line_1_18' title="bbox 379 1270 2534 1336; baseline 0.002 -20"><span class='ocrx_word' id='word_1_187' title='bbox 379 1283 482 1317; x_wconf 83' lang='lat' dir='ltr'>tum</span> <span class='ocrx_word' id='word_1_188' title='bbox 508 1272 706 1318; x_wconf 73' lang='lat' dir='ltr'>maxime</span> <span class='ocrx_word' id='word_1_189' title='bbox 729 1271 1124 1336; x_wconf 86' lang='lat' dir='ltr'>prudentia,quae</span> <span class='ocrx_word' id='word_1_190' title='bbox 1148 1273 1212 1319; x_wconf 87' lang='lat' dir='ltr'>est</span> <span class='ocrx_word' id='word_1_191' title='bbox 1231 1271 1374 1319; x_wconf 83' lang='lat' dir='ltr'>officil</span> <span class='ocrx_word' id='word_1_192' title='bbox 1396 1273 1521 1332; x_wconf 84' lang='lat' dir='ltr'>fons,</span> <span class='ocrx_word' id='word_1_193' title='bbox 1537 1271 1752 1336; x_wconf 86' lang='lat' dir='ltr'>fingulari</span> <span class='ocrx_word' id='word_1_194' title='bbox 1776 1271 1824 1317; x_wconf 85' lang='lat'>&amp;</span> <span class='ocrx_word' id='word_1_195' title='bbox 1848 1270 2021 1317; x_wconf 80' lang='lat' dir='ltr'>eximia</span> <span class='ocrx_word' id='word_1_196' title='bbox 2041 1271 2269 1332; x_wconf 84' lang='lat' dir='ltr'>praeditus</span> <span class='ocrx_word' id='word_1_197' title='bbox 2293 1273 2341 1318; x_wconf 91' lang='lat' dir='ltr'>in</span> <span class='ocrx_word' id='word_1_198' title='bbox 2365 1289 2476 1320; x_wconf 84' lang='lat' dir='ltr'>con·</span> <span class='ocrx_word' id='word_1_199' title='bbox 2530 1277 2534 1290; x_wconf 63' lang='lat'>⁸</span> 
     </span>
     <span class='ocr_line' id='line_1_19' title="bbox 380 1333 2533 1400; baseline 0.003 -20"><span class='ocrx_word' id='word_1_200' title='bbox 380 1333 619 1382; x_wconf 87' lang='lat' dir='ltr'>fiderandis</span> <span class='ocrx_word' id='word_1_201' title='bbox 644 1336 776 1383; x_wconf 90' lang='lat' dir='ltr'>rebus</span> <span class='ocrx_word' id='word_1_202' title='bbox 802 1336 924 1385; x_wconf 88' lang='lat' dir='ltr'>cedit</span> <span class='ocrx_word' id='word_1_203' title='bbox 948 1338 1145 1384; x_wconf 89' lang='lat' dir='ltr'>nemini:</span> <span class='ocrx_word' id='word_1_204' title='bbox 1180 1337 1438 1384; x_wconf 85' lang='lat' dir='ltr'>liberalibus</span> <span class='ocrx_word' id='word_1_205' title='bbox 1464 1353 1574 1385; x_wconf 91' lang='lat' dir='ltr'>vero</span> <span class='ocrx_word' id='word_1_206' title='bbox 1596 1336 1844 1400; x_wconf 86' lang='lat' dir='ltr'>disciplinis</span> <span class='ocrx_word' id='word_1_207' title='bbox 1865 1335 1929 1382; x_wconf 89' lang='lat' dir='ltr'>ita</span> <span class='ocrx_word' id='word_1_208' title='bbox 1948 1350 2104 1381; x_wconf 84' lang='lat' dir='ltr'>vacare</span> <span class='ocrx_word' id='word_1_209' title='bbox 2125 1336 2336 1395; x_wconf 86' lang='lat' dir='ltr'>solet‚ut</span> <span class='ocrx_word' id='word_1_210' title='bbox 2359 1338 2478 1384; x_wconf 74' lang='lat' dir='ltr'>nun-&#39;</span> <span class='ocrx_word' id='word_1_211' title='bbox 2530 1363 2533 1387; x_wconf 71' lang='lat' dir='ltr'>r</span> 
     </span>
    </p>
   </div>
   <div class='ocr_carea' id='block_1_12' title="bbox 380 1400 2476 1466">
    <p class='ocr_par' dir='ltr' id='par_1_12' title="bbox 380 1400 2476 1466">
     <span class='ocr_line' id='line_1_20' title="bbox 380 1400 2476 1466; baseline 0.003 -22"><span class='ocrx_word' id='word_1_212' title='bbox 380 1415 516 1461; x_wconf 86' lang='lat' dir='ltr'>quam</span> <span class='ocrx_word' id='word_1_213' title='bbox 540 1400 705 1446; x_wconf 86' lang='lat' dir='ltr'>abduci</span> <span class='ocrx_word' id='word_1_214' title='bbox 731 1401 990 1464; x_wconf 89' lang='lat' dir='ltr'>queat,nifi</span> <span class='ocrx_word' id='word_1_215' title='bbox 1013 1402 1292 1466; x_wconf 85' lang='lat' dir='ltr'>reipublicae</span> <span class='ocrx_word' id='word_1_216' title='bbox 1312 1401 1891 1460; x_wconf 86' lang='lat' dir='ltr'>administrationibus,aut</span> <span class='ocrx_word' id='word_1_217' title='bbox 1905 1400 2160 1447; x_wconf 87' lang='lat' dir='ltr'>amicorum</span> <span class='ocrx_word' id='word_1_218' title='bbox 2186 1400 2326 1447; x_wconf 86' lang='lat' dir='ltr'>causa.</span> <span class='ocrx_word' id='word_1_219' title='bbox 2363 1401 2476 1461; x_wconf 74' lang='lat' dir='ltr'>Qio</span> 
     </span>
    </p>
   </div>
   <div class='ocr_carea' id='block_1_13' title="bbox 383 1463 2533 1531">
    <p class='ocr_par' dir='ltr' id='par_1_13' title="bbox 383 1463 2533 1531">
     <span class='ocr_line' id='line_1_21' title="bbox 383 1463 2533 1531; baseline 0 -21"><span class='ocrx_word' id='word_1_220' title='bbox 383 1464 467 1524; x_wconf 81' lang='lat' dir='ltr'>fit,</span> <span class='ocrx_word' id='word_1_221' title='bbox 491 1476 543 1511; x_wconf 92' lang='lat' dir='ltr'>ut</span> <span class='ocrx_word' id='word_1_222' title='bbox 568 1463 615 1510; x_wconf 86' lang='lat'>&amp;</span> <span class='ocrx_word' id='word_1_223' title='bbox 639 1463 718 1511; x_wconf 84' lang='lat' dir='ltr'>fibi</span> <span class='ocrx_word' id='word_1_224' title='bbox 743 1467 1050 1514; x_wconf 87' lang='lat' dir='ltr'>immortalem</span> <span class='ocrx_word' id='word_1_225' title='bbox 1077 1467 1255 1514; x_wconf 89' lang='lat' dir='ltr'>laudem</span> <span class='ocrx_word' id='word_1_226' title='bbox 1281 1467 1609 1531; x_wconf 84' lang='lat' dir='ltr'>comparet,&amp;</span> <span class='ocrx_word' id='word_1_227' title='bbox 1629 1463 1926 1514; x_wconf 88' lang='lat' dir='ltr'>communem</span> <span class='ocrx_word' id='word_1_228' title='bbox 1949 1464 2191 1511; x_wconf 89' lang='lat' dir='ltr'>hominum</span> <span class='ocrx_word' id='word_1_229' title='bbox 2216 1464 2479 1515; x_wconf 89' lang='lat' dir='ltr'>societatem</span> <span class='ocrx_word' id='word_1_230' title='bbox 2532 1507 2533 1511; x_wconf 74' lang='grc'>,</span> 
     </span>
    </p>
   </div>
   <div class='ocr_carea' id='block_1_14' title="bbox 386 1528 2480 1590">
    <p class='ocr_par' dir='ltr' id='par_1_14' title="bbox 386 1528 2480 1590">
     <span class='ocr_line' id='line_1_22' title="bbox 386 1528 2480 1590; baseline 0.002 -16"><span class='ocrx_word' id='word_1_231' title='bbox 386 1545 483 1575; x_wconf 88' lang='lat' dir='ltr'>non</span> <span class='ocrx_word' id='word_1_232' title='bbox 498 1528 683 1583; x_wconf 81' lang='lat' dir='ltr'>deserat.</span> <span class='ocrx_word' id='word_1_233' title='bbox 720 1531 875 1577; x_wconf 86' lang='lat' dir='ltr'>Habet</span> <span class='ocrx_word' id='word_1_234' title='bbox 898 1533 1019 1578; x_wconf 91' lang='lat' dir='ltr'>enim</span> <span class='ocrx_word' id='word_1_235' title='bbox 1034 1533 1324 1579; x_wconf 88' lang='lat' dir='ltr'>Platonicum</span> <span class='ocrx_word' id='word_1_236' title='bbox 1342 1533 1454 1578; x_wconf 86' lang='lat' dir='ltr'>illud</span> <span class='ocrx_word' id='word_1_237' title='bbox 1467 1533 1516 1578; x_wconf 91' lang='lat' dir='ltr'>in</span> <span class='ocrx_word' id='word_1_238' title='bbox 1537 1548 1640 1578; x_wconf 90' lang='lat' dir='ltr'>ore:</span> <span class='ocrx_word' id='word_1_239' title='bbox 1658 1533 1778 1579; x_wconf 91' lang='lat' dir='ltr'>Non</span> <span class='ocrx_word' id='word_1_240' title='bbox 1800 1531 1946 1577; x_wconf 90' lang='lat' dir='ltr'>solum</span> <span class='ocrx_word' id='word_1_241' title='bbox 1961 1529 2092 1576; x_wconf 87' lang='lat' dir='ltr'>nobis</span> <span class='ocrx_word' id='word_1_242' title='bbox 2107 1531 2198 1576; x_wconf 84' lang='lat' dir='ltr'>nati</span> <span class='ocrx_word' id='word_1_243' title='bbox 2226 1528 2391 1590; x_wconf 89' lang='lat' dir='ltr'>sumus,</span> <span class='ocrx_word' id='word_1_244' title='bbox 2404 1548 2480 1578; x_wconf 87' lang='lat' dir='ltr'>or-</span> 
     </span>
    </p>
   </div>
   <div class='ocr_carea' id='block_1_15' title="bbox 381 1593 2478 1661">
    <p class='ocr_par' dir='ltr' id='par_1_15' title="bbox 381 1580 2534 1665">
     <span class='ocr_line' id='line_1_23' title="bbox 381 1593 2478 1661; baseline 0.002 -22"><span class='ocrx_word' id='word_1_245' title='bbox 381 1606 544 1657; x_wconf 89' lang='lat' dir='ltr'>tusque</span> <span class='ocrx_word' id='word_1_246' title='bbox 569 1594 710 1640; x_wconf 87' lang='lat' dir='ltr'>nostri</span> <span class='ocrx_word' id='word_1_247' title='bbox 739 1608 914 1658; x_wconf 90' lang='lat' dir='ltr'>partem</span> <span class='ocrx_word' id='word_1_248' title='bbox 944 1599 1088 1659; x_wconf 90' lang='lat' dir='ltr'>patria</span> <span class='ocrx_word' id='word_1_249' title='bbox 1111 1597 1353 1656; x_wconf 86' lang='lat' dir='ltr'>vendicat,</span> <span class='ocrx_word' id='word_1_250' title='bbox 1369 1610 1545 1661; x_wconf 89' lang='lat' dir='ltr'>partem</span> <span class='ocrx_word' id='word_1_251' title='bbox 1567 1598 1717 1643; x_wconf 88' lang='lat' dir='ltr'>amici.</span> <span class='ocrx_word' id='word_1_252' title='bbox 1751 1595 1886 1643; x_wconf 89' lang='lat' dir='ltr'>Fides</span> <span class='ocrx_word' id='word_1_253' title='bbox 1908 1610 2172 1658; x_wconf 85' lang='lat' dir='ltr'>ve1·o‚·quae</span> <span class='ocrx_word' id='word_1_254' title='bbox 2195 1593 2259 1641; x_wconf 90' lang='lat' dir='ltr'>est</span> <span class='ocrx_word' id='word_1_255' title='bbox 2275 1595 2478 1657; x_wconf 90' lang='lat' dir='ltr'>justitiae</span> 
     </span>
    </p>
   </div>
   <div class='ocr_carea' id='block_1_16' title="bbox 381 1656 2479 1725">
    <p class='ocr_par' dir='ltr' id='par_1_16' title="bbox 381 1656 2479 1725">
     <span class='ocr_line' id='line_1_24' title="bbox 381 1656 2479 1725; baseline 0.001 -21"><span class='ocrx_word' id='word_1_256' title='bbox 381 1656 733 1717; x_wconf 86' lang='lat' dir='ltr'>fundamentum</span> <span class='ocrx_word' id='word_1_257' title='bbox 761 1659 810 1706; x_wconf 67' lang='grc' dir='ltr'>ὃς</span> <span class='ocrx_word' id='word_1_258' title='bbox 831 1673 935 1707; x_wconf 89' lang='lat' dir='ltr'>aute</span> <span class='ocrx_word' id='word_1_259' title='bbox 950 1662 1117 1721; x_wconf 88' lang='lat' dir='ltr'>Jovem</span> <span class='ocrx_word' id='word_1_260' title='bbox 1140 1676 1243 1708; x_wconf 88' lang='lat' dir='ltr'>nata</span> <span class='ocrx_word' id='word_1_261' title='bbox 1265 1663 1418 1725; x_wconf 85' lang='lat' dir='ltr'>poe&#39;tis</span> <span class='ocrx_word' id='word_1_262' title='bbox 1441 1661 1665 1725; x_wconf 87' lang='lat' dir='ltr'>fingitur,</span> <span class='ocrx_word' id='word_1_263' title='bbox 1699 1662 1763 1707; x_wconf 80' lang='lat' dir='ltr'>ita</span> <span class='ocrx_word' id='word_1_264' title='bbox 1784 1659 1840 1706; x_wconf 92' lang='lat' dir='ltr'>ab</span> <span class='ocrx_word' id='word_1_265' title='bbox 1861 1675 1917 1705; x_wconf 89' lang='lat' dir='ltr'>eo</span> <span class='ocrx_word' id='word_1_266' title='bbox 1942 1659 2137 1718; x_wconf 88' lang='lat' dir='ltr'>colitur,</span> <span class='ocrx_word' id='word_1_267' title='bbox 2164 1673 2217 1706; x_wconf 88' lang='lat' dir='ltr'>ut</span> <span class='ocrx_word' id='word_1_268' title='bbox 2242 1674 2326 1705; x_wconf 90' lang='lat' dir='ltr'>nec</span> <span class='ocrx_word' id='word_1_269' title='bbox 2351 1676 2479 1723; x_wconf 89' lang='lat' dir='ltr'>prae-</span> 
     </span>
    </p>
   </div>
   <div class='ocr_carea' id='block_1_17' title="bbox 378 1713 2535 2178">
    <p class='ocr_par' dir='ltr' id='par_1_17' title="bbox 378 1713 2535 2178">
     <span class='ocr_line' id='line_1_25' title="bbox 380 1713 2534 1790; baseline 0.002 -22"><span class='ocrx_word' id='word_1_270' title='bbox 380 1723 478 1768; x_wconf 88' lang='lat' dir='ltr'>mio</span> <span class='ocrx_word' id='word_1_271' title='bbox 501 1723 764 1787; x_wconf 87' lang='lat' dir='ltr'>corrumpi,</span> <span class='ocrx_word' id='word_1_272' title='bbox 779 1740 862 1771; x_wconf 91' lang='lat' dir='ltr'>nec</span> <span class='ocrx_word' id='word_1_273' title='bbox 885 1725 1143 1773; x_wconf 88' lang='lat' dir='ltr'>neceffitate</span> <span class='ocrx_word' id='word_1_274' title='bbox 1165 1727 1221 1773; x_wconf 92' lang='lat' dir='ltr'>ad</span> <span class='ocrx_word' id='word_1_275' title='bbox 1245 1726 1492 1774; x_wconf 90' lang='lat' dir='ltr'>fallendum</span> <span class='ocrx_word' id='word_1_276' title='bbox 1517 1728 1626 1790; x_wconf 86' lang='lat' dir='ltr'>cogi</span> <span class='ocrx_word' id='word_1_277' title='bbox 1652 1723 1818 1788; x_wconf 86' lang='lat' dir='ltr'>poffit;</span> <span class='ocrx_word' id='word_1_278' title='bbox 1838 1739 1922 1770; x_wconf 90' lang='lat' dir='ltr'>nec</span> <span class='ocrx_word' id='word_1_279' title='bbox 1944 1725 2136 1770; x_wconf 88' lang='lat' dir='ltr'>mirum:</span> <span class='ocrx_word' id='word_1_280' title='bbox 2164 1723 2337 1787; x_wconf 87' lang='lat' dir='ltr'>legitur</span> <span class='ocrx_word' id='word_1_281' title='bbox 2356 1726 2493 1779; x_wconf 60' lang='lat' dir='ltr'>enim]</span> <span class='ocrx_word' id='word_1_282' title='bbox 2532 1713 2534 1726; x_wconf 21' lang='grc' dir='ltr'>ι</span> 
     </span>
     <span class='ocr_line' id='line_1_26' title="bbox 381 1787 2535 1853; baseline 0.001 -21"><span class='ocrx_word' id='word_1_283' title='bbox 381 1787 429 1834; x_wconf 87' lang='lat' dir='ltr'>in</span> <span class='ocrx_word' id='word_1_284' title='bbox 457 1787 653 1834; x_wconf 88' lang='lat' dir='ltr'>historiis</span> <span class='ocrx_word' id='word_1_285' title='bbox 666 1789 910 1837; x_wconf 89' lang='lat' dir='ltr'>Cornelios</span> <span class='ocrx_word' id='word_1_286' title='bbox 924 1790 1093 1837; x_wconf 85' lang='lat' dir='ltr'>vestros</span> <span class='ocrx_word' id='word_1_287' title='bbox 1119 1792 1235 1838; x_wconf 85' lang='lat' dir='ltr'>hanc</span> <span class='ocrx_word' id='word_1_288' title='bbox 1256 1793 1477 1841; x_wconf 88' lang='lat' dir='ltr'>virtutem</span> <span class='ocrx_word' id='word_1_289' title='bbox 1504 1793 1624 1837; x_wconf 90' lang='lat' dir='ltr'>inter</span> <span class='ocrx_word' id='word_1_290' title='bbox 1646 1801 1815 1837; x_wconf 89' lang='lat' dir='ltr'>ceteras</span> <span class='ocrx_word' id='word_1_291' title='bbox 1835 1789 1897 1835; x_wconf 88' lang='lat' dir='ltr'>ita</span> <span class='ocrx_word' id='word_1_292' title='bbox 1920 1788 2130 1847; x_wconf 84' lang='lat' dir='ltr'>coluiffe,</span> <span class='ocrx_word' id='word_1_293' title='bbox 2145 1801 2197 1834; x_wconf 90' lang='lat' dir='ltr'>ut</span> <span class='ocrx_word' id='word_1_294' title='bbox 2220 1804 2326 1834; x_wconf 91' lang='lat' dir='ltr'>cum</span> <span class='ocrx_word' id='word_1_295' title='bbox 2350 1790 2496 1853; x_wconf 84' lang='lat' dir='ltr'>supe--.</span> <span class='ocrx_word' id='word_1_296' title='bbox 2532 1824 2535 1849; x_wconf 73' lang='lat'><em>;</em></span> 
     </span>
     <span class='ocr_line' id='line_1_27' title="bbox 380 1850 2535 1918; baseline 0.001 -20"><span class='ocrx_word' id='word_1_297' title='bbox 380 1851 476 1898; x_wconf 84' lang='lat' dir='ltr'>rior</span> <span class='ocrx_word' id='word_1_298' title='bbox 498 1851 740 1899; x_wconf 85' lang='lat' dir='ltr'>Africanus</span> <span class='ocrx_word' id='word_1_299' title='bbox 763 1853 1204 1918; x_wconf 75' lang='lat' dir='ltr'>Carthaginensium·</span> <span class='ocrx_word' id='word_1_300' title='bbox 1222 1870 1382 1904; x_wconf 89' lang='lat' dir='ltr'>navem</span> <span class='ocrx_word' id='word_1_301' title='bbox 1406 1855 1624 1903; x_wconf 85' lang='lat' dir='ltr'>multis&amp;</span> <span class='ocrx_word' id='word_1_302' title='bbox 1644 1850 1892 1901; x_wconf 88' lang='lat' dir='ltr'>illustribus</span> <span class='ocrx_word' id='word_1_303' title='bbox 1914 1853 2022 1899; x_wconf 85' lang='lat' dir='ltr'>viris</span> <span class='ocrx_word' id='word_1_304' title='bbox 2045 1851 2250 1898; x_wconf 88' lang='lat' dir='ltr'>onustam</span> <span class='ocrx_word' id='word_1_305' title='bbox 2275 1854 2487 1916; x_wconf 57' lang='lat' dir='ltr'>cepiffet,</span> <span class='ocrx_word' id='word_1_306' title='bbox 2532 1855 2535 1882; x_wconf 72' lang='lat'>³</span> 
     </span>
     <span class='ocr_line' id='line_1_28' title="bbox 378 1916 2535 1986; baseline 0.001 -24"><span class='ocrx_word' id='word_1_307' title='bbox 378 1932 475 1962; x_wconf 89' lang='lat' dir='ltr'>eam</span> <span class='ocrx_word' id='word_1_308' title='bbox 499 1916 765 1964; x_wconf 89' lang='lat' dir='ltr'>inviolatam</span> <span class='ocrx_word' id='word_1_309' title='bbox 790 1918 1037 1978; x_wconf 87' lang='lat' dir='ltr'>dimiserit,</span> <span class='ocrx_word' id='word_1_310' title='bbox 1071 1921 1176 1984; x_wconf 90' lang='lat' dir='ltr'>quia</span> <span class='ocrx_word' id='word_1_311' title='bbox 1202 1921 1244 1967; x_wconf 93' lang='lat' dir='ltr'>se</span> <span class='ocrx_word' id='word_1_312' title='bbox 1267 1922 1444 1986; x_wconf 90' lang='lat' dir='ltr'>legatos</span> <span class='ocrx_word' id='word_1_313' title='bbox 1468 1920 1520 1967; x_wconf 88' lang='lat' dir='ltr'>ad</span> <span class='ocrx_word' id='word_1_314' title='bbox 1550 1936 1655 1966; x_wconf 88' lang='lat' dir='ltr'>eum</span> <span class='ocrx_word' id='word_1_315' title='bbox 1681 1919 1831 1965; x_wconf 89' lang='lat' dir='ltr'>missos</span> <span class='ocrx_word' id='word_1_316' title='bbox 1854 1917 2083 1964; x_wconf 81' lang='lat' dir='ltr'>dicebant.</span> <span class='ocrx_word' id='word_1_317' title='bbox 2150 1917 2359 1964; x_wconf 77' lang='lat' dir='ltr'>Tametsi</span> <span class='ocrx_word' id='word_1_318' title='bbox 2386 1932 2502 1977; x_wconf 47' lang='grc' dir='ltr'>[ηε-ῃ</span> <span class='ocrx_word' id='word_1_319' title='bbox 2533 1918 2535 1948; x_wconf 62' lang='lat'>³</span> 
     </span>
     <span class='ocr_line' id='line_1_29' title="bbox 380 1980 2535 2049; baseline 0.002 -23"><span class='ocrx_word' id='word_1_320' title='bbox 380 1980 594 2027; x_wconf 88' lang='lat' dir='ltr'>nifestum</span> <span class='ocrx_word' id='word_1_321' title='bbox 617 1996 738 2042; x_wconf 88' lang='lat' dir='ltr'>erat,</span> <span class='ocrx_word' id='word_1_322' title='bbox 774 1999 850 2030; x_wconf 87' lang='lat' dir='ltr'>eos</span> <span class='ocrx_word' id='word_1_323' title='bbox 876 1985 1051 2032; x_wconf 89' lang='lat' dir='ltr'>vitandi</span> <span class='ocrx_word' id='word_1_324' title='bbox 1074 1985 1267 2048; x_wconf 91' lang='lat' dir='ltr'>periculi</span> <span class='ocrx_word' id='word_1_325' title='bbox 1288 1986 1434 2049; x_wconf 87' lang='lat' dir='ltr'>gratia</span> <span class='ocrx_word' id='word_1_326' title='bbox 1458 1983 1614 2031; x_wconf 82' lang='lat' dir='ltr'>falsum</span> <span class='ocrx_word' id='word_1_327' title='bbox 1641 1983 1882 2047; x_wconf 86' lang='lat' dir='ltr'>legationis</span> <span class='ocrx_word' id='word_1_328' title='bbox 1905 1997 2070 2028; x_wconf 88' lang='lat' dir='ltr'>munus</span> <span class='ocrx_word' id='word_1_329' title='bbox 2100 1981 2330 2045; x_wconf 72' lang='lat' dir='ltr'>amplec&#39;ti.</span> <span class='ocrx_word' id='word_1_330' title='bbox 2397 1983 2486 2030; x_wconf 75' lang='lat' dir='ltr'>Li-</span> <span class='ocrx_word' id='word_1_331' title='bbox 2534 2013 2535 2038; x_wconf 62' lang='lat'>3</span> 
     </span>
     <span class='ocr_line' id='line_1_30' title="bbox 379 2044 2535 2113; baseline 0 -23"><span class='ocrx_word' id='word_1_332' title='bbox 379 2044 664 2093; x_wconf 81' lang='lat' dir='ltr'>beralitatem</span> <span class='ocrx_word' id='word_1_333' title='bbox 689 2063 798 2094; x_wconf 89' lang='lat' dir='ltr'>vero</span> <span class='ocrx_word' id='word_1_334' title='bbox 820 2051 914 2109; x_wconf 80' lang='lat' dir='ltr'>ejus</span> <span class='ocrx_word' id='word_1_335' title='bbox 938 2050 1036 2112; x_wconf 89' lang='lat' dir='ltr'>quis</span> <span class='ocrx_word' id='word_1_336' title='bbox 1058 2066 1153 2097; x_wconf 90' lang='lat' dir='ltr'>non</span> <span class='ocrx_word' id='word_1_337' title='bbox 1186 2051 1288 2112; x_wconf 79' lang='lat' dir='ltr'>jure</span> <span class='ocrx_word' id='word_1_338' title='bbox 1313 2051 1496 2113; x_wconf 88' lang='lat' dir='ltr'>optimo</span> <span class='ocrx_word' id='word_1_339' title='bbox 1532 2048 1781 2095; x_wconf 88' lang='lat' dir='ltr'>admiretur</span> <span class='ocrx_word' id='word_1_340' title='bbox 1815 2063 1867 2092; x_wconf 91' lang='lat' dir='ltr'>ac</span> <span class='ocrx_word' id='word_1_341' title='bbox 1899 2045 2162 2108; x_wconf 87' lang='lat' dir='ltr'>praedicet?</span> <span class='ocrx_word' id='word_1_342' title='bbox 2198 2047 2327 2092; x_wconf 90' lang='lat' dir='ltr'>Solet</span> <span class='ocrx_word' id='word_1_343' title='bbox 2356 2047 2508 2096; x_wconf 70' lang='lat' dir='ltr'>enimi‘</span> <span class='ocrx_word' id='word_1_344' title='bbox 2534 2051 2535 2084; x_wconf 69' lang='lat'>1</span> 
     </span>
     <span class='ocr_line' id='line_1_31' title="bbox 381 2104 2535 2178; baseline 0.001 -25"><span class='ocrx_word' id='word_1_345' title='bbox 381 2109 458 2154; x_wconf 89' lang='lat' dir='ltr'>ille</span> <span class='ocrx_word' id='word_1_346' title='bbox 479 2126 537 2155; x_wconf 85' lang='lat' dir='ltr'>ex</span> <span class='ocrx_word' id='word_1_347' title='bbox 561 2112 697 2157; x_wconf 88' lang='lat' dir='ltr'>tantis</span> <span class='ocrx_word' id='word_1_348' title='bbox 719 2105 884 2174; x_wconf 83' lang='lat' dir='ltr'>opibus</span> <span class='ocrx_word' id='word_1_349' title='bbox 905 2115 1081 2178; x_wconf 83' lang='lat' dir='ltr'>semper</span> <span class='ocrx_word' id='word_1_350' title='bbox 1102 2118 1149 2160; x_wconf 90' lang='lat' dir='ltr'>in</span> <span class='ocrx_word' id='word_1_351' title='bbox 1172 2116 1373 2174; x_wconf 86' lang='lat' dir='ltr'>amicos,</span> <span class='ocrx_word' id='word_1_352' title='bbox 1409 2129 1624 2178; x_wconf 85' lang='lat' dir='ltr'>pauperes</span> <span class='ocrx_word' id='word_1_353' title='bbox 1645 2126 1721 2160; x_wconf 91' lang='lat' dir='ltr'>aut</span> <span class='ocrx_word' id='word_1_354' title='bbox 1748 2111 1951 2158; x_wconf 82' lang='lat' dir='ltr'>eruditos</span> <span class='ocrx_word' id='word_1_355' title='bbox 1977 2110 2273 2174; x_wconf 85' lang='lat' dir='ltr'>pecuniarum</span> <span class='ocrx_word' id='word_1_356' title='bbox 2309 2104 2490 2174; x_wconf 59' lang='lat' dir='ltr'>aliquid}</span> <span class='ocrx_word' id='word_1_357' title='bbox 2534 2151 2535 2166; x_wconf 21' lang='grc' dir='ltr'>ἶ</span> 
     </span>
    </p>
   </div>
   <div class='ocr_carea' id='block_1_18' title="bbox 382 2173 2492 2237">
    <p class='ocr_par' dir='ltr' id='par_1_18' title="bbox 382 2173 2492 2237">
     <span class='ocr_line' id='line_1_32' title="bbox 382 2173 2492 2237; baseline 0.002 -19"><span class='ocrx_word' id='word_1_358' title='bbox 382 2173 622 2232; x_wconf 84' lang='lat' dir='ltr'>conferre,</span> <span class='ocrx_word' id='word_1_359' title='bbox 657 2175 836 2223; x_wconf 88' lang='lat' dir='ltr'>cibariis</span> <span class='ocrx_word' id='word_1_360' title='bbox 862 2177 1133 2236; x_wconf 82' lang='lat' dir='ltr'>sustentare,</span> <span class='ocrx_word' id='word_1_361' title='bbox 1166 2180 1324 2225; x_wconf 85' lang='lat' dir='ltr'>amicis</span> <span class='ocrx_word' id='word_1_362' title='bbox 1356 2196 1434 2226; x_wconf 91' lang='lat' dir='ltr'>eos</span> <span class='ocrx_word' id='word_1_363' title='bbox 1459 2178 1689 2225; x_wconf 79' lang='lat' dir='ltr'>interdum</span> <span class='ocrx_word' id='word_1_364' title='bbox 1715 2175 2067 2232; x_wconf 88' lang='lat' dir='ltr'>commendare,</span> <span class='ocrx_word' id='word_1_365' title='bbox 2102 2173 2282 2237; x_wconf 88' lang='lat' dir='ltr'>aliisque</span> <span class='ocrx_word' id='word_1_366' title='bbox 2308 2175 2492 2223; x_wconf 82' lang='lat' dir='ltr'>diversa&#39;.</span> 
     </span>
    </p>
   </div>
   <div class='ocr_carea' id='block_1_19' title="bbox 383 2229 2537 2307">
    <p class='ocr_par' dir='ltr' id='par_1_19' title="bbox 383 2229 2537 2307">
     <span class='ocr_line' id='line_1_33' title="bbox 383 2229 2537 2307; baseline 0.002 -25"><span class='ocrx_word' id='word_1_367' title='bbox 383 2238 817 2307; x_wconf 73' lang='lat' dir='ltr'>rationeprodess&#39;e,</span> <span class='ocrx_word' id='word_1_368' title='bbox 851 2240 986 2305; x_wconf 83' lang='lat' dir='ltr'>idque</span> <span class='ocrx_word' id='word_1_369' title='bbox 1017 2260 1113 2289; x_wconf 89' lang='lat' dir='ltr'>non</span> <span class='ocrx_word' id='word_1_370' title='bbox 1145 2256 1196 2289; x_wconf 93' lang='lat' dir='ltr'>ut</span> <span class='ocrx_word' id='word_1_371' title='bbox 1219 2229 1452 2289; x_wconf 59' lang='lat' dir='ltr'>beneficus</span> <span class='ocrx_word' id='word_1_372' title='bbox 1476 2242 1682 2288; x_wconf 77' lang='lat' dir='ltr'>videatur</span> <span class='ocrx_word' id='word_1_373' title='bbox 1694 2262 1719 2296; x_wconf 80' lang='lat'>3-</span> <span class='ocrx_word' id='word_1_374' title='bbox 1747 2239 1819 2285; x_wconf 91' lang='lat' dir='ltr'>sed</span> <span class='ocrx_word' id='word_1_375' title='bbox 1845 2240 1948 2302; x_wconf 89' lang='lat' dir='ltr'>quia</span> <span class='ocrx_word' id='word_1_376' title='bbox 1972 2239 2100 2284; x_wconf 90' lang='lat' dir='ltr'>illum</span> <span class='ocrx_word' id='word_1_377' title='bbox 2128 2239 2181 2285; x_wconf 89' lang='lat' dir='ltr'>ad</span> <span class='ocrx_word' id='word_1_378' title='bbox 2203 2239 2248 2285; x_wconf 94' lang='lat' dir='ltr'>id</span> <span class='ocrx_word' id='word_1_379' title='bbox 2274 2239 2491 2288; x_wconf 62' lang='lat' dir='ltr'>honestas&gt;</span> <span class='ocrx_word' id='word_1_380' title='bbox 2535 2231 2537 2275; x_wconf 68' lang='grc' dir='ltr'><strong><em>ἶ</em></strong></span> 
     </span>
    </p>
   </div>
   <div class='ocr_carea' id='block_1_20' title="bbox 384 2303 2505 2376">
    <p class='ocr_par' dir='ltr' id='par_1_20' title="bbox 384 2303 2505 2376">
     <span class='ocr_line' id='line_1_34' title="bbox 384 2303 2505 2376; baseline 0.001 -29"><span class='ocrx_word' id='word_1_381' title='bbox 384 2314 634 2363; x_wconf 79' lang='lat' dir='ltr'>naturaque</span> <span class='ocrx_word' id='word_1_382' title='bbox 657 2303 914 2365; x_wconf 88' lang='lat' dir='ltr'>impellunt.</span> <span class='ocrx_word' id='word_1_383' title='bbox 984 2307 1166 2355; x_wconf 89' lang='lat' dir='ltr'>Didicit</span> <span class='ocrx_word' id='word_1_384' title='bbox 1192 2308 1312 2353; x_wconf 91' lang='lat' dir='ltr'>enim</span> <span class='ocrx_word' id='word_1_385' title='bbox 1335 2305 1545 2370; x_wconf 84' lang='lat' dir='ltr'>generosi</span> <span class='ocrx_word' id='word_1_386' title='bbox 1569 2306 1656 2351; x_wconf 79' lang='lat' dir='ltr'>effe</span> <span class='ocrx_word' id='word_1_387' title='bbox 1677 2304 1815 2351; x_wconf 87' lang='lat' dir='ltr'>animi</span> <span class='ocrx_word' id='word_1_388' title='bbox 1842 2303 1888 2348; x_wconf 87' lang='lat'>&amp;</span> <span class='ocrx_word' id='word_1_389' title='bbox 1914 2318 2020 2350; x_wconf 89' lang='lat' dir='ltr'>vere</span> <span class='ocrx_word' id='word_1_390' title='bbox 2053 2304 2306 2376; x_wconf 41' lang='lat' dir='ltr'>magnifici·</span> <span class='ocrx_word' id='word_1_391' title='bbox 2319 2307 2505 2368; x_wconf 53' lang='lat' dir='ltr'>juvare]</span> 
     </span>
    </p>
   </div>
   <div class='ocr_carea' id='block_1_21' title="bbox 383 2365 2537 2498">
    <p class='ocr_par' dir='ltr' id='par_1_21' title="bbox 383 2365 2537 2498">
     <span class='ocr_line' id='line_1_35' title="bbox 383 2365 2537 2433; baseline 0.003 -23"><span class='ocrx_word' id='word_1_392' title='bbox 383 2365 624 2423; x_wconf 79' lang='lat' dir='ltr'>mortaleS‚</span> <span class='ocrx_word' id='word_1_393' title='bbox 660 2365 708 2412; x_wconf 65' lang='grc' dir='ltr'>ὃ(</span> <span class='ocrx_word' id='word_1_394' title='bbox 740 2369 942 2429; x_wconf 82' lang='lat' dir='ltr'>prodeffe</span> <span class='ocrx_word' id='word_1_395' title='bbox 976 2372 1321 2433; x_wconf 86' lang='lat' dir='ltr'>quamplurimis</span> <span class='ocrx_word' id='word_1_396' title='bbox 1344 2405 1360 2429; x_wconf 89' lang='lat'>,</span> <span class='ocrx_word' id='word_1_397' title='bbox 1397 2371 1443 2417; x_wconf 71' lang='grc' dir='ltr'>δί</span> <span class='ocrx_word' id='word_1_398' title='bbox 1481 2370 1566 2416; x_wconf 88' lang='lat' dir='ltr'>hac</span> <span class='ocrx_word' id='word_1_399' title='bbox 1601 2370 1673 2414; x_wconf 69' lang='lat' dir='ltr'>vii</span> <span class='ocrx_word' id='word_1_400' title='bbox 1706 2370 1752 2414; x_wconf 89' lang='lat' dir='ltr'>in</span> <span class='ocrx_word' id='word_1_401' title='bbox 1785 2368 1833 2413; x_wconf 90' lang='lat' dir='ltr'>re</span> <span class='ocrx_word' id='word_1_402' title='bbox 1865 2368 2072 2413; x_wconf 86' lang='lat' dir='ltr'>homines</span> <span class='ocrx_word' id='word_1_403' title='bbox 2105 2369 2263 2415; x_wconf 90' lang='lat' dir='ltr'>Deum</span> <span class='ocrx_word' id='word_1_404' title='bbox 2296 2370 2478 2415; x_wconf 86' lang='lat' dir='ltr'>1mitari.</span> <span class='ocrx_word' id='word_1_405' title='bbox 2536 2369 2537 2418; x_wconf 68' lang='grc' dir='ltr'>ἶ</span> 
     </span>
     <span class='ocr_line' id='line_1_36' title="bbox 387 2430 2537 2498; baseline 0.002 -23"><span class='ocrx_word' id='word_1_406' title='bbox 387 2430 494 2492; x_wconf 86' lang='lat' dir='ltr'>Ego</span> <span class='ocrx_word' id='word_1_407' title='bbox 517 2442 640 2475; x_wconf 87' lang='lat' dir='ltr'>certe</span> <span class='ocrx_word' id='word_1_408' title='bbox 666 2430 944 2479; x_wconf 84' lang='lat' dir='ltr'>liberalitatis</span> <span class='ocrx_word' id='word_1_409' title='bbox 969 2435 1191 2481; x_wconf 77' lang='lat' dir='ltr'>clai-iffimi</span> <span class='ocrx_word' id='word_1_410' title='bbox 1217 2437 1354 2498; x_wconf 85' lang='lat' dir='ltr'>patris</span> <span class='ocrx_word' id='word_1_411' title='bbox 1378 2436 1446 2480; x_wconf 90' lang='lat' dir='ltr'>tui</span> <span class='ocrx_word' id='word_1_412' title='bbox 1471 2433 1568 2480; x_wconf 89' lang='lat' dir='ltr'>sum</span> <span class='ocrx_word' id='word_1_413' title='bbox 1591 2431 1968 2495; x_wconf 85' lang='lat' dir='ltr'>locupletiffimus</span> <span class='ocrx_word' id='word_1_414' title='bbox 1993 2433 2129 2479; x_wconf 90' lang='lat' dir='ltr'>testis.</span> <span class='ocrx_word' id='word_1_415' title='bbox 2178 2434 2262 2478; x_wconf 88' lang='lat' dir='ltr'>Me</span> <span class='ocrx_word' id='word_1_416' title='bbox 2285 2449 2489 2496; x_wconf 83' lang='lat' dir='ltr'>namque.</span> <span class='ocrx_word' id='word_1_417' title='bbox 2536 2440 2537 2480; x_wconf 78' lang='lat' dir='ltr'>J</span> 
     </span>
    </p>
   </div>
   <div class='ocr_carea' id='block_1_22' title="bbox 388 2493 2481 2560">
    <p class='ocr_par' dir='ltr' id='par_1_22' title="bbox 388 2493 2481 2560">
     <span class='ocr_line' id='line_1_37' title="bbox 388 2493 2481 2560; baseline 0.003 -22"><span class='ocrx_word' id='word_1_418' title='bbox 388 2493 462 2539; x_wconf 88' lang='lat' dir='ltr'>ille</span> <span class='ocrx_word' id='word_1_419' title='bbox 497 2493 766 2556; x_wconf 85' lang='lat' dir='ltr'>complexus</span> <span class='ocrx_word' id='word_1_420' title='bbox 796 2497 991 2543; x_wconf 88' lang='lat' dir='ltr'>mirifica</span> <span class='ocrx_word' id='word_1_421' title='bbox 1025 2499 1215 2560; x_wconf 88' lang='lat' dir='ltr'>quadam</span> <span class='ocrx_word' id='word_1_422' title='bbox 1249 2498 1596 2557; x_wconf 84' lang='lat' dir='ltr'>benevolentia,</span> <span class='ocrx_word' id='word_1_423' title='bbox 1631 2496 2072 2560; x_wconf 24' lang='lat' dir='ltr'>omni-*benignitate</span> <span class='ocrx_word' id='word_1_424' title='bbox 2103 2498 2149 2542; x_wconf 89' lang='lat' dir='ltr'>in</span> <span class='ocrx_word' id='word_1_425' title='bbox 2183 2498 2307 2543; x_wconf 89' lang='lat' dir='ltr'>hunc</span> <span class='ocrx_word' id='word_1_426' title='bbox 2341 2496 2481 2559; x_wconf 89' lang='lat' dir='ltr'>usque</span> 
     </span>
    </p>
   </div>
   <div class='ocr_carea' id='block_1_23' title="bbox 384 2557 2547 2758">
    <p class='ocr_par' dir='ltr' id='par_1_23' title="bbox 384 2557 2547 2758">
     <span class='ocr_line' id='line_1_38' title="bbox 385 2557 2547 2625; baseline 0.001 -23"><span class='ocrx_word' id='word_1_427' title='bbox 385 2558 505 2604; x_wconf 89' lang='lat' dir='ltr'>diem</span> <span class='ocrx_word' id='word_1_428' title='bbox 529 2557 795 2621; x_wconf 86' lang='lat' dir='ltr'>prosecutus</span> <span class='ocrx_word' id='word_1_429' title='bbox 817 2561 894 2606; x_wconf 90' lang='lat' dir='ltr'>est.</span> <span class='ocrx_word' id='word_1_430' title='bbox 964 2562 1104 2608; x_wconf 89' lang='lat' dir='ltr'>Nihil</span> <span class='ocrx_word' id='word_1_431' title='bbox 1129 2563 1183 2610; x_wconf 91' lang='lat' dir='ltr'>ab</span> <span class='ocrx_word' id='word_1_432' title='bbox 1205 2579 1261 2609; x_wconf 91' lang='lat' dir='ltr'>eo</span> <span class='ocrx_word' id='word_1_433' title='bbox 1297 2578 1495 2625; x_wconf 88' lang='lat' dir='ltr'>unquam</span> <span class='ocrx_word' id='word_1_434' title='bbox 1521 2562 1633 2625; x_wconf 90' lang='lat' dir='ltr'>petii</span> <span class='ocrx_word' id='word_1_435' title='bbox 1667 2574 1744 2607; x_wconf 89' lang='lat' dir='ltr'>aut</span> <span class='ocrx_word' id='word_1_436' title='bbox 1769 2577 1894 2621; x_wconf 88' lang='lat' dir='ltr'>mea,</span> <span class='ocrx_word' id='word_1_437' title='bbox 1928 2574 2005 2607; x_wconf 85' lang='lat' dir='ltr'>aut</span> <span class='ocrx_word' id='word_1_438' title='bbox 2037 2562 2289 2608; x_wconf 87' lang='lat' dir='ltr'>amicorum</span> <span class='ocrx_word' id='word_1_439' title='bbox 2327 2560 2487 2620; x_wconf 73' lang='lat' dir='ltr'>causa,v</span> <span class='ocrx_word' id='word_1_440' title='bbox 2536 2574 2547 2605; x_wconf 67' lang='grc' dir='ltr'>,ς</span> 
     </span>
     <span class='ocr_line' id='line_1_39' title="bbox 385 2622 2544 2689; baseline 0.001 -23"><span class='ocrx_word' id='word_1_441' title='bbox 385 2622 509 2683; x_wconf 92' lang='lat' dir='ltr'>quod</span> <span class='ocrx_word' id='word_1_442' title='bbox 535 2638 628 2668; x_wconf 89' lang='lat' dir='ltr'>non</span> <span class='ocrx_word' id='word_1_443' title='bbox 651 2625 858 2685; x_wconf 86' lang='lat' dir='ltr'>protinus</span> <span class='ocrx_word' id='word_1_444' title='bbox 879 2625 1175 2673; x_wconf 76' lang='lat' dir='ltr'>obtinuerim,</span> <span class='ocrx_word' id='word_1_445' title='bbox 1209 2627 1395 2684; x_wconf 80' lang='lat' dir='ltr'>Qiibus</span> <span class='ocrx_word' id='word_1_446' title='bbox 1418 2628 1465 2672; x_wconf 85' lang='lat' dir='ltr'>in</span> <span class='ocrx_word' id='word_1_447' title='bbox 1490 2643 1565 2672; x_wconf 91' lang='lat' dir='ltr'>me</span> <span class='ocrx_word' id='word_1_448' title='bbox 1585 2624 1749 2672; x_wconf 88' lang='lat' dir='ltr'>officiis</span> <span class='ocrx_word' id='word_1_449' title='bbox 1771 2642 2000 2689; x_wconf 89' lang='lat' dir='ltr'>nunquam</span> <span class='ocrx_word' id='word_1_450' title='bbox 2026 2626 2380 2672; x_wconf 88' lang='lat' dir='ltr'>intermorituris</span> <span class='ocrx_word' id='word_1_451' title='bbox 2395 2641 2492 2688; x_wconf 86' lang='lat' dir='ltr'>pro-</span> <span class='ocrx_word' id='word_1_452' title='bbox 2536 2646 2544 2669; x_wconf 79' lang='lat'>:-</span> 
     </span>
     <span class='ocr_line' id='line_1_40' title="bbox 384 2686 2538 2758; baseline 0.002 -27"><span class='ocrx_word' id='word_1_453' title='bbox 384 2686 513 2758; x_wconf 74' lang='lat' dir='ltr'>virili</span> <span class='ocrx_word' id='word_1_454' title='bbox 532 2699 660 2749; x_wconf 88' lang='lat' dir='ltr'>parte</span> <span class='ocrx_word' id='word_1_455' title='bbox 689 2690 817 2735; x_wconf 87' lang='lat' dir='ltr'>omni</span> <span class='ocrx_word' id='word_1_456' title='bbox 845 2689 993 2735; x_wconf 90' lang='lat' dir='ltr'>studio</span> <span class='ocrx_word' id='word_1_457' title='bbox 1015 2690 1303 2737; x_wconf 86' lang='lat' dir='ltr'>&amp;industria</span> <span class='ocrx_word' id='word_1_458' title='bbox 1337 2690 1477 2737; x_wconf 88' lang='lat' dir='ltr'>indies</span> <span class='ocrx_word' id='word_1_459' title='bbox 1512 2692 1690 2748; x_wconf 88' lang='lat' dir='ltr'>enitor,</span> <span class='ocrx_word' id='word_1_460' title='bbox 1725 2702 1778 2736; x_wconf 93' lang='lat' dir='ltr'>ut</span> <span class='ocrx_word' id='word_1_461' title='bbox 1814 2691 1937 2754; x_wconf 91' lang='lat' dir='ltr'>quod</span> <span class='ocrx_word' id='word_1_462' title='bbox 1960 2690 2092 2736; x_wconf 88' lang='lat' dir='ltr'>Plato</span> <span class='ocrx_word' id='word_1_463' title='bbox 2124 2691 2200 2736; x_wconf 88' lang='lat' dir='ltr'>ille</span> <span class='ocrx_word' id='word_1_464' title='bbox 2225 2689 2252 2736; x_wconf 72' lang='lat' dir='ltr'>a</span> <span class='ocrx_word' id='word_1_465' title='bbox 2275 2689 2491 2737; x_wconf 54' lang='lat' dir='ltr'>doctoriff</span> <span class='ocrx_word' id='word_1_466' title='bbox 2536 2717 2538 2727; x_wconf 74' lang='lat'>›</span> 
     </span>
    </p>
   </div>
   <div class='ocr_carea' id='block_1_24' title="bbox 2522 885 2547 2499">
    <p class='ocr_par' dir='ltr' id='par_1_24' title="bbox 2522 885 2547 2499">
     <span class='ocr_line' id='line_1_41' title="bbox 2522 885 2547 2499; baseline 0 0"><span class='ocrx_word' id='word_1_467' title='bbox 2522 885 2547 2499; x_wconf 95' lang='lat' dir='ltr'> </span> 
     </span>
    </p>
   </div>
   <div class='ocr_carea' id='block_1_25' title="bbox 387 2749 2547 2816">
    <p class='ocr_par' dir='ltr' id='par_1_25' title="bbox 387 2749 2547 2816">
     <span class='ocr_line' id='line_1_42' title="bbox 387 2749 2547 2816; baseline 0.002 -20"><span class='ocrx_word' id='word_1_468' title='bbox 387 2749 470 2797; x_wconf 91' lang='lat' dir='ltr'>bus</span> <span class='ocrx_word' id='word_1_469' title='bbox 502 2767 547 2796; x_wconf 91' lang='lat' dir='ltr'>1n</span> <span class='ocrx_word' id='word_1_470' title='bbox 573 2751 729 2814; x_wconf 90' lang='lat' dir='ltr'>primis</span> <span class='ocrx_word' id='word_1_471' title='bbox 753 2753 1005 2800; x_wconf 88' lang='lat' dir='ltr'>curandum</span> <span class='ocrx_word' id='word_1_472' title='bbox 1031 2755 1211 2813; x_wconf 87' lang='lat' dir='ltr'>voluit,</span> <span class='ocrx_word' id='word_1_473' title='bbox 1244 2755 1470 2803; x_wconf 90' lang='lat' dir='ltr'>virtutum</span> <span class='ocrx_word' id='word_1_474' title='bbox 1494 2768 1540 2801; x_wconf 90' lang='lat' dir='ltr'>te</span> <span class='ocrx_word' id='word_1_475' title='bbox 1562 2769 1811 2801; x_wconf 90' lang='lat' dir='ltr'>amatorem</span> <span class='ocrx_word' id='word_1_476' title='bbox 1847 2755 2079 2816; x_wconf 87' lang='lat' dir='ltr'>praebeas,</span> <span class='ocrx_word' id='word_1_477' title='bbox 2115 2753 2481 2802; x_wconf 64' lang='lat' dir='ltr'>&amp;Tanetiffimos</span> <span class='ocrx_word' id='word_1_478' title='bbox 2545 2774 2547 2780; x_wconf 64' lang='lat'><strong><em>¹</em></strong></span> 
     </span>
    </p>
   </div>
   <div class='ocr_carea' id='block_1_26' title="bbox 387 2816 2490 3010">
    <p class='ocr_par' dir='ltr' id='par_1_26' title="bbox 387 2816 2490 3010">
     <span class='ocr_line' id='line_1_43' title="bbox 387 2816 2490 2884; baseline 0.003 -25"><span class='ocrx_word' id='word_1_479' title='bbox 387 2830 533 2860; x_wconf 88' lang='lat' dir='ltr'>mores</span> <span class='ocrx_word' id='word_1_480' title='bbox 561 2816 828 2879; x_wconf 90' lang='lat' dir='ltr'>optimaque</span> <span class='ocrx_word' id='word_1_481' title='bbox 851 2818 1058 2866; x_wconf 87' lang='lat' dir='ltr'>instituta</span> <span class='ocrx_word' id='word_1_482' title='bbox 1082 2820 1367 2879; x_wconf 85' lang='lat' dir='ltr'>imbibas,ut</span> <span class='ocrx_word' id='word_1_483' title='bbox 1393 2821 1608 2884; x_wconf 80' lang='lat' dir='ltr'>regere&amp;</span> <span class='ocrx_word' id='word_1_484' title='bbox 1636 2820 1733 2883; x_wconf 89' lang='lat' dir='ltr'>regi</span> <span class='ocrx_word' id='word_1_485' title='bbox 1756 2818 2351 2882; x_wconf 82' lang='lat' dir='ltr'>discas,magistrajustitia.</span> <span class='ocrx_word' id='word_1_486' title='bbox 2388 2818 2490 2865; x_wconf 70' lang='lat' dir='ltr'>Ge«-</span> 
     </span>
     <span class='ocr_line' id='line_1_44' title="bbox 388 2874 2488 2947; baseline 0.002 -24"><span class='ocrx_word' id='word_1_487' title='bbox 388 2890 538 2934; x_wconf 86' lang='lat' dir='ltr'>terum</span> <span class='ocrx_word' id='word_1_488' title='bbox 565 2896 672 2925; x_wconf 87' lang='lat' dir='ltr'>cum</span> <span class='ocrx_word' id='word_1_489' title='bbox 697 2881 912 2940; x_wconf 67' lang='lat' dir='ltr'>haetenus</span> <span class='ocrx_word' id='word_1_490' title='bbox 944 2883 1089 2930; x_wconf 81' lang='lat' dir='ltr'>fecisti</span> <span class='ocrx_word' id='word_1_491' title='bbox 1124 2883 1420 2931; x_wconf 76' lang='lat' dir='ltr'>fundamenta</span> <span class='ocrx_word' id='word_1_492' title='bbox 1448 2885 1652 2947; x_wconf 85' lang='lat' dir='ltr'>optima,</span> <span class='ocrx_word' id='word_1_493' title='bbox 1686 2900 1738 2930; x_wconf 88' lang='lat' dir='ltr'>ac</span> <span class='ocrx_word' id='word_1_494' title='bbox 1770 2883 2018 2946; x_wconf 88' lang='lat' dir='ltr'>majoribus</span> <span class='ocrx_word' id='word_1_495' title='bbox 2045 2884 2134 2929; x_wconf 88' lang='lat' dir='ltr'>tuis</span> <span class='ocrx_word' id='word_1_496' title='bbox 2159 2883 2206 2929; x_wconf 88' lang='lat'>&amp;</span> <span class='ocrx_word' id='word_1_497' title='bbox 2234 2874 2488 2929; x_wconf 36' lang='lat' dir='ltr'>excellentia</span> 
     </span>
     <span class='ocr_line' id='line_1_45' title="bbox 389 2943 2479 3010; baseline 0.003 -22"><span class='ocrx_word' id='word_1_498' title='bbox 389 2955 515 3002; x_wconf 89' lang='lat' dir='ltr'>patre</span> <span class='ocrx_word' id='word_1_499' title='bbox 539 2943 732 3006; x_wconf 88' lang='lat' dir='ltr'>dignum</span> <span class='ocrx_word' id='word_1_500' title='bbox 756 2957 803 2990; x_wconf 90' lang='lat' dir='ltr'>te</span> <span class='ocrx_word' id='word_1_501' title='bbox 829 2946 976 2993; x_wconf 87' lang='lat' dir='ltr'>filium</span> <span class='ocrx_word' id='word_1_502' title='bbox 1005 2949 1223 3009; x_wconf 86' lang='lat' dir='ltr'>praestas,</span> <span class='ocrx_word' id='word_1_503' title='bbox 1258 2966 1353 2995; x_wconf 91' lang='lat' dir='ltr'>non</span> <span class='ocrx_word' id='word_1_504' title='bbox 1375 2948 1553 3010; x_wconf 83' lang='lat' dir='ltr'>poffum</span> <span class='ocrx_word' id='word_1_505' title='bbox 1582 2965 1676 2995; x_wconf 90' lang='lat' dir='ltr'>non</span> <span class='ocrx_word' id='word_1_506' title='bbox 1697 2948 1994 2995; x_wconf 85' lang='lat' dir='ltr'>vehementer</span> <span class='ocrx_word' id='word_1_507' title='bbox 2017 2947 2101 2994; x_wconf 85' lang='lat' dir='ltr'>tibi</span> <span class='ocrx_word' id='word_1_508' title='bbox 2126 2947 2372 3010; x_wconf 80' lang='lat' dir='ltr'>gratulari,</span> <span class='ocrx_word' id='word_1_509' title='bbox 2394 2947 2479 2995; x_wconf 51' lang='lat' dir='ltr'>mie</span> 
     </span>
    </p>
   </div>
   <div class='ocr_carea' id='block_1_27' title="bbox 372 3005 2540 3140">
    <p class='ocr_par' dir='ltr' id='par_1_27' title="bbox 372 3005 2540 3140">
     <span class='ocr_line' id='line_1_46' title="bbox 387 3005 2540 3077; baseline 0 -22"><span class='ocrx_word' id='word_1_510' title='bbox 387 3006 528 3077; x_wconf 67' lang='lat' dir='ltr'>hique</span> <span class='ocrx_word' id='word_1_511' title='bbox 557 3008 783 3070; x_wconf 87' lang='lat' dir='ltr'>gaudere,</span> <span class='ocrx_word' id='word_1_512' title='bbox 818 3011 943 3072; x_wconf 88' lang='lat' dir='ltr'>quod</span> <span class='ocrx_word' id='word_1_513' title='bbox 975 3012 1156 3058; x_wconf 83' lang='lat' dir='ltr'>videam</span> <span class='ocrx_word' id='word_1_514' title='bbox 1186 3026 1231 3058; x_wconf 91' lang='lat' dir='ltr'>te</span> <span class='ocrx_word' id='word_1_515' title='bbox 1266 3015 1488 3077; x_wconf 81' lang='lat' dir='ltr'>majorum</span> <span class='ocrx_word' id='word_1_516' title='bbox 1521 3013 1795 3077; x_wconf 87' lang='lat' dir='ltr'>imaginibus</span> <span class='ocrx_word' id='word_1_517' title='bbox 1824 3013 2156 3075; x_wconf 68' lang='lat' dir='ltr'>conspicuum,</span> <span class='ocrx_word' id='word_1_518' title='bbox 2191 3010 2265 3058; x_wconf 93' lang='lat' dir='ltr'>sed</span> <span class='ocrx_word' id='word_1_519' title='bbox 2300 3010 2482 3076; x_wconf 86' lang='lat' dir='ltr'>propria</span> <span class='ocrx_word' id='word_1_520' title='bbox 2538 3005 2540 3055; x_wconf 67' lang='grc' dir='ltr'><strong>ἱ</strong></span> 
     </span>
     <span class='ocr_line' id='line_1_47' title="bbox 372 3071 2540 3140; baseline 0.003 -23"><span class='ocrx_word' id='word_1_521' title='bbox 372 3083 560 3117; x_wconf 53' lang='lat' dir='ltr'>&gt;virtute</span> <span class='ocrx_word' id='word_1_522' title='bbox 582 3071 855 3119; x_wconf 86' lang='lat' dir='ltr'>nobiliorem</span> <span class='ocrx_word' id='word_1_523' title='bbox 878 3073 991 3121; x_wconf 88' lang='lat' dir='ltr'>fore.</span> <span class='ocrx_word' id='word_1_524' title='bbox 1042 3077 1297 3140; x_wconf 89' lang='lat' dir='ltr'>Nunquam</span> <span class='ocrx_word' id='word_1_525' title='bbox 1326 3079 1447 3124; x_wconf 70' lang='lat' dir='ltr'>enim</span> <span class='ocrx_word' id='word_1_526' title='bbox 1479 3077 1732 3124; x_wconf 88' lang='lat' dir='ltr'>litterarum</span> <span class='ocrx_word' id='word_1_527' title='bbox 1758 3076 1902 3124; x_wconf 89' lang='lat' dir='ltr'>studia</span> <span class='ocrx_word' id='word_1_528' title='bbox 1928 3076 2265 3138; x_wconf 88' lang='lat' dir='ltr'>praetermittis.</span> <span class='ocrx_word' id='word_1_529' title='bbox 2332 3076 2386 3122; x_wconf 94' lang='lat' dir='ltr'>N</span> <span class='ocrx_word' id='word_1_530' title='bbox 2392 3088 2479 3121; x_wconf 88' lang='lat' dir='ltr'>unc</span> <span class='ocrx_word' id='word_1_531' title='bbox 2510 3103 2512 3106; x_wconf 38' lang='lat' dir='ltr'>v</span> <span class='ocrx_word' id='word_1_532' title='bbox 2539 3095 2540 3123; x_wconf 59' lang='lat' dir='ltr'>i</span> 
     </span>
    </p>
   </div>
   <div class='ocr_carea' id='block_1_28' title="bbox 386 3133 2540 3208">
    <p class='ocr_par' dir='ltr' id='par_1_28' title="bbox 386 3133 2540 3208">
     <span class='ocr_line' id='line_1_48' title="bbox 386 3133 2540 3208; baseline 0.002 -28"><span class='ocrx_word' id='word_1_533' title='bbox 386 3133 674 3208; x_wconf 80' lang='lat' dir='ltr'>eloquentiae</span> <span class='ocrx_word' id='word_1_534' title='bbox 695 3135 849 3183; x_wconf 87' lang='lat' dir='ltr'>studiis</span> <span class='ocrx_word' id='word_1_535' title='bbox 869 3139 1120 3187; x_wconf 72' lang='lat' dir='ltr'>incumbis.v</span> <span class='ocrx_word' id='word_1_536' title='bbox 1150 3142 1390 3189; x_wconf 89' lang='lat' dir='ltr'>Interdum</span> <span class='ocrx_word' id='word_1_537' title='bbox 1419 3142 1474 3188; x_wconf 90' lang='lat' dir='ltr'>ad</span> <span class='ocrx_word' id='word_1_538' title='bbox 1498 3143 1818 3190; x_wconf 88' lang='lat' dir='ltr'>mansuetiores</span> <span class='ocrx_word' id='word_1_539' title='bbox 1838 3139 1993 3189; x_wconf 88' lang='lat' dir='ltr'>Musas</span> <span class='ocrx_word' id='word_1_540' title='bbox 2017 3139 2133 3187; x_wconf 87' lang='lat' dir='ltr'>redis</span> <span class='ocrx_word' id='word_1_541' title='bbox 2154 3156 2210 3186; x_wconf 82' lang='lat' dir='ltr'>ex</span> <span class='ocrx_word' id='word_1_542' title='bbox 2234 3139 2362 3186; x_wconf 87' lang='lat' dir='ltr'>Fabii</span> <span class='ocrx_word' id='word_1_543' title='bbox 2385 3139 2479 3185; x_wconf 90' lang='lat' dir='ltr'>sen·</span> <span class='ocrx_word' id='word_1_544' title='bbox 2538 3165 2540 3192; x_wconf 58' lang='lat'>2</span> 
     </span>
    </p>
   </div>
   <div class='ocr_carea' id='block_1_29' title="bbox 2538 3134 2540 3164">
    <p class='ocr_par' dir='ltr' id='par_1_29' title="bbox 2538 3134 2540 3164">
     <span class='ocr_line' id='line_1_49' title="bbox 2538 3134 2540 3164; baseline 0 0"><span class='ocrx_word' id='word_1_545' title='bbox 2538 3134 2540 3164; x_wconf 73' lang='grc'><strong>1</strong></span> 
     </span>
    </p>
   </div>
   <div class='ocr_carea' id='block_1_30' title="bbox 387 3201 2547 3318">
    <p class='ocr_par' dir='ltr' id='par_1_30' title="bbox 387 3201 2547 3318">
     <span class='ocr_line' id='line_1_50' title="bbox 387 3201 2547 3282; baseline 0.003 -36"><span class='ocrx_word' id='word_1_546' title='bbox 387 3211 557 3261; x_wconf 82' lang='lat' dir='ltr'>tentia,</span> <span class='ocrx_word' id='word_1_547' title='bbox 592 3201 670 3264; x_wconf 91' lang='lat' dir='ltr'>qui</span> <span class='ocrx_word' id='word_1_548' title='bbox 694 3203 919 3268; x_wconf 86' lang='lat' dir='ltr'>praecipit</span> <span class='ocrx_word' id='word_1_549' title='bbox 947 3204 1165 3270; x_wconf 88' lang='lat' dir='ltr'>legendos</span> <span class='ocrx_word' id='word_1_550' title='bbox 1191 3208 1352 3270; x_wconf 74' lang='lat' dir='ltr'>poetas</span> <span class='ocrx_word' id='word_1_551' title='bbox 1373 3207 1485 3268; x_wconf 83' lang='lat' dir='ltr'>effe,</span> <span class='ocrx_word' id='word_1_552' title='bbox 1520 3207 1567 3256; x_wconf 72' lang='lat' dir='ltr'>Sc</span> <span class='ocrx_word' id='word_1_553' title='bbox 1590 3206 1922 3257; x_wconf 83' lang='lat' dir='ltr'>excutiendum</span> <span class='ocrx_word' id='word_1_554' title='bbox 1944 3219 2083 3252; x_wconf 89' lang='lat' dir='ltr'>omne</span> <span class='ocrx_word' id='word_1_555' title='bbox 2102 3204 2378 3268; x_wconf 88' lang='lat' dir='ltr'>scriptorum</span> <span class='ocrx_word' id='word_1_556' title='bbox 2398 3215 2483 3266; x_wconf 67' lang='lat' dir='ltr'>ge·-</span> <span class='ocrx_word' id='word_1_557' title='bbox 2540 3230 2547 3282; x_wconf 27' lang='lat'>3</span> 
     </span>
     <span class='ocr_line' id='line_1_51' title="bbox 1688 3280 2482 3318; baseline 0.018 -19"><span class='ocrx_word' id='word_1_558' title='bbox 1688 3296 1689 3299; x_wconf 75' lang='grc'>,</span> <span class='ocrx_word' id='word_1_559' title='bbox 2384 3280 2482 3318; x_wconf 77' lang='lat' dir='ltr'>nus,</span> 
     </span>
    </p>
   </div>
  </div>
 </body>
</html>
