2547 3708
608 170 1514 224 PRAEFArioNEs
2018 197 2111 249 wa

25 286 78 332 de
100 276 279 344 publica
291 271 410 337 gerit
434 268 782 332 negocia,quae
807 278 926 310 terra
948 267 1153 327 marique
1174 266 1428 328 gravissima
1449 268 1622 317 summa
1646 271 1781 318 laude
1802 274 2034 336 confecit,
2060 295 2112 323 0-

21 341 168 414 'Peram
201 354 382 393 tamen,
405 349 540 398 quam
564 333 720 377 amicis
743 329 896 375 deberi
924 329 1095 388 credit,
1132 330 1177 375 ἃ
1204 334 1376 393 patitur
1400 334 1531 380 facile
1554 334 1603 381 &
1628 336 1889 383 constanter
1913 338 2041 386 fovet
2063 342 2112 388 δε

20 409 230 477 perficit3
263 405 325 448 ita
351 399 473 462 quod
499 411 760 443 extremum
782 394 910 440 illum
949 392 1117 451 finem,
1151 411 1285 456 quem
1322 412 1480 444 omnes
1514 414 1770 462 expetunt,
1806 402 1914 448 licet
1942 404 2113 450 Hiero-

21 487 182 538 nymus
200 467 412 514 Rhodius
438 462 734 508 indolentiam
750 494 766 519 ,
781 460 1011 521 Epicurus
1035 460 1323 521 voluptatem
1346 462 1516 509 diversa
1538 466 1969 524 iat'ionestirtutem
1986 469 2115 515 Sto'i‘-

20 542 62 588 ci
78 538 123 583 &
138 531 400 581 Aristoteles
422 528 507 574 effe
532 522 939 586 crediderint,ipse
963 522 1318 571 beneficentiam
1342 527 1625 574 constituisse
1648 529 1729 576 fibi
1751 530 1972 577 videatur.
2019 532 2114 581 Has

22 599 339 650 intervirtutes
351 607 402 641 tu
427 607 639 656 quoque,
657 604 706 636 ut
721 606 786 647 ex·
806 589 943 634 feraci
967 586 1063 633 solo
1090 587 1344 636 uberrimus
1356 590 1764 657 frt1&us‚en1ergis
1776 608 1988 659 paternae
2013 596 2118 660 glo-

21 668 107 715 riae
121 661 343 728 spezstator
366 660 412 705 ἃ
436 659 617 714 cultor,
634 657 764 717 cujus
787 652 961 697 indoles
974 668 1086 715 quae
1110 652 1255 699 futuri
1283 652 1501 702 successus
1524 658 1749 722 praesagia
1769 673 1949 719 teneat,
1975 661 2019 706 id
2044 661 2118 708 vel

18 730 213 780 maxime
236 725 437 780 indicat,
471 720 594 784 quod
617 720 739 765 nulla
761 717 1023 763 hortatione
1048 731 1145 762 eam
1180 718 1321 765 laudis
1342 723 1461 766 viam
1486 722 1769 769 rectissimam
1798 723 1953 771 ducis„
1981 742 2119 788 quam

19 796 100 843 tibi
139 793 328 855 majores
363 789 432 834 tui
468 789 623 831 tritam
655 784 954 845 reliquerunt.
979 795 984 802 ·
1023 780 1149 827 Nam
1175 797 1281 829 cum
1306 787 1485 847 optime
1507 786 1736 834 institutus
1758 787 1838 848 fis,
1870 791 2053 852 acrique
2073 807 2120 837 e-

18 860 185 915 mineas
217 854 434 917 ingenio,
467 849 723 896 ostenditur
754 847 915 904 facile,
950 861 1086 906 quam
1126 849 1351 908 optimam
1390 850 1569 914 frugem
1594 853 1703 898 haec
1725 852 1943 916 spondeat
1965 856 2120 919 seges,

19 937 238 987 magnum
262 932 385 965 certe
408 914 645 979 promittit
669 911 779 958 haec
806 921 983 973 praeter
1003 922 1195 955 aetatem
1222 912 1313 958 sine
1338 918 1596 978 arrogantia
1619 917 1949 980 g1·avita3,fine
1968 918 2123 983 segni-

13 987 79 1035 'tie
116 983 414 1031 verecundia:
451 978 539 1027 Sed
573 993 680 1024 cum
717 977 890 1037 majora
925 972 1011 1020 sint
1045 977 1305 1036 quamdici
1338 979 1533 1039 poffint,
1570 997 1624 1025 ne
1649 981 1922 1029 laudationis
1943 982 2124 1031 causam

17 1050 227 1117 ‘quaesisse
257 1047 522 1100 videamur,
555 1042 708 1089 redeat
744 1039 864 1086 unde
898 1037 1096 1085 defluxit
1128 1042 1305 1087 oratio:
1342 1041 1611 1090 diuturnum
1640 1046 1752 1091 illud
1784 1048 1964 1105 otium,
1997 1047 2126 1110 quod

16 1116 64 1163 in
85 1113 440 1178 exequutionem
472 1107 710 1154 auctorum
735 1105 783 1151 &
803 1120 953 1151 rerum
978 1105 1420 1167 contemplationem
1444 1109 1755 1168 contulimus,
1788 1126 1845 1156 ex
1880 1110 2009 1157 scena
2027 1113 2126 1174 jam

0 1177 67 1228 lin
99 1194 280 1226 caveam
318 1175 591 1221 deducemus
613 1193 628 1226 3
653 1177 730 1215 'ne
764 1168 890 1233 quod
924 1168 1074 1214 lucem
1109 1169 1341 1232 solemque
1376 1171 1683 1232 desiderabat,
1720 1175 1766 1219 in
1787 1174 1950 1221 umbra
1979 1174 2127 1239 dispe-

19 1247 143 1304 riretx.
213 1243 334 1288 Cum
368 1238 484 1285 nihil
515 1239 561 1284 in
594 1236 838 1282 hominum
874 1234 968 1281 vita
994 1234 1226 1281 honestius
1252 1235 1333 1294 sit,
1357 1253 1492 1299 quam
1516 1238 1685 1300 aliquid
1717 1237 1974 1297 elaborare,
1999 1238 2126 1301 quod

22 1309 287 1360 memoriam
323 1304 467 1360 servet
502 1302 549 1349 ὃς
584 1300 711 1346 usum
744 1298 986 1364 publicum
1010 1312 1191 1362 augeat.
1227 1299 1385 1357 Qiare
1407 1302 1459 1347 ad
1486 1303 1705 1365 poeticen
1725 1303 1998 1360 conversus,
2034 1319 2131 1350 non

20 1373 146 1440 'quod
178 1373 379 1419 animum
414 1369 693 1424 relaxarem,
727 1378 780 1411 ut
816 1363 1000 1426 quidam
1033 1362 1074 1409 se
1109 1364 1261 1411 fecifl'e
1294 1365 1538 1425 dixerunt,
1574 1367 1645 1412 sed
1682 1366 1894 1429 publicae
1915 1366 2131 1414 utilitatis

23 1439 170 1505 gratia
203 1452 310 1491 cum
343 1434 507 1480 divinis
543 1431 629 1477 illis
652 1429 817 1478 Ovidii
854 1428 1081 1475 caloribus
1106 1446 1200 1476 non
1227 1429 1317 1476 sine
1340 1429 1501 1477 sudore
1525 1431 1573 1477 &
1601 1431 1814 1494 pulvere,
1849 1444 1904 1477 ut
1929 1432 1977 1477 in
1998 1447 2133 1478 arena

24 1503 277 1570 gladiator,
317 1495 642 1561 aliquantisper
667 1493 928 1542 obversatus
948 1493 1061 1540 sum.
1109 1495 1174 1541 .ls
1204 1496 1323 1541 enim
1349 1508 1400 1541 ut
1425 1497 1693 1542 inventione
1717 1496 1765 1541 &
1799 1494 2046 1553 facilitate,
2068 1496 2133 1543 ita

30 1578 184 1616 omnes
218 1566 391 1629 ingenii
426 1562 637 1610 ubertate
672 1560 718 1607 &
756 1558 1004 1607 verborum
1037 1561 1172 1621 copia
1207 1560 1400 1606 Latinos
1437 1560 1626 1625 poetas,
1660 1559 1928 1622 astipulante
1960 1558 2134 1621 Fabio,

25 1632 187 1697 absque
220 1632 308 1677 ulla
345 1628 634 1677 dubitatione
668 1623 917 1688 praecellit.
988 1623 1076 1671 Sed
1099 1640 1206 1670 cum
1231 1624 1385 1670 noster
1408 1640 1544 1689 eques
1569 1641 1751 1671 omnem
1778 1623 2137 1687 illiuscampum

26 1697 310 1754 cucurrerit,
345 1708 504 1740 omnes
537 1690 684 1738 nodos
711 1689 921 1747 solverit,
956 1704 1115 1736 omnes
1144 1691 1240 1753 jam
1266 1690 1439 1736 calores
1471 1689 1810 1753 perstrinxerit,
1847 1688 2020 1749 placuit
2043 1689 2139 1736 edi-

27 1763 164 1810 tionis
199 1759 477 1826 principium
502 1757 557 1803 ab
588 1753 872 1802 Hero‘i'dibus
895 1754 1140 1816 auspicari,
1175 1756 1392 1818 quoniam
1426 1753 1470 1799 id
1495 1752 1718 1802 scnibendi
1749 1769 1891 1816 genus
1913 1753 2139 1801 Latinum

27 1827 117 1886 est,
153 1827 200 1873 δε
233 1826 273 1872 se
304 1825 506 1888 primum
536 1820 747 1867 cecinisse
770 1820 971 1865 maxime
992 1819 1222 1883 gloriatur
1248 1819 1462 1866 Ovidius.
1534 1820 1669 1882 Opus
1695 1820 1815 1864 enim
1841 1817 2017 1864 varium
2042 1815 2137 1879 est,

28 1891 271 1949 disertum,
306 1887 581 1949 multiplex,
617 1885 880 1947 copiosum:
917 1883 995 1930 ubi
1026 1884 1198 1930 multae
1225 1900 1319 1930 non
1343 1884 1486 1929 solum
1511 1881 1760 1945 exquisitae
1783 1881 2140 1945 reconditaeque

27 1955 276 2004 sententiae
303 1954 381 1997 vix
405 1952 504 1998 satis
527 1950 845 2011 explicantur3
871 1946 941 1992 sed
965 1949 1102 1993 etiam
1126 1949 1336 1993 locorum
1363 1948 1773 2008 historiarumque,
1808 1945 1856 1992 &
1879 1945 2137 1993 fabularum

29 2019 252 2075 obscura,
288 2011 348 2061 &²
373 2012 653 2078 perdifficilis
684 2011 899 2057 hactenus
923 2010 1293 2057 allucinationem
1325 2009 1536 2073 praebuit
1563 2010 1807 2074 appositio.
1876 2009 1965 2055 His
1992 2011 2139 2072 igitur

30 2085 195 2158 apertis
229 2082 358 2145 spero
381 2094 533 2124 meum
557 2078 681 2122 hunc
707 2076 906 2121 laborem
935 2075 982 2120 &
1008 2076 1095 2120 tibi
1118 2075 1165 2121 &
1184 2075 1317 2121 bonis
1337 2073 1551 2121 omnibus
1575 2090 1667 2119 non
1693 2073 1987 2120 inhonestum
2014 2073 2143 2119 vide-

33 2164 70 2196 τι
102 2147 242 2211 posse,
313 2145 441 2197 Nam
483 2142 513 2188 fi
537 2142 719 2188 Zenoni
747 2139 955 2201 Cythieo
992 2139 1262 2185 Stoicorum
1289 2140 1487 2202 principi
1517 2140 1720 2185 maximo
1746 2149 2018 2183 ornamento
2044 2135 2145 2183 He·-

36 2212 149 2261 fiodi
184 2209 497 2272 Theogoniae
529 2203 706 2251 acceffit
741 2205 1074 2266 interpretatio.
1115 2203 1145 2249 fi
1169 2203 1380 2249 Cleantes
1405 2203 1562 2262 Asius,
1600 2204 1678 2264 qui
1702 2201 1983 2259 Phreantes,
2018 2200 2144 2263 quod

34 2275 293 2325 exhauriret
316 2286 479 2336 puteos
494 2305 508 2330 ,
529 2269 884 2332 cognominatus
912 2268 993 2312 est.
1030 2269 1078 2314 Si
1102 2268 1390 2331 Chrysippus
1413 2266 1674 2314 Tharsensis
1695 2267 1742 2311 in
1765 2263 2018 2311 fabularum
2046 2282 2146 2329 my-

37 2340 174 2396 steriis
208 2355 420 2402 magnam
457 2334 520 2382 sui
554 2333 689 2380 studii
722 2345 896 2396 partem
927 2331 1208 2395 posuerunt,
1244 2347 1296 2378 ut
1324 2333 1417 2379 illas
1450 2333 1577 2379 vario
1617 2329 1945 2394 interpretandi
1980 2345 2146 2394 genere

39 2405 355 2473 physiologiae
378 2401 667 2464 subjicerent.
735 2397 931 2453 Qianto
957 2397 1071 2442 mihi
1103 2397 1335 2442 honestius
1358 2399 1473 2446 verti
1500 2395 1666 2455 debet,
1702 2395 1733 2441 si
1766 2394 1960 2441 evolutis
1992 2409 2146 2440 rerum

39 2469 352 2518 monumentis
386 2468 582 2512 heroum
619 2463 1005 2522 hero'i'narumque
1038 2459 1226 2508 arfastus
1263 2460 1441 2508 summo
1480 2462 1646 2525 poetae
1681 2460 1866 2523 ingenio
1902 2457 2148 2519 expressos,

2 2558 18 2570 υ
41 2535 89 2581 δί
123 2534 176 2580 ad
207 2533 512 2580 imitationem
546 2528 888 2590 utilitatemque
912 2525 960 2572 ὃς
981 2542 1139 2572 eorum
1157 2560 1172 2585 ,
1206 2527 1285 2589 qui
1311 2524 1441 2572 simili
1480 2538 1746 2573 tenerentur
1772 2521 1949 2580 studio,
1976 2522 2149 2583 jucun-

41 2599 229 2653 ditatem
254 2596 487 2643 eduxerim
504 2628 519 2653 ,
543 2595 589 2640 in
613 2609 705 2656 quo
730 2593 1003 2655 ignavorum
1034 2590 1327 2638 dicacitatem
1363 2604 1500 2654 atque
1530 2589 1907 2647 calumniantium
1930 2586 2149 2633 invidiam

41 2663 172 2710 facile
194 2673 460 2708 contemno.
498 2661 546 2706 Si
572 2674 621 2706 tu
638 2692 652 2716 ,
676 2659 752 2703 cui
775 2655 1028 2703 nostrarum
1055 2656 1314 2720 vigiliarum
1343 2656 1564 2720 primitias
1588 2654 1828 2713 dedicavi,
1859 2666 2006 2699 meam
2030 2650 2146 2700 hanc

10 2764 14 2807 i
42 2726 209 2781 'dex-tro
232 2724 372 2774 fidere
397 2723 611 2790 probabis
642 2721 926 2777 industriam⁶

12 2811 14 2837 l

1364 3236 1407 3284 Z
1442 3250 1469 3282 ι
1951 3222 2149 3288 GUID,
