2547 3708
641 117 1542 173 PRAEFATIONES
2053 145 2143 198 ms

827 248 1335 313 EJUSDEM

778 345 1003 393 Praefatio
1030 345 1084 392 ad
1109 345 1376 393 Lectorem.

136 481 256 541 Ibri,
292 479 455 543 quibus
480 479 526 525 in
542 476 706 527 Ovidii
732 477 900 535 nostri,
934 477 1100 540 poetae
1120 476 1377 540 lepidiffimi
1398 493 1450 523 ac
1471 475 1712 524 cle-&islimi
1728 512 1741 536 ,
1759 479 2133 545 Metamoi‘phofi

10 577 13 594 ι
161 546 440 593 emendanda
465 544 565 590 usus
589 544 712 600 sum,
747 558 942 605 quorum
974 541 1087 599 sint,
1124 541 1172 587 &
1197 540 1222 588 a
1244 543 1407 605 quibus
1432 558 1508 588 eos
1534 543 1832 590 commodato
1857 549 2131 610 acceperim,

9 615 188 677 {paucis
218 625 265 658 te
301 607 808 657 commonefaciendum
843 607 1018 669 putavi.
1088 606 1210 651 Scias
1245 609 1414 670 igitur,
1450 623 1559 653 cum
1592 607 1640 653 in
1676 609 1825 654 Patria
1858 609 2018 669 ⁴essem,
2055 612 2130 659 sex

9 687 11 719 ρ
37 675 361 738 manuscriptos
383 675 521 720 libros
546 688 620 718 me
644 670 874 716 evolviffe.
911 669 1129 726 Quorum
1159 686 1279 718 unus·
1297 673 1414 730 suit,
1431 670 1474 717 id
1502 671 1565 717 est
1589 673 1926 734 propemodum
1956 676 2129 738 septem

8 742 168 804 :primi
197 740 328 797 libri,
364 736 587 784 Francisci
615 737 803 792 Sanaei,
838 735 925 779 viri
961 737 1169 780 omnium
1208 735 1536 782 humaniffimi:
1572 752 1705 798 quem
1741 739 1845 797 ille,
1881 754 2127 804 antequam

8 838 9 847 ,
33 803 58 850 ἑ
83 807 176 851 vita
207 803 478 861 excederet,
516 801 692 846 Ascanii
719 799 889 845 Lucini
920 814 1060 860 opera
1094 800 1205 844 mihi
1232 802 1513 864 perbenigne
1539 802 1912 850 commodaverat
1995 806 2130 852 Alius

7 868 9 876 ’
30 868 95 915 est
119 869 333 915 sodalium
352 867 794 922 Dominicanorum,
829 864 875 909 iii
897 877 990 925 quo
1011 862 1087 909 sex
1110 862 1202 907 fere
1223 865 1376 910 ultimi
1402 865 1507 910 libri
1530 864 1726 911 deerant.
1762 869 1893 930 cujus
1913 867 2017 914 libri
2042 886 2126 916 co-

6 953 8 980 :
30 934 160 995 piam·
180 933 291 978 mihi
316 933 425 978 fecit
447 931 500 976 F.
524 931 676 975 Lucas
698 927 970 985 Perusinus,
1005 929 1219 990 egregius
1243 931 1560 975 concionator.
1594 929 1894 979 Accesserunt
1917 934 1991 978 alii
2006 934 2126 994 duo,

5 994 106 1060 iqui
141 995 415 1043 asservantur
453 996 500 1039 in
535 992 828 1039 Bibliotheca
864 993 907 1039 S.
939 993 1135 1054 Spiritus
1159 1025 1175 1050 ‚
1222 994 1441 1056 principis
1478 993 1838 1041 Caelestinorum
1876 996 2125 1045 Coenobii.

4 1060 246 1120 ijQioruin
283 1062 417 1122 copia
453 1058 567 1103 mihi
601 1056 717 1103 facta
751 1056 816 1102 est
851 1073 876 1102 a
909 1055 963 1101 F.
986 1058 1169 1120 Angelo
1196 1056 1373 1119 Epirio.
1420 1059 1537 1105 Sunt
1574 1058 1622 1104 &
1651 1058 1743 1104 duo
1778 1059 1853 1105 alii
1888 1062 2008 1119 mei,
2043 1063 2124 1123 qui

3 1121 234 1172 {omnium
260 1158 275 1183 ,
321 1140 435 1188 quos
464 1123 578 1168 mihi
617 1122 771 1167 videre
806 1121 1009 1184 contigit
1032 1155 1047 1177 ‚
1091 1121 1384 1183 antiquiffimi
1419 1139 1470 1168 ac
1502 1122 1857 1184 praestantiffimi
1891 1124 2122 1173 videntur.

3 1179 6 1244 J
26 1189 182 1235 Postea
209 1205 348 1247 vero,
381 1204 487 1234 cuin
515 1188 569 1232 ad
585 1185 764 1232 Urbem
790 1201 862 1231 me
885 1186 1170 1231 contulissem
1187 1219 1202 1244 ,
1239 1200 1290 1231 ut
1311 1187 1433 1232 viros
1457 1185 1763 1246 doetiffimos,
1797 1189 1872 1250 qui
1901 1190 1977 1234 hic
1999 1189 2122 1250 sunt,

2 1246 5 1304 l
28 1252 72 1299 ὅ(
96 1256 143 1299 in
167 1255 322 1317 primis
351 1253 648 1308 Mammium,
685 1254 730 1294 ὃῑ
755 1254 999 1295 Muretum
1017 1283 1032 1308 ,
1059 1251 1105 1295 in
1131 1266 1329 1312 quorum
1357 1252 1603 1297 amicitiam
1629 1268 1711 1314 per
1734 1253 1905 1299 litteras
1923 1255 2017 1317 jam
2042 1254 2121 1300 ad·

2 1318 4 1375 g
27 1317 174 1371 inifl'us
194 1334 342 1372 eram,
375 1316 559 1362 viserem
576 1349 590 1373 ,
624 1329 762 1377 atque
782 1330 940 1360 eorum
969 1315 1299 1360 consuetudine
1324 1331 1428 1361 meo
1452 1316 1672 1362 arbitratu
1698 1315 1896 1375 fruerer,
1931 1333 2121 1381 percur-

1 1379 4 1458 Ῑ
26 1384 62 1428 ri
92 1383 245 1428 multis
279 1384 323 1427 in
350 1382 462 1427 locis
496 1380 603 1427 οᾶο
626 1381 761 1437 alios,
796 1380 873 1442 qui
899 1379 998 1425 sunt
1022 1381 1070 1425 in
1094 1381 1132 1425 B
1153 1380 1386 1425 bliotheca
1411 1380 1588 1426 Summi
1612 1380 1882 1440 Pontificis,
1916 1397 2029 1445 quae
2052 1383 2119 1429 vi-

24 1445 196 1509 gesimo
223 1447 391 1492 abhinc
411 1462 532 1492 anno
555 1444 790 1490 commissa
813 1447 875 1489 est
903 1443 1011 1489 fidei
1034 1459 1085 1489 ac
1107 1444 1400 1508 diligentiae,
1435 1446 1519 1490 viri
1545 1446 1740 1507 optimi,
1775 1458 1911 1507 atque
1934 1447 1980 1491 in
2005 1447 2120 1492 libe-

24 1511 180 1557 ralium
211 1511 549 1571 disciplinarum
587 1510 860 1573 cognitione
896 1525 990 1553 non
1017 1525 1175 1570 parum
1213 1508 1398 1565 versati,
1435 1508 1643 1555 Federici
1680 1509 1890 1555 Ranaldi.
1959 1509 2119 1568 Quem

0 1574 2 1632 l
24 1574 271 1627 alucinatus
297 1577 357 1622 D.
382 1574 638 1620 Lambinus
672 1577 719 1620 in
743 1574 826 1618 suis
853 1574 900 1618 in
921 1573 1174 1619 Horatium
1202 1574 1542 1619 commentariis
1572 1573 1843 1620 Federicum
1877 1575 2118 1623 Bruttium

0 1634 2 1696 l
24 1653 168 1685 vocat.
239 1640 280 1684 Is
301 1652 436 1701 atque
458 1642 554 1703 ejus
577 1638 716 1684 frater
743 1639 951 1683 Marinus
988 1639 1086 1699 (qui
1110 1637 1306 1700 ejusdem
1330 1636 1989 1685 BibliothecaeaGRmomo
2005 1656 2117 1686 xm,

0 1699 172 1750 ῬοΝΤ.
198 1720 312 1750 οΡΤ.
337 1720 468 1751 Max.
502 1719 649 1765 nuper
679 1701 829 1750 custos
861 1704 1110 1748 declaratus
1130 1703 1210 1756 est)
1247 1719 1341 1749 non
1376 1702 1520 1749 solum
1549 1703 1663 1748 mihi
1697 1702 1748 1748 ad
1772 1718 1899 1761 eam,
1931 1706 2113 1767 quoties

19 1769 172 1827 volui,
205 1768 378 1815 aditum
412 1769 636 1814 dederunt
652 1802 667 1827 ,
702 1767 774 1814 sed
798 1783 870 1813 me
893 1769 940 1813 in
961 1769 1012 1813 iis
1040 1784 1224 1830 quoque
1250 1770 1373 1814 libris
1395 1767 1679 1813 conferendis
1701 1770 2015 1830 maximopere
2035 1769 2115 1816 ad-

13 1832 245 1896 juvarunt.
313 1833 510 1880 Contuli
542 1834 679 1879 etiam
712 1833 848 1878 alium
874 1833 1028 1878 Fulvii
1052 1832 1239 1891 Urfini,
1272 1835 1359 1879 viri
1392 1834 1519 1878 omni
1544 1834 1769 1878 virtutum
1792 1847 1957 1895 genere
1977 1849 2114 1880 orna-

17 1895 184 1943 tiffimi.
253 1897 521 1956 Postremo,
556 1914 661 1943 cum
699 1897 776 1942 hic
810 1896 939 1942 labor
969 1897 1023 1943 ad
1057 1897 1196 1942 finem
1219 1901 1310 1959 jain
1342 1896 1586 1959 perductus
1607 1897 1741 1954 ess'et,
1777 1897 1967 1941 aliorum
1993 1897 2112 1943 duo-

15 1976 113 2006 rum
139 1977 303 2023 magna
326 1962 438 2007 milii
465 1963 659 2023 potestas
683 1960 798 2007 faeta
818 1962 881 2006 est
907 1965 932 2006 a
957 1962 1115 2006 Mario
1142 1961 1321 2007 Maffeo
1337 1995 1353 2020 ,
1387 1963 1451 2006 R.
1477 1962 1754 2022 homineque
1778 1961 2112 2023 integerrimo,

16 2038 153 2087 atque
187 2027 398 2088 ingenuis
433 2026 646 2072 omnibus
674 2025 921 2088 disciplinis
955 2026 1171 2070 exculto:
1209 2030 1339 2085 cuius
1363 2026 1527 2070 domus
1547 2038 1597 2069 ut
1624 2024 1765 2069 bonas
1787 2038 1901 2070 artes
1925 2025 2035 2070 olim
2061 2042 2110 2072 a-

16 2090 156 2135 mavit
190 2090 391 2151 semper,
426 2106 477 2136 ac
501 2107 586 2153 pro
610 2089 729 2135 virili
766 2102 893 2150 parte
917 2088 1027 2134 aluit
1043 2122 1059 2146 ,
1094 2090 1156 2134 ita
1179 2083 1299 2134 nunc
1325 2089 1373 2135 &
1395 2089 1513 2152 ipse,
1547 2087 1729 2151 ejusque
1750 2088 1888 2135 frater
1910 2091 1984 2136 M.
2008 2090 2110 2136 An-

15 2155 194 2211 tonius,
221 2153 471 2200 Cardinalis
493 2154 786 2216 amplissimus
812 2152 1207 2215 doftiffimui‘que,
1232 2170 1300 2199 eas
1336 2154 1653 2216 amplexantur
1682 2169 1734 2198 ac
1767 2153 1943 2199 fovent.
2012 2154 2108 2200 Im-

15 2218 158 2279 presso
183 2218 274 2264 hoc
311 2235 478 2281 opere,
513 2220 584 2263 vir
608 2220 778 2263 summa
803 2217 1037 2276 doctrina,
1075 2218 1276 2263 Achilles
1304 2218 1500 2276 Statius,
1535 2217 1751 2279 quaedam
1789 2217 1889 2266 sane
1923 2219 2108 2278 antiqua

15 2294 148 2345 atque
171 2284 375 2346 optimae
399 2297 537 2329 notae
559 2282 664 2329 folia
690 2282 804 2327 mihi
827 2281 997 2326 utenda
1028 2281 1181 2327 dedit:
1218 2298 1328 2343 quae
1357 2284 1400 2327 in
1438 2283 1522 2327 bac
1557 2280 1750 2327 secunda
1784 2281 1987 2327 editione
2019 2298 2110 2329 una

14 2361 114 2392 cum
132 2347 219 2393 alio
233 2347 350 2393 libro
363 2382 379 2406 ,
393 2349 500 2393 item
525 2347 695 2410 scripto
711 2347 904 2393 Briantii
917 2347 1118 2392 Briantei
1136 2347 1434 2409 Mogontiaci
1456 2362 1510 2392 ex
1533 2362 1645 2409 agro
1662 2345 2011 2405 Mediolanensi,
2027 2348 2107 2409 qui

12 2408 153 2457 fuerat
171 2413 223 2457 B.
243 2413 373 2475 Aegii
389 2431 398 2457 ;
416 2412 462 2459 &
478 2428 584 2457 cum
612 2414 664 2457 iis
687 2410 779 2457 fere
801 2411 1040 2468 omnibus,
1061 2412 1328 2472 qiiibusjam
1358 2411 1454 2456 usus
1478 2427 1596 2455 eram
1611 2410 1999 2471 ,exemplati-ihm,
2014 2426 2105 2469 qua

10 2477 141 2536 potui
163 2476 401 2538 diligentia
422 2477 590 2522 evolvi.
626 2475 849 2522 Consului
868 2476 1001 2521 etiam
1028 2491 1121 2520 non
1145 2475 1439 2538 indiligenter
1460 2476 1597 2521 alium
1621 2489 1821 2520 veterem
1846 2491 1901 2520 ex
1925 2474 2105 2520 Biblio-

11 2538 141 2586 theca
168 2540 517 2603 Capranicensi:
552 2544 662 2587 item
694 2541 830 2586 alium
859 2556 912 2585 ex
940 2540 1233 2585 Bibliotheca
1268 2543 1591 2586 ALEXANDRi
1632 2555 1875 2585 FARNEsn
1912 2554 2105 2585 CARm·

12 2617 194 2662 NALis,
223 2605 410 2664 joannis
443 2606 561 2664 Dei,
596 2605 645 2652 &
673 2605 862 2666 Josephi
898 2604 1115 2661 Ernaldi,
1149 2606 1260 2649 civis
1297 2607 1415 2662 mei,
1449 2605 1496 2649 in
1528 2603 1691 2666 quibus
1721 2619 1823 2662 eos,
1858 2603 1935 2663 qui
1972 2602 1997 2649 a
2031 2619 2103 2650 me

8 2680 104 2713 non
133 2669 360 2726 citantur,
393 2670 534 2716 libros
566 2669 805 2716 desiderari
839 2668 959 2715 scias.
1028 2668 1223 2714 Contuli
1258 2683 1516 2731 praeterea,
1551 2668 1733 2730 quando
1763 2669 1948 2729 poetam
1976 2667 2100 2714 hunc

6 2730 207 2778 nostrum
232 2733 560 2780 emendandum
581 2748 718 2798 atque
738 2733 1053 2780 illustrandum
1085 2731 1285 2795 suscepi,
1322 2733 1422 2778 loca
1447 2733 1621 2795 aliquot
1643 2737 1668 2778 a
1690 2732 1979 2793 Mai-iangelo
2005 2734 2100 2777 Ac-

8 2794 154 2841 curfio
178 2798 433 2859 Aquilano,
467 2799 514 2845 8<
540 2799 725 2846 Oberto
749 2798 942 2845 Gifanio
965 2799 1149 2844 Burano
1172 2812 1227 2842 ex
1256 2810 1329 2843 vet
1368 2798 1521 2856 libris,
1555 2796 1719 2860 quibus
1742 2795 1904 2842 seusos
1930 2795 2014 2839 esse
2034 2794 2099 2840 af-

11 2856 189 2906 firmant
213 2895 229 2919 ,
272 2861 491 2908 restituta.
560 2865 778 2921 Adhaec,
813 2864 917 2924 quia
952 2861 1312 2908 controversiam
1351 2863 1469 2908 inter
1502 2861 1705 2907 eruditos
1736 2860 1980 2906 maximam
2013 2860 2100 2906 esst:

11 2937 100 2970 non
131 2926 328 2988 ignoro,
362 2942 419 2972 an
451 2943 565 2987 opus
601 2928 693 2973 hoc
728 2926 1162 2988 Metamorphoseos
1183 2960 1198 2984 ,
1231 2943 1287 2972 an
1326 2922 2097 2989 Metamorphoseon'infel-ibatur,

12 2986 146 3033 visum
174 2991 237 3035 est
263 2992 530 3052 opinionem
557 3006 700 3036 meam
721 2992 819 3042 ,tibi
844 2994 1029 3048 aperire.
1103 2992 1209 3052 Ego
1236 3004 1470 3053 quotquot
1497 2990 1696 3036 vetustos
1731 2989 1870 3035 libros
1892 2988 2016 3046 vidi,
2047 2990 2097 3036 in

14 3047 80 3095 his
108 3055 318 3101 omnibus
365 3061 486 3117 (uno
520 3067 722 3118 excepto
761 3055 991 3101 Vaticano
1014 3089 1029 3115 ,
1074 3056 1122 3101 in
1154 3071 1246 3117 quo
1280 3054 1450 3119 legitur
1487 3052 1932 3117 Metamorphoseon
1955 3085 1971 3110 ,
2015 3053 2096 3114 qui

19 3117 242 3178 omnium,
276 3120 353 3180 qui
391 3121 437 3165 in
471 3123 625 3165 eadem
654 3119 948 3165 Bibliotheca
981 3120 1282 3178 asserventur,
1317 3117 1643 3165 recentiffimus
1677 3118 1765 3164 est:
1802 3133 1903 3163 nam
1929 3117 1999 3162 Pii
2032 3117 2094 3163 ΙΙ.

19 3188 92 3224 aut
113 3180 197 3230 111.
231 3196 440 3246 tempore
464 3182 744 3246 descriptum
769 3183 853 3229 effe
875 3184 1069 3241 constat)
1095 3182 1528 3293 Metan'iIorphoseos
1550 3198 1743 3229 numero
1767 3180 1983 3244 fingulari
2007 3179 2095 3250 else

2001 3257 2095 3288 ani-
