2547 3708
686 137 749 194 P.
825 128 1236 191 OVIDII
1311 127 1844 186 NASONIS

523 237 579 295 In
604 251 658 293 te
683 237 992 293 transcribet
1016 246 1262 287 veterum
1286 243 1555 287 tormenta
1576 231 1844 293 vi1·orum;

597 312 848 367 Manibus
874 306 1100 378 antiquis
1127 303 1295 360 caussa
1315 306 1509 377 quietis
1534 305 1651 357 eris.

527 383 744 456 Sisyphe
762 425 777 450 ,
816 384 902 436 cui
928 380 1100 434 tradas
1128 379 1422 433 revolubile
1447 376 1657 448 pondus
1676 415 1688 436 ‚
1716 375 1968 442 habebis-3

592 457 891 513 Versabunt
913 455 1108 507 celeres
1140 469 1283 506 nunc
1312 468 1450 505 nova
1476 449 1717 503 membra
1742 466 1912 504 rotae.

382 550 479 603 195
526 529 639 585 Hic
665 531 795 592 erit,
837 528 890 580 &
917 543 1092 581 ramos
1115 523 1302 581 frustra
1328 524 1420 594 qui
1442 536 1622 591 captet
1649 522 1702 574 δε
1733 522 1936 586 undas;

606 601 719 657 Hic
748 604 1125 668 inconlumpto
1150 597 1349 651 viscere
1376 596 1548 667 pascet
1578 612 1747 650 avem.

526 677 645 731 Nec
673 675 859 728 mortis
885 688 1082 744 poenas
1107 687 1250 725 mors
1278 671 1438 723 altera
1465 662 1612 722 finiet
1638 667 1822 737 hujus;

636 748 899 819 Horaque
925 745 1024 799 erit
1051 745 1208 798 tantis
1235 743 1421 797 ultima
1444 742 1582 795 nulla
1610 742 1771 795 malis.

530 822 661 877 Inde
686 838 789 893 ego
813 836 979 892 pauca
1005 834 1220 881 canam,
1258 814 1481 871 frondes
1510 828 1570 867 ut
1600 813 1634 865 s1
1661 815 1777 885 quis
1803 816 1866 870 ab
1888 815 2004 880 ida,

219 148 291 216 ᾧ

2269 894 2385 949 Aut

1398 1006 1480 1043 193.
1509 997 1578 1034 Cui
1594 997 1756 1048 tradas]
1785 999 1917 1037 Credas
1936 1000 2024 1038 alter
2036 1002 2184 1051 Regius.
2206 1002 2382 1041 reddasn-

1340 1055 1406 1083 nus
1421 1048 1576 1086 Heinsii.
1597 1050 1786 1088 revocabile
1796 1051 1872 1089 duo
1885 1052 2038 1089 Heinsii.
2049 1065 2140 1090 mox
2153 1081 2163 1096 ‚
2175 1054 2383 1103 quaſjabunt

1340 1097 1452 1135 celeres
1476 1099 1614 1137 Medic.
1646 1114 1752 1139 unus.
1787 1103 1966 1139 Vexabunt
1994 1103 2062 1140 Ms.
2080 1103 2171 1141 Bers.
2195 1111 2301 1142 Nunc
2317 1117 2382 1143 tua

1339 1149 1494 1186 membra
1514 1163 1606 1189 unus
1626 1152 1778 1190 Heinsii.

1397 1213 1479 1250 195,
1508 1203 1571 1238 Hic
1595 1203 1659 1239 erit
1674 1205 1768 1250 mm]
1799 1203 1862 1240 Hic
1884 1205 2026 1249 verit,
2049 1218 2162 1242 ramos
2182 1206 2324 1246 Moreti
2343 1210 2384 1247 &

1341 1250 1512 1289 Francof.
1534 1254 1596 1303 qui
1614 1265 1724 1301 carpet
1744 1266 1834 1293 unus
1857 1255 2012 1292 Heinsii.
2050 1258 2102 1292 Ut
2123 1257 2216 1304 apud
2236 1258 2386 1297 Petron.

1341 1313 1420 1390 cip·
1442 1315 1590 1342 Lxxxn.
1616 1314 1733 1353 carpat
1753 1305 1923 1343 Francof.
1951 1319 1994 1346 <9⁴
2022 1307 2155 1344 undam
2188 1308 2326 1356 Regius
2346 1311 2387 1349 ὃς

1342 1364 1361 1390 a
1378 1365 1442 1391 ius.

234 1013 367 1042 corum
388 1031 399 1048 ,
438 1004 614 1042 Minoem
637 1013 728 1040 vero
747 999 975 1050 judicantem
1000 1026 1009 1042 ‚
1039 996 1064 1035 si
1101 995 1189 1045 quid
1211 993 1287 1032 aliis

234 1056 425 1093 occultum
452 1055 561 1098 estet,
592 1063 629 1090 ut
652 1052 700 1090 sic
722 1051 935 1102 aequiffime
952 1050 1136 1098 judicium
1156 1058 1286 1103 ρῑᾳες-

234 1104 349 1144 deret.
403 1106 495 1154 Quo
518 1103 936 1152 respexiflejuvenalem
950 1099 1146 1139 Beroaldus
1168 1097 1286 1135 existi-

235 1165 313 1193 mat
334 1158 511 1194 hocloco
545 1157 692 1204 Satytae
725 1167 755 1192 1.
774 1168 810 1202 9.
837 1156 938 1201 (ἕλικας
961 1162 1128 1204 torqueat·
1143 1148 1285 1185 umbras

233 1211 375 1244 Aeacus
389 1236 399 1250 ,
426 1207 527 1256 quasi
546 1208 667 1245 dicere
681 1206 791 1243 vellet
805 1233 816 1250 ‚
844 1205 904 1242 sibi
920 1213 1053 1240 notum
1075 1201 1145 1239 esse
1159 1212 1201 1258 ex
1214 1200 1285 1237 fre—

236 1260 575 1306 quentiPOe'tarum
597 1258 813 1295 recitatione
828 1285 838 1300 ‚
865 1266 954 1303 quas
967 1255 1134 1295 umbras,
1160 1251 1258 1308 idest
1273 1278 1283 1295 ,

235 1307 448 1357 Europaeas
478 1309 613 1347 AEacus
632 1317 815 1357 torqueat.
868 1307 929 1343 De
960 1317 1032 1353 qua
1054 1305 1286 1359 expolitione

235 1359 436 1398 Beroaldus
457 1360 518 1398 fibi
546 1358 697 1397 mirifice
719 1358 916 1409 gratulatur
939 1356 1229 1410 Commentariis
1249 1365 1285 1390 in

234 1409 295 1448 lib.
318 1423 362 1449 11.
384 1411 563 1458 Propertii
592 1439 601 1453 ,
640 1410 741 1458 Eleg.
761 1421 795 1446 Χ.
831 1420 943 1458 quem
967 1408 1127 1453 Joannes
1148 1404 1289 1441 Britan-

235 1462 340 1499 nicus
361 1463 397 1499 in
426 1462 645 1508 Juvenalem
667 1459 849 1509 suppreffo
881 1460 1036 1496 nomine
1068 1456 1209 1494 secutus
1230 1454 1290 1492 est.

237 1512 336 1549 Mihi
358 1513 503 1552 videtur
522 1513 707 1560 juvenalis
731 1512 803 1549 alio
833 1510 935 1548 sensu
962 1507 1172 1557 capiendus,
1199 1507 1291 1544 SAL-

235 1575 358 1602 ΜΕΝ.

1398 1406 1479 1453 196.
1508 1407 1625 1450 Pascet
1644 1408 1770 1457 aves.]
1801 1414 1920 1446 Avem
1941 1409 2017 1447 duo
2042 1417 2199 1447 veteres·
2217 1410 2255 1447 &
2276 1411 2388 1451 recte„

1344 1456 1497 1494 Hiems.
1527 1459 1592 1495 Hic
1612 1459 1803 1505 inconsueto
1813 1460 1899 1498 duo.

1397 1519 1476 1556 197,
1505 1515 1575 1546 Nec
1597 1512 1719 1546 mortis
1742 1521 1863 1556 poenas
1886 1524 1976 1547 mors
2005 1510 2222 1558 alterafiniet
2245 1510 2389 1564 hujux}

1348 1558 1525 1597 Martialis
1554 1561 1612 1598 lib.
1636 1573 1669 1597 x.
1697 1561 1819 1612 Epigr.
1839 1576 1874 1599 v.
1903 1561 2093 1599 manifeste
2115 1561 2306 1603 Nasonem
2327 1575 2391 1603 ex-

294 1625 376 1662 191.
405 1623 446 1654 In
469 1626 500 1654 te
519 1615 723 1665 transcribet
742 1627 901 1652 veterum
914 1622 1086 1650 tormenta
1099 1609 1288 1665 vinnam]

236 1667 455 1757 {qrianszribet
466 1670 596 1707 eadem
613 1666 894 1719 fignificatione,
905 1677 978 1715 qua
992 1663 1164 1711 Virgilius
1181 1660 1242 1699 lib.
1254 1672 1290 1698 v.

293 1729 351 1756 nei
383 1747 391 1757 .
405 1730 489 1766 7ςο.

291 1782 542 1828 Transcribunt
561 1781 639 1818 urbi
658 1791 788 1819 matres
805 1776 1220 1831 populumquevolentem

286 1836 473 1881 Deponunt
495 1854 637 1862 --—·

288 1887 405 1921 Turne
428 1894 478 1920 tot
497 1884 663 1932 incassum
677 1882 772 1931 sufhs
788 1882 914 1930 patiere
933 1880 1083 1924 labores,

291 1938 338 1970 Et
358 1945 421 1970 tua
447 1934 640 1971 Dardaniis
662 1935 847 1981 transcribi
860 1937 995 1982 sceptra
1018 1929 1153 1969 colonis.

240 1992 438 2047 Quo'loco
454 1999 620 2042 Serviu3‚
651 1997 870 2042 Transcribi,
894 1998 1004 2043 fi’rmo
1025 1995 1224 2033 hictrab't'us
1243 1992 1287 2042 est

241 2051 285 2087 de
298 2050 464 2097 pecunia.-
487 2063 570 2085 nam
593 2048 777 2096 transcribi
798 2047 940 2093 estdari.
971 2046 1155 2083 Arnoblus
1172 2046 1231 2083 lib.
1259 2057 1286 2081 Ι.

243 2099 614 2148 Transcriberepoffbin
627 2098 842 2146 hominesjus
859 2100 974 2142 [uum.
1014 2097 1161 2134 Eodem
1187 2095 1290 2133 sensu

243 2149 378 2189 Graece
390 2151 521 2188 dicitur
546 2149 860 2193 μεταγράφεσθκι,
876 2147 1155 2190 ἀπογράφεσθαι
1168 2148 1205 2182 &
1227 2157 1288 2188 με-

244 2202 508 2240 τατάττεσθαι.
529 2201 727 2238 δηνλθκ.
747 2197 820 2236 vid.
842 2198 886 2236 ad
914 2196 1068 2246 QuinCt.
1088 2208 1159 2233 xii.
1185 2195 1293 2233 Decl.

244 2254 402 2303 cap‘18.
703 2269 707 2273 -

297 2319 380 2355 191.
421 2312 577 2343 Veterum
615 2313 788 2343 tormenta
814 2300 1014 2351 virorum]
1052 2305 1198 2338 Reorum
1221 2295 1292 2335 effe

241 2358 470 2397 scribendum
505 2357 637 2395 monui
666 2356 756 2393 Fast.
777 2367 812 2391 ν.
845 2354 884 2397 y'l.
906 2356 992 2392 621.
1027 2352 1165 2390 Seneca
1195 2351 1292 2387 Her-

243 2411 325 2448 cule
346 2409 506 2447 Furente
524 2408 570 2446 de
590 2408 723 2445 Minoe
737 2417 779 2444 ac
801 2406 1081 2448 Rhadamanm,
1109 2402 1151 2446 ψ.
1165 2413 1254 2450 579.

292 2465 340 2497 Et
361 2460 420 2510 qui
436 2462 552 2504 fronte
577 2458 679 2495 nimis
700 2457 850 2494 crimina
870 2455 994 2492 tetrici

296 2515 490 2561 Quarum,
518 2522 558 2547 ac
570 2520 698 2546 veteres
717 2518 897 2546 excutiunt
920 2519 1002 2545 reos.

246 2579 354 2619 Idem
376 2582 663 2630 Agamemnone
684 2607 694 2623 ‚
721 2580 835 2629 §3⁴23-

300 2645 504 2687 Reputemas
524 2651 639 2675 omnes
653 2665 662 2680 ‚
691 2651 771 2684 quos
792 2638 830 2673 ob
851 2637 1019 2685 infandas
1039 2647 1165 2674 manus

302 2688 484 2738 {Quaefttor
512 2703 604 2726 urna
623 2686 765 2736 Gnosius
783 2690 898 2736 versat
918 2703 999 2726 reos.

248 2741 470 2780 Claudianus
486 2740 544 2778 lib.
559 2753 604 2778 rr.
630 2741 665 2777 in
680 2739 858 2776 Rufinum
880 2740 925 2776 de
948 2739 1229 2778 Rhadamantoz

301 2798 390 2829 :lum
408 2804 537 2842 quoque
551 2820 561 2835 ,
589 2790 674 2827 dum
688 2790 764 2827 lites
777 2791 950 2841 Stygiique
970 2792 1101 2838 negotia
1123 2791 1242 2838 versat

301 2848 407 2881 Dura
422 2845 515 2887 jori,
543 2853 736 2891 veteresque
758 2855 825 2879 reos
848 2856 889 2880 ex
911 2841 1029 2879 ordine
1047 2843 1208 2892 quaerit,

302 2892 467 2941 Rufinum
485 2892 600 2939 procul
615 2905 683 2929 ecce
705 2902 814 2929 notat.

252 2960 383 2998 Senec.
401 2956 513 2994 Herc.
532 2955 613 2994 Fur.
635 2969 712 3005 73¹-

305 3031 387 3063 Non
407 3036 498 3060 unus
518 3021 593 3059 alta
603 3022 678 3070 ‘leda
699 3021 865 3073 quaesitor
882 3022 1002 3073 sedens

305 3075 455 3122 Judicia
469 3073 605 3122 trepidis
617 3074 700 3120 sera
712 3074 862 3121 sortitur
885 3075 960 3113 reis.

253 3140 342 3179 Vid.
371 3151 384 3177 1
401 3139 512 3177 Pont.
533 3138 675 3176 viror.
701 3138 844 3175 Herus.

310 3218 391 3252 192.
421 3200 629 3251 Manibus]
662 3201 831 3239 Omnibus
849 3202 963 3249 Jureti
984 3204 1104 3245 codex
1128 3203 1166 3244 δί
1191 3201 1300 3243 multi

254 3255 458 3303 alii.forte‚
480 3253 638 3305 semibus
656 3254 825 3306 antiquis.
851 3254 998 3296 Heius.

1345 1611 1466 1657 preffit
1494 1612 1568 1649 lioc
1587 1611 1711 1650 versu:

1397 1679 1470 1710 Nec
1481 1672 1660 1721 finiantur
1677 1687 1784 1713 morte
1794 1677 1950 1727 supplicii
1966 1686 2102 1727 parmae⁰

1348 1752 1422 1791 Hic
1446 1752 1591 1791 Ethnici
1605 1754 2072 1794 Christianostraducebant
2086 1784 2096 1804 2
2119 1754 2167 1793 fic
2183 1755 2283 1793 enim
2299 1755 2394 1792 Cae·

1348 1804 1451 1841 cilius
1471 1803 1565 1852 apud
1588 1805 1792 1843 Minutium
1825 1806 2006 1844 Felicem:
2038 1814 2103 1843 Pro
2127 1806 2222 1843 mird
2234 1806 2394 1850 stultitia

1348 1866 1392 1894 <9⁶
1409 1855 1602 1892 incredibili
1621 1857 1771 1893 audacia
1782 1858 1949 1905 spernunt
1978 1869 2153 1895 tormenta
2172 1857 2366 1905 praesentia
2381 1884 2392 1899 ‚

1347 1906 1434 1942 dum
1453 1906 1585 1943 incerta
1606 1920 1769 1944 metuunt
1799 1911 1982 1955 &futura
1998 1938 2006 1952 ‚
2036 1922 2079 1949 (9¹
2107 1908 2190 1944 dum
2220 1908 2308 1944 mori
2325 1907 2393 1955 poll

1343 1968 1489 1994 mortem
1510 1968 1658 2002 tament,
1697 1959 1840 1996 interim
1867 1960 1955 1995 mori
1985 1973 2052 1996 non
2073 1963 2209 1995 timent.
2262 1959 2392 2005 Quam

1342 2007 1520 2055 loquendi
1541 2011 1698 2045 formam
1731 2010 1873 2055 usurpat
1898 2011 2080 2045 Lucianus
2111 2011 2144 2045 in
2171 2009 2391 2053 Peregrino:

1344 2062 1543 2098 Πεπείκοια-ιν
1559 2058 1666 2102 dura}
1685 2060 1962 2110 οἱκακοὸοιίμονις
1983 2059 2023 2098 *rb
2046 2062 2105 2109 μὶν
2127 2060 2196 2097 ἕλεν
2222 2056 2390 2098 dea'usrou

1342 2111 1441 2164 ⁵¹¹⁰·sz
1454 2146 1463 2161 a
1496 2113 1540 2152 διὸ
1563 2120 1595 2167 ’9
1617 2120 1849 2167 καταφρονῶ-ι
1869 2120 1914 2152 τέ.
1932 2119 2072 2152 savara
2094 2118 2126 2164 νς
2145 2113 2263 2154 ἑκόντες
2282 2109 2388 2154 attia-2¹5

1347 2168 1556 2206 c'cmbwo'oew
1577 2171 1605 2205 οἱ
1632 2174 1759 2206 πολλοί.
1792 2169 2029 2207 SALVAGN.
2417 2208 2419 2211 ,

1406 2222 1484 2268 198.
1515 2224 1645 2258 lslssrma
1667 2221 1823 2273 multa.]
1853 2222 1987 2259 Ultima
2010 2222 2144 2259 damna
2167 2222 2237 2260 Ms.
2256 2220 2394 2262 Bet‘sm.v

1348 2273 1447 2311 nulla
1469 2275 1578 2322 magis
1603 2276 1753 2314 Morem.

1409 2337 1486 2373 ι99.
1515 2325 1598 2362 Inde
1619 2339 1672 2373 ego
1687 2335 1799 2375 pauca
1819 2339 1945 2363 canam
1961 2355 1970 2370 ,
1994 2326 2133 2371 frondes
2152 2336 2190 2362 ut
2198 2324 2233 2373 fi
2250 2324 2325 2375 quis
2346 2325 2392 2364 ab

1347 2376 1447 2426 Ida]
1480 2379 1813 2424 (Joinparationem
1854 2380 1897 2416 ab
1941 2378 2002 2414 lda
2040 2378 2233 2425 praecipue
2263 2377 2389 2423 duxit,

1344 2429 1431 2475 quia
1449 2428 1535 2463 teste
1558 2427 1745 2465 Eustathio
1774 2430 1808 2465 in
1837 2430 1881 2466 ll.
1906 2428 2140 2466 Iliadomnis
2153 2440 2260 2465 mons
2274 2429 2392 2467 editus

1346 2478 1409 2516 ida
1432 2478 1585 2523 dicitur,
1614 2488 1654 2517 ut
1673 2480 1897 2528 omnisaqua
1920 2480 2121 2517 Achelous.
2148 2478 2249 2516 Idam
2265 2488 2392 2516 autem

1346 2529 1580 2567 celsiffimum
1608 2532 1722 2568 totius
1751 2531 1873 2568 Cretae
1910 2540 2080 2567 montem
2104 2530 2217 2567 hodie
2238 2528 2393 2577 Pfilorin‘

1346 2583 1568 2625 nominant,
1599 2582 1702 2630 cujus
1715 2592 1977 2629 partem‚quae
1995 2581 2039 2618 ad
2052 2581 2175 2618 urbem
2193 2580 2391 2625 Caudi-am,

1348 2632 1439 2669 olim
1463 2633 1621 2670 Matium
1648 2661 1658 2676 ‚
1687 2633 1836 2671 obversa
1858 2633 1930 2676 est,
1952 2641 2106 2669 nemora
2128 2631 2324 2674 muniunt,
2353 2632 2393 2669 in

1347 2684 1477 2732 quibus
1498 2694 1580 2721 acer
1599 2684 1802 2722 admodum
1827 2683 1937 2732 crispa
1959 2683 2133 2724 materie,
2161 2681 2260 2719 ilices
2280 2682 2393 2729 pluri·

1349 2745 1447 2778 rnae,
1476 2735 1513 2771 δε
1534 2734 1693 2772 acillacae
1711 2735 1927 2777 nascuntur,
1955 2732 2396 2770 utnonimmeritodixe-

1350 2786 1395 2822 rit
1414 2785 1596 2828 Ovidius,
1616 2786 1759 2830 frondes
1778 2784 1858 2832 utst
1875 2785 1951 2834 quis
1968 2784 2013 2819 ab
2037 2783 2108 2820 Ida.
2159 2783 2221 2820 Ad
2242 2784 2318 2831 ejus
2331 2795 2397 2820 au-

1351 2842 1427 2873 tem
1442 2836 1576 2873 radices
1595 2835 1667 2884 qua
1677 2835 1811 2883 speetat
1829 2835 1873 2871 ad
1888 2835 2082 2872 Orientem
2099 2862 2109 2878 ,
2136 2834 2252 2871 solum
2277 2833 2392 2870 unde-

1351 2896 1499 2935 quaque
1519 2887 1654 2933 pingue
1675 2888 1712 2923 &
1740 2887 1914 2934 irriguum
1933 2899 1940 2921 :
1970 2886 2094 2934 ibique
2113 2883 2394 2932 frequentiflimi

1355 2937 1436 2975 sunt
1459 2937 1538 2985 pagi
1566 2939 1604 2975 &
1624 2937 1752 2974 omnia
1771 2936 2029 2979 excultissima‚
2060 2935 2133 2973 five
2154 2936 2297 2972 arbores
2319 2935 2396 2972 fru-

1359 2986 1520 3031 ctiferae,
1542 2986 1615 3025 five
1637 2988 1733 3025 oleae
1755 2988 1792 3025 &
1822 2988 1922 3025 vires.
1978 2988 2156 3035 Totaque
2184 2984 2242 3022 illa
2275 2986 2394 3025 moles

1363 3050 1586 3088 quacunque
1623 3039 1772 3077 tandem
1803 3047 1900 3087 patet
1933 3037 1953 3075 a
1982 3037 2139 3084 Calergis
2170 3036 2394 3084 possidetur,

1364 3093 1428 3140 qui
1450 3099 1534 3128 ante
1553 3090 1651 3128 mille
1670 3102 1785 3128 annos
1803 3091 1965 3139 primum
1989 3087 2170 3135 dignitatis
2187 3086 2340 3134 gradum
2355 3088 2396 3125 in

1363 3150 1442 3180 tota
1472 3139 1587 3179 Insula
1615 3141 1867 3180 obtinuerunt.
1931 3139 2130 3176 SALVAGN.
2167 3138 2210 3175 ab
2231 3138 2296 3176 Ida
2316 3137 2394 3176 duo

1357 3202 1498 3230 veteres
1519 3193 1656 3230 Heius.
1695 3192 1747 3230 Ita
1779 3193 1815 3230 δὲ
1846 3190 2069 3229 Francof.&
2091 3189 2170 3238 jam
2194 3189 2285 3227 olim
2306 3189 2396 3228 editi

1358 3243 1540 3286 nonnulli.
1559 3254 1626 3293 pro
1646 3244 1748 3297 indi,
1774 3243 1857 3296 inte
1881 3239 2036 3293 habebat
2049 3240 2293 3293 SarravianuS.
2318 3240 2397 3279 Flo-

2341 3305 2399 3330 ret·
