2547 3708
347 197 412 262 78
979 184 1874 239 1‘.ov1D11v1TA„

348 303 530 343 remur,
547 284 736 338 Messala
761 296 859 330 tum
883 298 1002 329 xxiii.
1036 291 1220 326 tantum
1243 295 1382 327 annos
1403 292 1535 327 natus
1556 278 1738 336 fuisset,
1773 278 1865 325 hoc
1888 276 1980 337 est,
2000 277 2175 339 juvenis
2196 280 2466 333 adhucdum,
2509 303 2515 307 ¹

346 368 402 398 ac
425 353 565 415 longe
593 351 690 397 satis
719 348 964 410 aseneffitte
987 357 1205 394 remotus.
1272 345 1340 390 At
1359 344 1591 405 superiora
1612 341 1677 388 sat
1702 342 1924 406 superque
1946 341 2318 407 supputationem
2344 349 2458 397 Hie·
2516 398 2517 401 ,
2538 371 2540 374 ·

347 419 669 480 ronymianam
695 412 981 459 convellunt.
1671 471 1680 478 ‘

412 481 476 528 V.
512 483 590 528 An
621 490 773 524 autem
800 476 1003 538 Scaliger
1027 487 1180 520 veram
1214 471 1378 517 erroris
1401 471 1759 534 Hieronymiani
1791 470 1986 517 caussam
2022 476 2279 535 aperuerit,
2313 477 2466 525 nolimi-

346 543 572 593 affirmare
596 555 672 589 aut
697 541 994 603 pertinaciter
1017 552 1197 600 negare.
1232 538 1455 583 Attamen
1471 570 1487 596 ,
1524 535 1556 582 si
1581 536 1896 600 conje&uram
1919 536 2127 600 proferre
2150 537 2216 585 fas
2242 539 2297 587 sit
2312 574 2327 600 ,
2361 544 2465 589 exi--

347 610 655 665 stimaverim,
690 604 1098 651 hallucinationem
1133 617 1190 648 ex
1230 601 1318 647 alio
1355 601 1486 647 fonte
1521 601 1796 665 provenisse.
1865 602 2055 649 Scilicet
2087 619 2196 650 cum
2222 604 2458 668 Hierony·
2539 651 2541 653 ,

347 691 446 721 mus
465 673 586 735 apud
609 671 804 733 aliquem
831 669 1056 716 Latinum
1085 667 1376 729 Scriptorem
1413 666 1594 713 vidisset
1617 665 1834 713 Messalae
1869 667 2159 717 nativitatem
2184 669 2464 720 Consulibus
2539 698 2542 713 ι

346 751 526 786 tantum
556 738 806 798 signatam,
844 733 892 780 &
917 749 1026 779 cum
1060 731 1244 794 quidam
1272 734 1338 797 Q
1365 733 1570 778 Caecilius
1592 731 1793 777 Metellus
1817 729 1996 776 Consul
2026 732 2162 778 fuerit
2197 734 2288 780 An.
2317 735 2380 782 U.
2403 737 2464 784 C..

346 801 635 850 DCXCW.
671 799 783 845 alius
808 814 918 846 vero
941 796 1143 862 ejusdem
1175 798 1375 843 nominis
1399 798 1491 842 An.
1516 793 1887 843 DCLXXXV.
1923 795 2034 842 hinc
2070 796 2192 844 forte
2218 800 2462 857 nominum

347 865 646 913 similitudine
669 863 921 927 deceptus,
956 878 1190 926 perperam
1217 862 1283 908 illi
1303 878 1423 908 anno
1448 859 1733 923 adscripserit
1751 859 1873 906 diem
1889 859 2103 908 Messalae
2125 862 2349 924 natalem,
2385 868 2462 929 qui
2540 888 2542 902 ν

345 946 499 978 revera
531 929 759 977 decennio
790 941 896 975 ante
930 929 1200 989 contigerit.
1269 926 1385 984 Qio
1419 941 1572 972 errore
1608 925 1744 971 semel
1781 924 2000 984 admisso,
2035 927 2193 989 postea
2223 929 2460 994 Hierony-

345 1011 474 1054 mus,
507 1010 648 1041 annos
681 993 805 1040 vitae
839 1009 992 1042 LXXII.
1031 991 1251 1039 Messalae
1284 992 1340 1038 ab
1372 1007 1428 1037 eo
1452 990 1517 1039 U.
1545 989 1604 1051 C.
1633 988 1923 1037 DCXCJV.
1960 992 2219 1052 deducens,
2255 1009 2352 1041 non
2376 1011 2483 1058 pos

344 1060 468 1118 tuit,
503 1061 616 1122 quin
640 1058 924 1121 postremum
951 1059 1049 1119 ejus
1073 1073 1125 1103 ac
1148 1056 1448 1103 emortualem
1474 1071 1581 1102 cum
1594 1053 1658 1101 U.
1674 1053 2059 1104 C.DCCLXV.
2094 1058 2170 1105 vel
2193 1057 2463 1122 subsequen·
2540 1065 2541 1068 ’

348 1124 600 1186 te,quibus
622 1121 867 1186 respondet
890 1138 1028 1169 annus
1055 1122 1267 1169 Abrahae
1294 1119 1613 1168 MMXXIX.
1649 1120 1909 1183 colligaret.
1946 1121 2013 1166 At
2040 1121 2073 1168 si
2100 1122 2279 1170 eosdem
2305 1141 2463 1173 Lxxn.

343 1189 400 1235 ab
424 1189 514 1234 An.
541 1188 606 1236 U.
631 1186 689 1234 C.
716 1186 1084 1234 DCLXXXV.
1120 1187 1456 1245 numeraveris,
1491 1198 1594 1232 tum
1622 1185 1714 1231 hoc
1738 1200 1860 1231 anno
1882 1184 2195 1233 DCCLVII.
2219 1188 2462 1239 exiverint.

411 1253 502 1298 VI.
538 1252 612 1299 Ad
635 1252 757 1299 idem
782 1253 971 1299 circiter
993 1264 1178 1315 tempus
1203 1268 1286 1298 nos
1310 1252 1518 1315 Vellejus
1539 1251 1679 1298 etiam
1706 1248 1922 1309 deducit,
1938 1265 2044 1296 cum
2067 1250 2124 1296 de
2144 1252 2362 1314 Mffzlini
2383 1254 2464 1302 sub

346 1317 529 1364 initium
554 1317 663 1364 belli
686 1317 941 1363 Pannonici
964 1316 1128 1380 gestis,
1163 1316 1327 1363 aestate
1350 1318 1568 1363 nimirum
1595 1317 1686 1362 An.
1711 1314 2150 1363 U.C.DCCLIX.
2171 1318 2464 1380 agens,haec
2540 1362 2541 1367 ,

346 1381 485 1429 habet
513 1380 592 1443 (a):
626 1383 747 1429 Felix
770 1393 919 1428 eventu
935 1415 949 1440 ,
974 1381 1091 1443 forte
1115 1393 1259 1429 conatu
1276 1416 1291 1441 ,
1318 1385 1460 1442 prima
1478 1382 1630 1444 aestate
1655 1382 1777 1441 belli,
1812 1379 2032 1440 Meffiilini
2062 1393 2157 1442 opus
2181 1383 2465 1433 mandandum

348 1447 403 1507 est
421 1450 666 1493 memoriae:
702 1449 773 1508 qui
797 1449 869 1493 vir
891 1449 1026 1493 animo
1050 1450 1178 1493 etiam
1203 1464 1327 1510 quam
1355 1459 1474 1509 geme
1506 1448 1704 1505 nobilior,
1737 1446 1987 1507 digniffimus
2009 1449 2079 1508 qui
2101 1447 2340 1507 &patrem
2361 1451 2466 1498 Cor·
2545 1453 2547 1464 ²

346 1514 493 1558 vinum
514 1512 715 1572 hobuiffi‘t
752 1511 924 1573 (NR),
958 1512 1012 1563 {9⁹
1035 1528 1242 1573 cognomen
1260 1512 1388 1575 [μανι
1414 1517 1557 1559 Cottae
1579 1510 1721 1573 fratri
1753 1513 2023 1572 relinqueret,
2048 1515 2301 1573 praeposttus
2321 1514 2466 1574 Illyri·
2540 1554 2541 1559 ,

347 1592 416 1634 eo,
452 1575 544 1623 &c.
580 1575 767 1634 Qiibus
791 1576 975 1622 videtur
997 1576 1265 1624 Historicus
1287 1576 1574 1640 significare,
1610 1575 1847 1623 Messalam
1862 1574 2125 1623 Corvinum
2144 1579 2238 1640 jam
2261 1576 2464 1631 deceffis-

349 1639 420 1700 se,
455 1656 564 1688 cum
590 1639 861 1687 Messalinus
886 1642 983 1705 ejus
1008 1640 1129 1687 filius
1149 1657 1206 1687 eo
1227 1657 1348 1688 anno
1375 1654 1583 1706 gereret,
1617 1657 1731 1704 quae
1753 1639 1923 1688 ibidem
1951 1639 2028 1686 ille
2052 1655 2217 1700 narrat.

346 1852 390 1899 A
410 1868 445 1899 N
462 1870 539 1900 No
586 1822 1164 1897 C11.·vi.U.C.Dch1x.

588 1889 752 1935 Omdu
778 1905 955 1936 XLvm.
981 1889 1029 1936 ἃ
1051 1905 1190 1936 xLix.

658 2007 734 2052 M.
770 2006 1080 2055 AEMILIO
1117 2006 1409 2066 LEPIDO,
1442 2006 1502 2052 L.
1536 2004 1930 2054 ARRUNTIO
1967 2003 2154 2055 COSS.

351 2121 389 2166 1.
416 2121 685 2234 AEDEM
720 2122 922 2171 Castoris
947 2123 997 2170 &
1018 2124 1254 2182 Pollucis,
1289 2140 1425 2187 quam
1448 2124 1518 2171 his
1539 2122 1817 2170 Consulibus
1841 2123 2073 2173 dedicavit
2083 2124 2331 2185 Tiberius,
2364 2141 2467 2174 nar*—

456 2215 484 2228 ,·
579 2199 706 2231 rante
739 2189 897 2234 Dione
921 2187 1041 2246 (b),
1075 2204 1161 2235 ceu
1186 2190 1283 2253 jam
1320 2188 1630 2236 consecratam
1663 2188 1864 2237 Ovidius
1894 2190 2080 2253 quidem
2111 2189 2314 2238 celebrat
2346 2189 2464 2240 Fast.
2487 2237 2502 2253 Α,

350 2246 460 2295 Lib.
483 2250 522 2295 I.
549 2248 602 2294 ad
628 2265 704 2296 VI.
730 2250 836 2296 Kal.
858 2250 992 2297 Febr.
1017 2251 1109 2297 five
1126 2253 1331 2312 Januarii
1350 2269 1506 2299 xxvn.
1530 2269 1646 2301 vers.
1670 2252 1916 2315 705.seqq.

479 2316 546 2360 At
567 2329 670 2373 quae
697 2325 893 2360 venturas
910 2317 1127 2375 praecedet
1149 2316 1275 2361 sexta
1300 2315 1557 2373 Kalendas,

541 2377 771 2439 Haecsunt
794 2378 984 2425 Ledaeis
1005 2379 1207 2442 Templa
1226 2378 1377 2425 dicata
1402 2380 1523 2424 Deis.

478 2442 716 2488 Fratribus
738 2445 814 2488 illa
838 2444 950 2490 Deis
959 2443 1124 2503 fratres
1146 2446 1195 2490 de
1209 2454 1328 2506 gente
1348 2444 1540 2490 Deorum

546 2506 672 2552 Circei
693 2508 907 2567 Juturmze
929 2508 1174 2567 compofitere
1195 2511 1320 2554 lacus.

348 2568 479 2616 Hinc
516 2582 670 2616 tamen
704 2571 822 2617 male
844 2572 1101 2618 Bucherius
1128 2572 1192 2632 (c)
1228 2571 1444 2635 colligit,
1479 2573 1573 2619 hoc
1605 2572 1740 2635 plane
1775 2585 1987 2639 tempore
2018 2577 2160 2638 Fastos
2190 2577 2246 2625 ab
2277 2577 2458 2626 Ovidio
2491 2594 2497 2604 ²
2535 2533 2547 2636 l

347 2633 495 2681 editos
517 2631 672 2690 fuiffe;
711 2651 818 2681 cum
840 2651 891 2681 ea
915 2647 1096 2682 tantum
1123 2636 1352 2700 probent,
1388 2635 1526 2684 hosce
1551 2635 1722 2685 Libros
1744 2638 1864 2685 haud
1888 2652 1994 2687 ante
2015 2641 2142 2689 hunc
2161 2658 2334 2690 annum
2356 2644 2459 2692 vul-
2535 2641 2547 2759 πῖ

347 2711 510 2761 gatos;
547 2696 770 2761 pluraque
795 2699 883 2747 sint
905 2700 953 2747 in
988 2699 1144 2747 iisdem
1176 2699 1462 2762 sequentium
1489 2714 1755 2765 temporum
1783 2705 1992 2766 criteria,
2025 2705 2194 2771 quibus
2215 2708 2355 2756 etiam
2380 2707 2459 2756 de·
2535 2714 2547 2740 ’ἕ

348 2765 506 2826 inceps
530 2762 967 2823 demonstrabimus,
1001 2780 1078 2812 eos
1100 2764 1277 2829 aliquot
1299 2766 1403 2830 post
1425 2766 1627 2814 Nasonis
1648 2767 1856 2816 exsilium
1876 2772 2030 2832 annis,
2063 2772 2209 2830 immo
2229 2773 2336 2838 post
2359 2773 2459 2821 Au·
2534 2763 2544 2784 ’

349 2828 472 2890 gusti
496 2827 679 2874 obitum
705 2829 754 2876 in
780 2828 1012 2891 publicam
1034 2830 1202 2878 veniffe
1222 2831 1389 2878 lucem.
1458 2833 1527 2880 Ea
1546 2845 1700 2880 tamen
1720 2836 1920 2883 carmina
1948 2850 2205 2901 potuerunt
2223 2838 2318 2887 hoc
2338 2850 2461 2887 tem·
2534 2828 2547 2896 3¹,

349 2909 465 2956 pore
488 2892 743 2954 conscribi,
779 2892 997 2958 siquidem
1024 2895 1226 2943 Ovidius
1257 2895 1356 2944 suos
1386 2896 1625 2944 Fastorum
1662 2899 1803 2947 libros
1830 2902 2048 2966 Augusto
2082 2903 2301 2951 dicandos
2334 2903 2459 2952 orsus
2534 2910 2539 2957 l

349 2957 416 3004 est
440 2971 544 3004 ante
567 2956 926 3022 relegationem,
961 2975 1220 3024 quanquam
1241 2961 1423 3009 nonnisi
1448 2961 1552 3027 post
1572 2963 1752 3012 eosdem
1774 2963 1998 3029 absolvit,
2030 2980 2085 3017 ut
2106 2967 2249 3018 Trist.
2264 2967 2458 3018 Lib.II.
2534 2962 2542 3020 J

349 3021 376 3069 ὲ
398 3038 509 3071 Vel‘s·
533 3036 560 3083 5
564 3037 642 3084 49-
677 3022 943 3087 Augustum
968 3023 1227 3089 alloquens,
1259 3026 1424 3074 docet:
2533 3028 2535 3051 i

2536 2387 2538 2417 ἰ

2536 2423 2538 2452 l

2536 2455 2538 2487 Ι

2535 2489 2538 2518 Ι

2536 2522 2538 2555 l

2360 3097 2454 3149 Sex

405 3204 469 3253 (b)
501 3202 588 3243 Lib.
611 3202 708 3246 LV.
729 3216 816 3259 pag.
863 3208 929 3257 67.

404 3149 467 3201 (a)
491 3149 641 3201 Vellej.
663 3149 763 3192 Hist.
786 3149 876 3192 Lib.
898 3152 950 3198 11.
971 3165 1006 3195 c.
1032 3165 1120 3196 112.
1146 3154 1227 3196 vid.
1250 3151 1438 3201 Dionem
1457 3156 1546 3204 Lib.
1568 3157 1662 3204 LV.
1681 3160 1734 3205 ad
1752 3161 1837 3206 An.
1858 3159 1920 3207 U.
1939 3159 2094 3215 C-,7590

406 3256 471 3308 (c)
499 3254 609 3311 Belg·
634 3254 814 3301 Roman.
834 3217 926 3304 Lib.
952 3259 1003 3304 11.
1026 3273 1063 3305 c.
1084 3274 1148 3309 n.
1172 3273 1292 3317 p.91.
1784 3262 1787 3264 ’
