2547 3708
285 147 393 202 1³62.

700 132 766 190 P.
840 76 1258 191 0V1D11
1331 121 1872 193 NASJON‘TS

575 229 737 289 Haec
763 230 861 285 tibi
887 229 1138 299 tantisper
1174 225 1349 281 subito
1384 224 1484 281 sint
1508 224 1654 282 missa
1679 226 1919 295 libe110,.'

649 307 1003 360 Immemores
1027 319 1096 357 ne
1121 318 1219 356 nos
1245 301 1347 356 efle
1371 317 1600 372 querare
1628 299 1724 354 tui.

578 379 753 435 Pauca
775 377 997 452 quidem
1015 411 1031 438 ‚
1068 374 1272 440 fateor,
1304 373 1399 431 sed
1423 373 1499 429 Di
1527 371 1659 427 dent
1685 373 1837 446 plura
1860 373 2058 448 rogatis
2074 414 2106 441 ,.

285 617 351 659 bus
371 613 546 664 Virgilius
585 611 720 652 eodem
743 613 861 653 librog

340 708 388 741 Et
411 703 449 740 m'
466 702 564 739 dona
587 713 691 737 comes
713 708 828 736 tenues
841 696 914 746 sine
930 707 1059 748 corpore
1080 698 1178 737 vitas

339 754 545 792 Admoneat
558 779 568 796 ,
595 750 745 788 volitare
764 763 854 788 cava
862 748 929 800 sub
950 750 1100 799 imagine
1112 752 1248 805 ferma.

289 837 395 876 Hinc
424 832 572 884 Ulyffes
600 833 754 871 recitans
786 831 873 882 quid
909 832 1006 882 apud
1026 833 1164 871 inferos
1184 832 1327 872 viderat

290 888 426 927 eodem
448 885 609 925 Homeri
624 884 716 923 libro
736 896 744 917 ε

341 973 417 1011 Τὸν
432 971 472 1009 δε
490 971 573 1019 μετ’
596 969 775 1010 &foeminea
791 969 872 1016 βίκν
893 966 1154 1016 Η”ροικληεῖην,

340 1022 516 1063 Εἰδωλον·
532 1022 638 1063 αὐτος
666 1021 704 1057 δε
724 1023 808 1066 μετ’
825 1021 1030 1059 ἀθανάτοισι
1051 1022 1162 1060 θεοῖσι»

340 1078 531 1122 Τέρπετιιι
549 1074 585 1109 ἐν
607 1073 741 1118 ezaias.

339 1155 416 1199 1³0st
434 1154 526 1191 hunc
544 1152 622 1189 vidi
640 1152 718 1189 vim
742 1150 999 1195 Herculanam,

341 1205 491 1244 adalam.
522 1204 589 1253 Ipse
611 1217 692 1241 vero
714 1202 808 1252 apud
826 1201 1040 1240 immortales
1052 1206 1140 1239 Deos

345 1255 592 1294 oblectabatur
613 1256 652 1293 in
667 1254 854 1292 conviviis.

293 1336 343 1377 Et
366 1336 561 1375 Lucretius
581 1335 642 1374 lib.
656 1347 684 1374 1.
711 1346 758 1373 ex
780 1332 947 1372 doc‘ttina
961 1332 1097 1371 Ennii:

525 1407 716 1459 Acherusia
737 1408 864 1458 templa

347 1463 487 1501 Ennius
507 1461 656 1499 aeternis
672 1461 842 1509 expromit
853 1457 1014 1517 'versibus
1023 1458 1127 1496 idem.

344 1517 426 1564 Qo
446 1526 552 1564 neque
571 1521 776 1562 permanent
797 1523 962 1555 ammae,
991 1523 1098 1560 neque
1120 1518 1253 1560 corpora
1271 1525 1333 1555 gno·

448 1578 489 1601 ra

347 1564 604 1667 SedZuaidam
619 1611 815 1664 fimulacra
835 1611 946 1650 modis
960 1611 1131 1661 pallentia
1155 1612 1268 1652 miris.

296 1697 497 1736 SALVAGN.
533 1694 616 1733 Rati
635 1705 681 1732 ex
702 1692 874 1732 Politiani
902 1690 1010 1731 libro.
1036 1693 1184 1731 Heius.
1221 1692 1339 1743 Phry·

303 1749 361 1799 gia
376 1747 449 1786 neci
470 1747 595 1785 Petav.
612 1746 714 1783 alter.

346 1799 433 1848 636.
460 1794 746 1846 semicremata]
774 1794 869 1833 bene
880 1795 1152 1840 semicremata,
1173 1796 1258 1845 quia
1271 1808 1337 1846 per

297 1850 445 1891 'medios
460 1850 584 1898 ignes,
610 1847 742 1897 quibus
762 1858 781 1883 a
802 1845 1022 1884 Pharnabazi
1058 1846 1233 1885 militibus
1268 1849 1337 1886 do-

295 1912 379 1941 mus
399 1902 518 1939 fuerat
537 1897 810 1938 circumvallata
825 1924 835 1941 ,
864 1897 989 1934 exilire
1002 1897 1219 1935 Alcibiaden
1243 1910 1336 1947 opus

297 1953 367 1990 fuit
379 1980 389 1997 ,
401 1952 553 1990 auctore
569 1949 764 1989 Plutarcho
782 1948 819 1986 δε
834 1947 999 1986 Aemilio
1017 1948 1154 1986 Probo.
1184 1949 1338 1990 Consi:

296 2003 395 2042 Fan.

348 2055 438 2103 637.
470 2058 583 2102 thue
615 2047 763 2099 Reman]
803 2048 945 2087 Remus
977 2047 998 2087 a
1027 2048 1197 2087 Romulo
1228 2051 1337 2090 fratre

296 2105 406 2143 rastro
430 2103 478 2142 est
500 2105 741 2150 interemptus
756 2129 765 2144 ,
795 2099 897 2149 quod
924 2109 1068 2148 praeter
1096 2100 1258 2139 edietum
1279 2114 1334 2140 re-

298 2163 423 2194 centes
450 2165 575 2191 muros
606 2149 832 2189 tranfiliiffet.
885 2151 1132 2189 intertextas.
1171 2153 1255 2191 Hac
1287 2154 1333 2192 de

298 2218 336 2244 re
360 2204 518 2243 Ovidius
537 2204 572 2241 in
592 2203 688 2240 libris
712 2202 898 2238 Fastorum
912 2229 923 2245 ,
951 2203 989 2239 ὃς
1009 2204 1131 2250 egoin
1153 2203 1335 2242 Observa-

297 2256 460 2295 tionibus
478 2256 515 2292 in
533 2254 593 2291 lib.
607 2253 798 2291 Tristium.
829 2252 1000 2289 emma.
1015 2252 1197 2290 Romulus
1211 2255 1337 2292 edixe—

299 2316 353 2346 rat
367 2335 379 2352 ,
405 2318 453 2344 ne
465 2306 545 2354 quis
557 2316 654 2342 nova
668 2303 817 2341 moenia
829 2304 975 2341 Romae
986 2303 1339 2354 tranfiliret,legem-

299 2357 735 2406 quetuleratMoenra
764 2366 1342 2395 SANCTAExlsTIMANTo.

300 2409 442 2447 Remus
463 2407 614 2445 irridens
634 2405 820 2449 transiliit,
851 2407 887 2442 ἃ
906 2403 927 2442 ὲ.
951 2405 1083 2444 Celere
1104 2408 1339 2446 Centurione

301 2467 404 2497 rutro
423 2460 665 2505 interemptus
687 2457 746 2495 est.
775 2455 935 2495 Ovidius
960 2456 1033 2506 ipse
1053 2457 1113 2495 lib.
1135 2470 1189 2497 1v.
1218 2459 1340 2497 Fasto-

300 2521 383 2549 rum
405 2520 483 2547 tem
502 2508 754 2557 prosequitur:
1074 2523 1079 2527 -

353 2594 456 2627 Neve
476 2586 554 2637 quis
582 2595 646 2622 aut
665 2599 802 2631 muros,
829 2596 893 2624 aut
904 2586 1045 2633 faciam
1063 2599 1200 2626 vomere
1210 2587 1338 2636 foffam

409 2640 599 2686 Transeat,
628 2638 813 2673 audentem
835 2638 928 2673 talia
949 2638 1032 2674 dede
1050 2638 1133 2676 neci.

350 2690 456 2740 φρικὶ
485 2695 609 2727 Remus
635 2689 798 2737 ignorans
816 2714 826 2731 ,
856 2687 1004 2726 humiles
1026 2700 1240 2728 contemnere
1260 2704 1339 2727 mu-

435 2754 488 2778 ros
802 2763 803 2766 =

407 2791 526 2841 Coepit
539 2818 549 2834 ,
577 2800 620 2830 (φ
632 2789 686 2827 his
701 2787 840 2838 populus
852 2816 863 2833 ,
892 2789 1023 2834 dicere,
1049 2800 1148 2829 tutus
1166 2794 1242 2830 eris.

357 2847 430 2881 Nec
450 2854 548 2879 mora
567 2839 733 2884 tranfiliit
748 2868 758 2883 ‚
798 2849 895 2876 rutro
911 2841 1008 2878 Celer
1026 2852 1165 2890 occupat
1188 2844 1314 2890 ausum
1329 2872 1339 2888 ,

409 2892 470 2930 Ille
485 2892 612 2943 premit
632 2892 761 2928 duram
776 2891 1066 2938 fiznguinolentus
1077 2892 1240 2931 humum.

308 2983 412 3021 Nota
433 2982 577 3021 historia
600 2995 646 3021 ex
667 2982 1034 3027 Livio,Plutarch0‚
1064 2981 1251 3030 Dionysio
1266 2984 1344 3021 Ha-

306 3031 518 3071 licarnaffeo
533 3060 542 3076 ,
572 3035 608 3071 &
629 3034 717 3071 aliis.
745 3033 815 3070 Sed
836 3033 935 3071 enim
950 3034 1072 3076 fuere,
1099 3034 1163 3081 qui
1179 3034 1343 3072 Remum

308 3083 335 3124 a.
352 3084 671 3123 Romulocaesum
693 3083 794 3121 fuiffe
816 3086 994 3132 negarint.
1046 3084 1131 3120 lmo
1150 3084 1344 3122 Durocor-

308 3143 433 3173 torum
459 3136 666 3173 Remorum
688 3136 829 3173 Galliae
850 3135 1017 3182 Belgicae
1038 3144 1169 3181 caput,
1200 3134 1244 3172 ab
1264 3136 1340 3182 ipso

307 3187 503 3225 conditum
520 3186 671 3230 volunt,
698 3194 737 3223 ut
758 3184 777 3223 a
790 3186 1031 3223 vetustiffimis
1045 3186 1247 3224 Annalium
1267 3187 1342 3226 Re-

304 3236 490 3278 menfium
522 3236 763 3287 scriptoribus
796 3236 967 3276 traditum
990 3236 1039 3275 est
1060 3264 1072 3283 ,
1109 3248 1260 3287 ejusque
1289 3240 1342 3278 rei

2261 447 2428 505 Mus--

1373 608 1488 648 fidem
1522 607 1636 647 etiam
1666 608 1754 646 facit
1781 606 2033 652 Flodoardus‚
2061 610 2125 659 qui
2154 611 2272 652 statim
2305 613 2414 653 initio

1376 659 1565 697 Historiae
1591 658 1784 696 Remenfis
1803 659 1987 697 Ecclesiae
2005 659 2222 701 sententiam
2245 666 2342 703 illam
2357 678 2415 703 re-

1376 710 1468 748 fellit
1505 710 1541 747 in
1561 710 1636 747 his:
1691 710 1908 747 probabilius
1935 711 2030 747 enim
2059 713 2227 758 videtur,
2265 716 2357 767 quod
2387 716 2415 754 ὰ

1379 759 1551 799 militibus
1577 760 1675 797 Remi
1695 761 1816 809 patria
1833 761 1983 809 profugis
2003 762 2086 799 urbs
2116 765 2228 811 nostra
2249 767 2413 812 condita,

1380 812 1439 848 vel
1460 818 1645 849 Remorum
1660 823 1739 859 gens
1753 811 2088 861 institutaputetur3
2119 814 2197 852 crim
2219 829 2262 856 (9
2282 819 2418 856 moenia

1382 864 1549 900 Romanis
1567 861 1723 910 auspiciis
1742 861 1905 910 infignita
1921 890 1930 907 ‚
1957 875 2001 903 ω’
2018 864 2139 902 editior
2145 876 2246 915 porta
2269 871 2418 914 Martis,

1385 919 1561 951 Romanae
1581 912 1697 959 stirpis
1723 922 1882 950 ‘veterum
1912 914 2064 963 opinione
2088 919 2322 967 propagatoris
2344 946 2354 962 ,
2382 933 2417 956 eo

1387 964 1524 1002 nomine
1556 963 1714 1000 vocitata
1739 990 1750 1007 ,
1785 965 1934 1012 priscum
1966 966 2015 1001 ad
2039 966 2121 1004 haec
2151 982 2284 1020 quoque
2304 970 2418 1017 nostra

1379 1028 1559 1064 cognomen
1579 1015 1992 1064 reservaverittempora;
2023 1020 2118 1067 cujus
2135 1020 2418 1066 etiamfornicem

1375 1065 1625 1116 prodeuntibus
1652 1066 1835 1103 dexteram
1867 1065 1950 1115 lupa
1978 1074 2078 1105 Remo
2102 1071 2310 1121 Romaloque
2329 1081 2415 1117 par-

1383 1119 1438 1154 vis
1459 1117 1565 1155 ubera
1581 1116 1772 1167 praebentis
1789 1116 1913 1161 fabula
1923 1121 2093 1156 cernimus
2112 1123 2327 1161 innotatum.
2350 1123 2422 1163 Sed

1382 1170 1467 1216 quia
1488 1168 1534 1206 de
1548 1169 1810 1206 Durocortoro
1824 1170 2107 1218 mentioincidit
2119 1200 2129 1215 ‚
2159 1173 2279 1210 obiter
2292 1186 2422 1212 emen-

1384 1219 1524 1257 dandus
1545 1219 1717 1257 AEthicus
1739 1219 2037 1268 cosmographus
2056 1249 2067 1265 ,
2096 1224 2191 1271 apud
2210 1236 2323 1273 quem
2339 1237 2421 1274 per-

1386 1282 1512 1318 peram
1541 1270 1768 1307 Dorocoderos
1794 1282 1862 1319 pro
1884 1276 2159 1310 Durocortorum
2172 1274 2327 1324 legitur,
2358 1276 2421 1315 ubi

1386 1322 1526 1360 nobilia
1557 1322 1706 1359 Oceani
1735 1321 1971 1360 occidentalis
2002 1324 2141 1372 oppida
2173 1327 2439 1366 recensentur..

1386 1373 1515 1411 Hodie
1535 1373 1649 1410 Reims
1667 1372 1880 1421 appellatur.
1932 1373 2132 1415 SALVAGN.

1437 1429 1525 1473 639.
1551 1424 1709 1473 Denique
1728 1423 1985 1473 Sarmaticas·]
2010 1426 2208 1476 Postquam
2241 1427 2335 1466 Ibidi
2355 1429 2421 1468 suo

1385 1474 1592 1523 graviffima
1613 1486 1784 1523 quaeque
1806 1476 1900 1512 mala
1932 1475 2031 1513 Naso
2064 1478 2184 1515 noster
2201 1481 2424 1527 imprecatus

1387 1526 1458 1570 est,
1488 1527 1520 1563 ei
1541 1537 1652 1574 porro
1674 1526 1974 1573 deportationem
1997 1527 2033 1564 in
2057 1528 2295 1574 Sarmatiam,
2322 1531 2424 1580 quasi

1389 1577 1548 1614 dirarum
1588 1577 1732 1615 suarum
1772 1576 2007 1615 corollarium
2041 1579 2280 1628 imprecatur.
2331 1584 2423 1630 Quo

1391 1637 1491 1665 cette
1514 1628 1666 1677 epilogo
1686 1627 1777 1665 nihil
1792 1629 1952 1677 argutius
1974 1629 2009 1666 in
2029 1638 2114 1667 toto
2134 1632 2206 1668 hoc
2225 1632 2426 1672 Poematio

1390 1679 1483 1716 mihi
1506 1679 1622 1716 visum
1639 1678 1698 1716 est.
1752 1679 1885 1727 Quum
1909 1680 2009 1717 enirn
2033 1681 2192 1720 Ovidius
2211 1693 2258 1720 ne
2276 1684 2336 1721 vel
2353 1686 2426 1722 mi-

1388 1732 1531 1767 nimam
1561 1729 1769 1779 Augustum
1792 1729 1837 1767 ad
1859 1730 2226 1770 commiserationem
2253 1733 2429 1773 flectendi

1387 1780 1623 1819 occasionem
1653 1788 1855 1829 praetereat
1877 1808 1888 1825 ,
1924 1782 2016 1829 quid
2046 1783 2271 1832 ingeniosius
2304 1785 2348 1822 ab
2377 1797 2447 1823 e0=

1388 1831 1482 1877 dici,
1510 1840 1572 1869 aut
1590 1832 1946 1880 excogitaripotuit,
1973 1844 2085 1882 quam
2104 1836 2302 1873 utexilium
2317 1836 2423 1875 suum

1389 1884 1525 1932 quovis
1545 1882 1731 1931 supplicii,
1760 1883 1798 1920 ὃς
1820 1884 1949 1921 mortis
1978 1896 2116 1932 genere
2146 1888 2291 1934 gravius
2310 1898 2353 1925 ac
2370 1888 2430 1925 in·

1390 1934 1613 1971 tolerabilius
1636 1933 1845 1970 declararet.
1898 1934 1945 1971 Et
1970 1946 2059 1972 vero
2081 1936 2273 1983 ingenium
2298 1938 2428 1976 Ovidii

1388 1985 1460 2022 tale
1480 1985 1550 2029 est,
1578 1991 1619 2022 ut
1635 1995 1728 2032 pene
1748 1984 1906 2022 modurn
1918 1984 2105 2022 humanae
2125 1987 2352 2026 conditionis
2365 2001 2427 2026 ex-

1391 2035 1518 2079 cedat3
1548 2034 1574 2073 fi
1601 2046 1678 2085 quo
1702 2043 1830 2082 peccat
1853 2063 1863 2080 ,
1901 2046 1948 2073 eo
1970 2044 2118 2083 peccat,
2145 2038 2249 2086 quod
2272 2050 2430 2086 magno-

1389 2097 1471 2123 rum
1493 2086 1692 2123 fluminum
1722 2085 1850 2130 instar,
1879 2087 2063 2124 interdum
2087 2088 2292 2132 redundet;
2321 2088 2427 2137 quod

1387 2137 1413 2174 fi
1434 2137 1470 2174 in
1493 2149 1540 2174 eo
1563 2138 1695 2175 vitium
1720 2137 1792 2179 est,
1822 2138 2231 2184 totptaeclatisdotibus
2249 2139 2429 2178 satisillud

1388 2187 1614 2236 compensat.

1389 2240 1464 2283 nii,
1495 2239 1668 2275 omnibus
1690 2237 1926 2285 eloquentiae
1944 2238 2145 2277 luminibus
2163 2242 2267 2277 omni
2292 2252 2337 2278 ex
2352 2252 2449 2289 par-⁷

1389 2297 1426 2326 te
1447 2290 1644 2327 collucent.
1705 2288 1798 2325 Inest
1828 2289 1866 2326 in
1894 2288 2216 2336 ipsisradmirabilis
2244 2293 2353 2339 copia
2375 2291 2433 2330 di-

1396 2340 1524 2385 cendi,
1553 2349 1663 2388 atque
1680 2339 1845 2382 ubertas;
1874 2340 1964 2377 inest
1978 2339 2237 2379 sententiarum
2251 2343 2431 2391 gravitas;

1395 2391 1484 2428 inest
1515 2391 1674 2429 eruditio
1714 2391 1885 2439 plui-ima.
1941 2391 2036 2428 Inest
2077 2392 2239 2442 denique
2263 2394 2431 2443 jucunda

1393 2454 1516 2480 rerum
1536 2443 1708 2484 varietas,
1739 2443 1776 2478 ὃ(
1798 2443 2004 2480 amoenitas
2023 2443 2266 2488 incredibilis,
2292 2453 2433 2493 quanta
2468 2459 2471 2462 ·

1392 2505 1461 2531 nec
1481 2495 1517 2531 in
1540 2494 1655 2530 hortis
1687 2493 1917 2530 Maecenatis
1934 2520 1944 2535 ,
1982 2503 2043 2531 aut
2064 2494 2312 2543 Hesperidum
2334 2496 2428 2539 fuit,

1393 2554 1433 2580 ut
1456 2556 1532 2581 non
1556 2545 1748 2581 immerito
1783 2543 1991 2582 Defiderius
2021 2544 2190 2582 Erasmus
2216 2546 2253 2581 in
2275 2546 2432 2583 Cicero-

1391 2596 1505 2632 niano
1522 2595 1587 2632 suo
1609 2594 1791 2633 Ovidium
1812 2597 1907 2632 inter
1925 2594 2057 2632 poet-as
2077 2595 2301 2633 Ciceronem
2326 2597 2432 2634 vide-

1391 2648 1418 2683 ri
1444 2645 1543 2694 poffe
1565 2646 1707 2683 dixerit.
1736 2646 1811 2682 Hic
1832 2644 1912 2683 finis
1924 2645 2000 2682 esto
2018 2646 2396 2685 Commentationum
2413 2676 2425 2695 ,

1391 2709 1480 2745 quas
1508 2696 1714 2733 admodum
1737 2697 1889 2744 juvenis
1919 2695 2119 2743 auspicatus
2156 2697 2233 2734 sum
2254 2698 2428 2738 Viennae

1393 2748 1638 2796 Allobrogum
1654 2775 1664 2791 ,
1703 2748 1879 2795 promovi
1902 2746 2076 2797 Lutetiae
2098 2747 2340 2794 Parisiorum,
2370 2751 2437 2788 ab·

1392 2799 1481 2836 solvi
1505 2799 1654 2835 tandem
1677 2799 1713 2835 in
1734 2798 1916 2835 Voreano
1938 2809 2027 2835 meo
2054 2810 2192 2836 annum
2211 2811 2321 2848 agens
2333 2809 2432 2839 aeta-

1393 2860 1437 2888 tis
1466 2848 1700 2886 vicesimum·
1756 2849 1834 2884 Has
1864 2856 1989 2886 autem
2018 2849 2222 2888 studiorum
2255 2863 2430 2890 meorum

1393 2901 1568 2949 primitias
1589 2927 1599 2942 ,
1636 2899 1701 2936 tibi
1723 2899 1888 2944 ‚summe
1901 2911 2021 2938 rerum
2047 2901 2189 2948 Opifex
2207 2929 2217 2946 ‚
2247 2901 2297 2938 do
2319 2901 2430 2947 dico,

1397 2961 1653 3000 properaturus
1667 2949 1712 2988 ad
1742 2951 1809 2988 alia
1828 2977 1838 2993 ,
1866 2962 1961 2999 quae
1980 2951 2024 2989 ad
2047 2952 2283 3000 Reipublicae
2304 2954 2431 2992 munia

1397 3002 1568 3040 obeunda
1590 3003 1705 3051 magis
1727 3001 1951 3041 conducant.
2005 3003 2204 3041 SALVAGN.
2232 3003 2321 3040 Hoc
2335 3004 2433 3042 disti-

1398 3055 1497 3090 chon
1520 3053 1643 3089 decrat
1672 3052 1903 3101 quibusdam.
1937 3052 2013 3091 aliis
2034 3056 2072 3092 in
2092 3055 2257 3102 margine
2278 3053 2454 3104 adicnp»

1397 3113 1490 3142 tum.
1520 3102 1767 3151 Vid.supr.ad
1788 3104 1830 3146 >⁷7-
1853 3103 1938 3153 338.
2119 3118 2123 3122 ·

1449 3155 1536 3203 641.
1562 3155 1640 3191 Sint
1657 3153 1800 3205 κύβω]
1832 3155 1939 3192 multi
1960 3154 2101 3202 scripti,
2140 3154 2218 3192 Sint
2242 3157 2279 3194 ὃς
2300 3157 2427 3198 Editio

1397 3207 1548 3246 Veneta
1571 3214 1677 3248 vetus
1690 3207 1790 3253 &ita
1807 3206 1857 3258 N,
1876 3204 2049 3247 Heinfius
2061 3205 2193 3246 edidit.

2344 3296 2434 3349 2643}
2488 3352 2492 3356 ,

1668 2187 1810 2224 Omnia
1840 2188 1918 2236 ejus
1941 2188 2067 2235 Opera
2090 2216 2101 2232 ,
2140 2189 2432 2239 omnibusinge-
2497 2198 2499 2202 ’
