2547 3708
279 134 353 209 ἰοὶ

790 120 851 179 P.
927 107 1337 179 OVTDII
1407 114 1945 178 NASONIS

568 223 689 283 mae
718 240 806 280 me
832 221 1077 278 lacrimae
1099 217 1297 273 facient
1321 197 1553 274 fine-fine
1578 219 1834 285 beatum,

423 302 449 310 ρ,

425 314 532 356 210

646 297 870 352 Dulcior
896 295 984 348 hic
1012 292 1116 347 risu
1147 305 1274 347 tunc
1300 292 1430 347 mihi
1454 290 1614 347 fletus
1638 294 1757 348 erit.

572 369 745 428 Natus
771 386 824 423 es
848 366 1062 429 infelix,
1099 366 1171 419 ita
1196 363 1272 420 Di
1299 366 1546 429 voluere,
1580 383 1682 420 nec
1697 365 1799 420 ulla

643 440 951 498 Commoda
975 437 1209 494 nascenti
1236 438 1377 493 stella
1398 438 1635 512 levisque
1657 438 1789 503 fuit,

567 518 698 574 Non
725 515 911 572 Venus
938 511 1177 576 adfulsit,
1208 514 1330 567 no'n
1355 511 1441 566 illa
1459 511 1671 584 Jupiter
1696 512 1861 578 hor-21,

644 589 909 662 Lunaque
930 604 1042 643 non
1065 598 1193 659 apto
1217 584 1376 640 Solve
1401 584 1553 641 fuere
1573 585 1728 644 lom..

2298 666 2428 725 Nec·

278 798 424 838 molaus
445 786 620 836 Barbarus
649 793 943 834 Commentariis
972 794 1009 831 in
1029 791 1316 838 Dioscoridem,
1374 795 1500 851 poffept
1557 792 1682 832 Petav.
1742 793 1842 834 alter.
1904 805 2066 846 poeeran:
2131 799 2237 838 mum
2305 803 2419 841 etiam

278 849 479 891 Turnebus
498 848 687 887 Adversar.
709 847 871 885 lib.v111.
898 856 976 893 cap.
997 855 1033 882 2.
1060 844 1319 892 Hieronymus

276 899 508 942 Mercurialis
528 900 667 938 Variar.
705 897 788 935 ieet.
808 897 869 935 lib.
892 909 945 933 vr.
973 906 1051 943 cap.
1074 906 1107 941 7.
1145 894 1321 943 Iosephus

275 949 457 1000 Scaliger,
484 952 523 988 &
549 951 657 998 Janus
675 947 885 986 Passeratius
902 946 1080 995 Propertii
1104 945 1322 994 interpretes

275 1002 324 1041 de
346 1012 460 1040 croco
475 1030 484 1046 ,
512 1003 572 1040 vel
601 1007 794 1050 unguento
825 999 977 1036 crocino
1001 996 1208 1035 constanter
1230 997 1324 1034 acci-

276 1055 396 1105 piunt.
450 1054 552 1091 Hinc
587 1053 698 1090 etiam
730 1049 884 1088 Cilicum
907 1047 1020 1087 nimbi
1055 1047 1215 1085 Martiali
1236 1047 1327 1096 Epi·

276 1115 395 1155 gram.
417 1114 485 1144 111.
522 1103 695 1152 Amphit.
723 1102 874 1140 Cilicum
908 1099 1024 1147 Messes
1057 1099 1244 1154 Papinio,
1288 1099 1328 1135 in

276 1154 405 1205 sylvis.
432 1155 595 1205 Corycius
627 1166 740 1192 crocus
775 1152 938 1190 Horatio
970 1151 1086 1198 Satyr.
1107 1161 1162 1187 iv,
1197 1149 1258 1188 lib.
1283 1161 1330 1187 11.

276 1208 317 1244 ἃ
338 1207 496 1245 Lucano
507 1207 568 1244 lib.
580 1219 632 1245 xx.
660 1207 699 1244 δί
714 1203 897 1252 Adagium
911 1230 921 1248 ‚
937 1200 990 1243 εἷς
1003 1200 1173 1237 Κιλικίαν
1184 1201 1305 1246 κρόκον
1318 1228 1328 1245 ,

274 1257 314 1295 in
329 1269 409 1304 eOS,
422 1257 487 1307 qui
498 1269 638 1296 merces
650 1256 697 1294 eo
711 1256 931 1305 deportant,
969 1252 1031 1290 ubi
1054 1263 1186 1301 magna
1202 1263 1330 1290 earum

276 1307 327 1347 est
349 1309 469 1358 copia.
497 1309 697 1347 SALVAGN.

329 1370 414 1405 204.
445 1362 570 1409 Qum
598 1359 714 1397 multa
737 1356 808 1405 fiat
834 1354 1009 1405 grandine
1041 1367 1146 1392 canus
1168 1353 1328 1404 Athos.]

275 1408 323 1448 In
344 1410 422 1448 altis
441 1410 632 1449 montibus
655 1410 783 1448 nivem
806 1408 982 1457 reperias,
1012 1407 1234 1455 grandinem
1252 1416 1331 1443 non

275 1460 369 1499 item
385 1488 396 1506 ,
424 1463 604 1512 quoniam
632 1462 724 1499 haec
745 1459 975 1508 conglaciato
996 1458 1113 1495 imbre
1140 1457 1321 1507 gignitur,

275 1511 337 1550 illa
366 1522 412 1550 ex
434 1512 573 1551 eodem
605 1513 766 1551 humore
795 1510 942 1548 mollius
966 1508 1122 1553 coacto,
1151 1520 1237 1556 quae
1250 1509 1322 1557 pri-

275 1573 434 1612 usquam
466 1565 602 1613 frigore
636 1561 826 1602 constricta
861 1560 903 1599 sit
923 1588 934 1605 ,
961 1560 998 1598 in
1021 1560 1154 1598 obvios
1181 1568 1329 1597 montes

277 1612 436 1653 decidua
458 1615 530 1659 est3
559 1627 606 1653 eo
627 1613 667 1653 fit
686 1622 726 1653 ut
756 1624 834 1663 quo
857 1612 1008 1661 propius
1032 1611 1051 1649 a
1072 1619 1168 1648 terra
1188 1610 1328 1660 grando

279 1664 456 1704 ceciderit
478 1694 491 1712 ,
527 1666 602 1704 hoc
625 1666 741 1715 magis
773 1663 842 1701 erit
859 1662 1111 1711 triangularis,
1141 1672 1202 1700 aut
1224 1673 1331 1711 pyra-

279 1714 418 1754 midata
445 1729 454 1754 ε
491 1728 577 1767 quae
611 1728 701 1754 vero
733 1715 879 1764 longius
908 1712 929 1750 a
959 1721 1052 1752 terra
1078 1713 1333 1758 concreverit,

277 1765 355 1804 hoc
386 1767 453 1805 erit
485 1766 681 1806 rotundior
705 1795 717 1812 ‚
754 1765 894 1815 angulis
924 1764 1036 1814 longa
1076 1764 1137 1802 via
1177 1764 1334 1802 obtritis.

277 1816 386 1855 Hinc
398 1818 566 1856 Gerardo
578 1818 710 1855 Voffio
725 1815 975 1865 improbatum
1003 1815 1068 1854 lib.
1084 1828 1149 1853 111.
1177 1815 1236 1852 De
1247 1815 1336 1852 Ori-

278 1867 615 1918 gine&pr0greffu
629 1867 886 1911 idololatriae,
915 1876 991 1914 cap.
1013 1877 1084 1903 xn.
1113 1865 1216 1915 quod
1238 1866 1333 1904 Ovi-

277 1918 361 1958 dius
382 1920 456 1963 ait,
485 1927 657 1957 montem
688 1918 794 1956 Atho
814 1916 990 1967 grandine
1019 1917 1220 1955 canescere.
1264 1916 1335 1954 So-

277 1968 356 2007 lent
378 1969 517 2007 Poe'tae
547 1971 598 2006 τῑι
622 1971 783 2014 μετέωροι
804 1967 1047 2007 confundere.
1101 1967 1328 2006 Altiffimum

280 2018 382 2058 certe
402 2021 540 2058 montis
562 2021 666 2058 Atho
674 2021 807 2069 jugum
823 2045 835 2062 ,
866 2018 1056 2066 magisque
1075 2017 1214 2055 celebre
1226 2018 1330 2066 quod

281 2069 388 2109 estin
408 2079 572 2109 extrema
592 2069 835 2114 Chersoneso,
849 2077 997 2117 propter
1010 2067 1196 2106 summam
1211 2069 1333 2107 altitu-

281 2119 409 2159 dinem
430 2129 604 2170 perpetua
636 2122 713 2159 fere
741 2121 830 2157 nive
861 2121 1020 2167 tegitur,
1050 2119 1200 2168 quaein
1219 2119 1331 2157 aesta-

282 2179 363 2210 tem
385 2172 498 2222 usque
517 2179 732 2221 permanet:
762 2171 806 2208 In
827 2170 928 2218 cujus
945 2168 1093 2206 summo
1117 2170 1256 2206 vertice
1271 2170 1333 2206 Sa-

283 2222 420 2262 cellum
445 2223 516 2267 est,
547 2234 623 2273 quo
637 2222 820 2271 Calojeri,
849 2219 924 2257 five
948 2219 1130 2256 Monachi
1152 2218 1331 2268 ejusMo-

283 2274 441 2320 nasterii,
453 2273 554 2324 quod
566 2273 678 2323 Agias
693 2279 811 2311 Laura
822 2270 952 2309 dicitur
966 2298 977 2315 ‚
1004 2269 1051 2308 ad
1071 2268 1208 2308 radices
1222 2281 1332 2307 mon-

279 2326 324 2363 tis
345 2324 453 2364 fitum
468 2353 478 2369 ,
498 2334 596 2363 certa
609 2324 765 2362 annidie
787 2321 1061 2365 conscendunt,
1089 2320 1332 2370 ibiquelitur-

281 2376 382 2424 giam
401 2384 560 2419 canunt;
590 2376 733 2420 nemini
752 2375 853 2412 enim
866 2381 950 2412 toto
971 2384 1018 2410 eo
1041 2379 1172 2410 monte
1190 2380 1332 2419 praeter

283 2427 498 2467 Monachos
517 2426 677 2465 habitare
697 2426 808 2469 licet;
836 2426 874 2462 in
896 2435 1013 2473 eaque
1036 2423 1084 2461 est
1106 2422 1203 2470 apud
1225 2422 1331 2459 Grae-

284 2488 349 2514 cos
368 2478 634 2516 sanctimoniae
661 2476 917 2516 aestimatione
941 2502 952 2520 ‚
988 2485 1061 2523 qua
1092 2474 1216 2511 Roma
1232 2472 1330 2521 apud

285 2526 445 2567 Latinos
458 2534 476 2573 '3
514 2527 677 2577 ideoque
708 2527 906 2565 vernaculo
936 2525 1107 2564 sermone
1138 2523 1235 2570 ἅγιον
1256 2524 1331 2569 ’ὄρος

280 2579 507 2628 appellatum
537 2579 663 2616 Italice
685 2585 805 2616 Monte
820 2579 937 2622 santo.
964 2576 1164 2614 SALVAGN.

338 2643 425 2680 205.
454 2637 526 2668 Nec
550 2629 649 2667 mala
683 2642 763 2666 voce
791 2627 911 2677 mea.]
949 2626 1123 2666 illustravi
1151 2627 1250 2664 hunc
1276 2626 1335 2663 lo-

290 2690 376 2718 cum
414 2681 475 2720 lib.
504 2693 576 2718 nx.
621 2682 658 2718 in
692 2679 885 2717 Observat.
916 2679 955 2716 in
995 2676 1333 2726 Metamorphosiu.

290 2731 462 2819 SCxorau.
514 2731 571 2770 Ex
598 2742 706 2770 more
734 2731 934 2769 Poetarum
955 2756 967 2775 ,
1004 2728 1050 2768 de
1089 2740 1167 2779 quo
1198 2727 1334 2767 Persius

319 2790 413 2820 at.v.

342 2850 488 2888 Vatibus
506 2851 560 2888 hic
580 2863 651 2889 mos
670 2848 713 2896 est
726 2876 735 2891 ‚
764 2856 900 2885 centum
914 2845 983 2895 fibi
996 2846 1121 2894 poliere
1143 2859 1239 2884 voces
1252 2875 1262 2893 ,

342 2907 497 2939 Centum
519 2915 578 2940 om
597 2930 607 2948 ,
645 2911 689 2941 ω·
717 2899 852 2948 linguas
873 2907 986 2948 optare
1008 2898 1047 2936 in
1075 2899 1234 2936 carmina
1261 2911 1337 2937 cen-

392 2962 483 2990 tum.

292 3024 405 3062 More
423 3025 573 3072 inquam
595 3023 709 3062 duc‘to
733 3034 777 3060 ex
796 3023 971 3060 Homero
1000 3019 1104 3059 iliad.
1124 3032 1187 3058 111.
1217 3031 1330 3070 quem

292 3076 426 3114 imitati
446 3075 643 3124 Virgilius,
673 3074 831 3111 Ovidius
850 3073 952 3121 saepe
967 3100 976 3116 ,
1005 3072 1110 3109 Silius
1131 3098 1142 3115 ,
1181 3070 1331 3108 Hostius

292 3127 389 3173 apud
403 3126 636 3164 Macrobium
653 3152 662 3170 ‚
693 3124 914 3162 Claudianus
928 3151 937 3167 ,
967 3122 1132 3161 Sedulius
1150 3150 1160 3166 ,
1176 3121 1234 3159 alii
1257 3121 1334 3169 pas-

294 3177 374 3214 sim.
428 3177 624 3216 SALVAGN.
660 3181 730 3212 Nec
759 3184 822 3211 tua
843 3187 923 3210 voce
949 3186 1024 3210 mea
1052 3182 1213 3222 poterunt
1235 3171 1333 3209 mala

297 3230 431 3269 rancia.
475 3227 645 3268 Francof.
674 3225 805 3277 possunt
834 3236 916 3264 tunc
945 3234 1029 3261 vota
1061 3235 1153 3264 unus
1174 3222 1335 3263 Heinsii.

1378 847 1479 886 editi.

1429 906 1517 941 207.
1545 900 1606 932 Tot
1630 894 1694 933 tibi
1715 910 1783 934 vae
1808 897 1929 948 misero
1951 899 2142 949 veniant.]
2173 902 2316 942 Venient
2338 906 2422 945 scri-

1379 948 1444 996 pti.
1473 947 1624 984 Heius.
1653 947 1706 984 Ita
1723 948 1801 997 jam
1825 950 1911 987 editi
1936 951 2095 998 plurimi.
2125 958 2324 1006 Tantaeque
2345 959 2420 995 rui-

1381 1011 1446 1035 nae
1473 998 1584 1035 etiam
1617 997 1790 1039 Francof.
1820 1000 1921 1049 quod
1953 1001 2093 1040 rectum
2113 1015 2216 1051 puto.
2246 1019 2302 1045 11.
2323 1007 2421 1049 Met.

1382 1052 1443 1097 96.
1471 1053 1569 1099 Eque
1586 1059 1636 1085 tot
1657 1062 1697 1086 ac
1714 1050 1827 1095 tantis
1843 1051 1922 1089 coeli
1931 1061 2108 1103 terraeque
2130 1055 2305 1106 marisque
2325 1062 2422 1107 Pofita

1383 1099 1635 1150 bonisssaliquid.
1664 1112 1697 1137 v.
1712 1100 1821 1139 Trist.
1831 1114 1890 1149 47.
1918 1102 2026 1141 Plena
2040 1115 2090 1141 tot
2107 1118 2147 1142 ac
2168 1110 2280 1147 tantis
2298 1112 2421 1157 refere-

1385 1161 1444 1189 tur
1462 1151 1699 1200 gratiafabiis
1718 1180 1726 1196 ,
1743 1153 1781 1189 ὅτ
1800 1153 1849 1190 ita
1870 1153 1994 1201 paffirn
2016 1155 2087 1194 alii.
2111 1155 2244 1196 BuRM.

1436 1201 1521 1239 208.
1550 1201 1712 1252 Putem]
1743 1209 1845 1241 Putes
1877 1205 2108 1244 Sarravianus
2129 1208 2167 1245 δε
2186 1209 2274 1248 octo
2295 1211 2365 1251 alii.
2384 1213 2422 1251 in

1386 1253 1550 1302 lacrymis
1570 1252 1658 1297 duo.
1685 1265 1798 1298 mox,
1827 1255 1854 1292 is
1875 1255 1946 1303 risu
1974 1266 2050 1293 tum
2070 1257 2241 1298 Francos.

1440 1317 1524 1342 212.
1544 1305 1734 1342 Commoda
1747 1306 1899 1355 nascenti
1910 1306 2011 1353 stella
2030 1307 2179 1359 levisque
2188 1310 2302 1363 fain]
2333 1312 2426 1351 Stel-

1385 1355 1418 1394 la
1451 1355 1627 1394 commoda
1665 1356 1703 1394 &
1739 1356 1954 1395 incommoda
1981 1360 2128 1407 proprie
2160 1360 2305 1402 dicitur.
2367 1365 2426 1403 Sic

1388 1408 1488 1446 enirn
1511 1409 1549 1445 &
1567 1406 1796 1456 Propertius,
1824 1408 1883 1446 lib.
1901 1419 1958 1448 11.
1986 1408 2088 1458 Eleg.
2110 1423 2169 1449 20.

1432 1480 1611 1528 §Quaeritis
1633 1491 1676 1520 <9¹
1692 1482 1777 1518 coelo
1799 1483 2004 1522 Phoenicum
2027 1486 2176 1526 inventa
2185 1490 2325 1538 sereno,

1487 1533 1586 1579 Quae
1597 1529 1646 1580 fit
1665 1531 1760 1577 stella
1769 1532 1901 1571 homini
1914 1539 2113 1584 commoda,
2142 1554 2297 1589 quaeque
2318 1545 2429 1586 mala,

1386 1597 1434 1635 Et
1460 1598 1652 1638 Petronius
1673 1600 1818 1639 Arbiter
1841 1602 2006 1654 Satyrico
2030 1635 2041 1652 ‚
2079 1620 2156 1657 cap.
2179 1622 2262 1648 xxx.
2299 1613 2430 1650 Altera

1388 1654 1509 1706 Lunae
1535 1652 1671 1709 cursum
1690 1651 1940 1708 stellarumque
1959 1659 2088 1707 septem
2109 1660 2275 1710 imagines
2297 1665 2430 1713 pitYas,

1388 1711 1430 1739 <9¹
1448 1713 1509 1749 qut
1528 1702 1598 1738 dies
1617 1702 1695 1740 bom
1714 1703 1840 1755 quique
1860 1705 2070 1746 incommodi
2087 1713 2185 1759 efflent
2205 1712 2433 1762 distinguente

1388 1750 1487 1807 bulla
1504 1752 1734 1794 notabantur.
1791 1754 1859 1793 Sed
1887 1758 1925 1795 ὃς
1943 1758 2029 1796 Ievis
2042 1772 2108 1810 pro
2127 1762 2283 1811 benigna
2297 1766 2334 1802 δε
2347 1777 2432 1812 pro-

1389 1810 1474 1851 pitia
1488 1830 1499 1847 ‚
1526 1804 1723 1852 quomodo
1737 1806 1832 1854 apud
1851 1808 2036 1849 Horarum
2067 1812 2129 1853 lib,
2147 1825 2177 1853 1.
2207 1815 2331 1854 Carm.
2345 1815 2381 1855 8.

1442 1883 1562 1915 Monet
1582 1877 1746 1916 Sithoniis
1765 1893 1833 1917 non
1854 1880 1939 1919 levis
1956 1886 2085 1933 Euyus.

1389 1947 1503 1997 Apud
1527 1949 1718 1987 Valerium
1741 1949 1915 1991 Flaccum
1942 1954 2004 1992 lib.
2021 1966 2077 1993 11.
2103 1942 2424 2006 Argonaut.323.s

1438 2035 1540 2046 ——-
1570 2019 1696 2074 Levior
1718 2025 1846 2057 Lemno
1869 2028 1965 2061 Deus
1984 2036 2127 2075 aequore
2137 2025 2246 2074 flexit

1440 2074 1517 2104 Huc
1542 2073 1687 2118 Minyas
1712 2089 1920 2103 ————--

1388 2155 1464 2193 Cur
1491 2162 1617 2192 autem
1645 2154 1837 2191 Stellarum
1861 2153 1951 2191 aliae
1965 2153 2154 2193 maleficae
2170 2182 2180 2199 ‚
2205 2155 2296 2194 aliae
2307 2155 2434 2194 saluta-

1387 2215 1442 2242 res
1466 2203 1653 2248 dicantur,
1681 2215 1766 2241 cum
1792 2203 2019 2243 Divinorum
2044 2217 2115 2244 una
2126 2205 2167 2243 fit
2185 2207 2436 2251 natura,Pto=·

1386 2254 1550 2293 lemaeus
1573 2255 1610 2292 in
1629 2254 1727 2292 libris
1745 2253 1790 2291 de
1815 2254 2025 2293 Harmonia
2049 2284 2059 2299 ,
2085 2257 2123 2294 &
2154 2256 2367 2295 Macrobius
2394 2259 2433 2296 in

1388 2305 1574 2343 somnium
1594 2304 1772 2354 Scipionis
1792 2304 1867 2343 fuse
1888 2304 2072 2346 differunt.
2126 2306 2318 2356 Scripserat
2338 2309 2435 2346 Ovi-

1389 2355 1470 2394 dius
1495 2356 1549 2394 ’τῑι
1561 2356 1759 2404 Φαινόμενκ
1781 2383 1791 2400 ,
1828 2367 1872 2394 ex
1896 2357 2027 2405 quibus
2048 2359 2209 2395 carmina
2231 2359 2389 2397 citantur
2411 2358 2447 2396 a·

1388 2406 1513 2446 Probo
1535 2408 1573 2446 &
1598 2407 1807 2446 Lactantio.
1861 2407 2030 2445 Sarvao.
2061 2414 2233 2459 Levesque
2247 2409 2364 2448 multi.
2387 2409 2434 2446 le—

1387 2458 1491 2495 visve
1508 2456 1609 2495 venit
1631 2457 1854 2497 Heinfianus
1877 2471 1981 2498 unus.
2002 2459 2047 2498 de
2070 2471 2163 2498 voce
2184 2459 2273 2497 levis
2295 2460 2370 2500 vid.
2388 2459 2432 2498 ad

1385 2509 1455 2547 d.l.
1484 2509 1622 2547 Valerii
1640 2509 1772 2547 Flacci.

1440 2571 1527 2608 213.
1555 2566 1636 2596 Non
1656 2565 1764 2597 Venus
1776 2559 1923 2608 adfulfit
1936 2588 1948 2606 ,
1974 2573 2043 2597 non
2061 2560 2124 2598 illa
2143 2559 2287 2609 Jupiter
2306 2559 2432 2611 hora.]

1387 2611 1444 2648 Ex
1465 2611 1519 2649 his
1539 2610 1677 2658 septem
1702 2610 1796 2649 astris
1811 2639 1820 2655 ,
1847 2611 1921 2648 five
1952 2611 2070 2655 stellis,
2085 2610 2178 2648 duae
2208 2612 2344 2658 priores
2365 2612 2432 2650 bo—

1386 2673 1477 2700 num
1501 2661 1740 2710 portendunt.
1792 2662 1912 2705 Tres,
1942 2673 2037 2711 quae
2064 2660 2182 2698 statim
2206 2661 2434 2709 sequuntur,

1389 2713 1513 2760 suapte
1541 2712 1578 2749 vi
1608 2724 1732 2760 neque
1755 2712 1842 2749 mali
1888 2723 2013 2761 neque
2054 2711 2145 2748 boni
2166 2710 2370 2762 quidquam
2392 2711 2433 2751 fi-

1390 2761 1567 2813 gnificant
1589 2788 1601 2809 ,
1635 2762 1695 2800 sed
1723 2763 1759 2800 ei
1788 2761 1903 2807 astro,
1931 2761 2035 2811 quod
2061 2761 2281 2809 respiciunt,
2309 2764 2433 2801 adhae-

1391 2823 1483 2853 rent.
1502 2814 1661 2862 reliquae
1676 2824 1765 2850 vero
1785 2812 1879 2851 duae
1909 2821 2089 2862 perpetuo
2119 2812 2213 2851 mala
2242 2813 2431 2852 ostendere

1392 2865 1575 2904 dicuntur.
1627 2864 1796 2901 CIOFAN.
1915 2899 1918 2907 ,

1445 2928 1533 2966 213.
1568 2913 1752 2964 Affulfia]
1789 2913 1923 2963 Effulfit
1953 2915 2068 2962 prima
2112 2913 2226 2952 editio
2257 2914 2294 2951 &
2337 2926 2431 2954 unus

1393 2967 1544 3015 Regius.
1572 2971 1643 3002 Nec
1672 2971 1707 3002 V.
1730 2964 1880 3015 affulfit‚
1911 2978 1969 3002 nec
1997 2966 2035 3002 in
2061 2963 2126 3002 illa
2151 2964 2194 3009 J.
2216 2962 2252 3000 h.
2290 2965 2433 3005 Moret.

1391 3019 1430 3055 &
1451 3017 1621 3055 Francos.
1646 3029 1715 3053 non
1744 3016 1817 3054 ulla
1847 3016 2028 3054 editiones
2058 3015 2240 3062 antiquae.
2266 3028 2325 3051 ora
2344 3017 2431 3055 A1d‚

1389 3067 1517 3107 Heius.
1528 3068 1771 3116 conjiciebat,
1794 3069 1875 3104 'non
1892 3066 1946 3104 illi
1972 3067 2017 3113 J.
2035 3065 2159 3108 horae,
2187 3065 2244 3103 vel
2258 3065 2359 3104 illam
2370 3067 2432 3104 ho-

1388 3132 1479 3157 ram.
1502 3131 1593 3156 mox
1615 3119 1923 3167 Lunam-Regius.
1949 3117 2068 3166 Solque
2088 3115 2246 3165 plurimi.
2273 3130 2341 3154 non
2357 3117 2430 3155 alto

1387 3168 1514 3208 Petav.
1537 3171 1574 3206 &
1599 3169 1769 3207 Francos.

1438 3232 1522 3269 214.
1550 3226 1718 3272 Lunaque
1737 3233 1805 3275 non
1825 3227 1902 3271 apto
1925 3245 1937 3265 ,
1965 3216 2063 3272 Solve
2082 3219 2183 3269 fuere
2200 3218 2309 3273 loca]
2339 3218 2430 3307 ch

2355 3280 2374 3319 9
2413 3277 2431 3321 a'
