2547 3708
812 157 838 215 I
980 157 1027 216 B

1176 160 1201 215 1
1345 158 1403 218 S.

454 259 652 331 Impius
676 256 915 312 humano
939 257 1141 312 viscere
1166 260 1309 327 pavit
1334 275 1520 331 equos.

245 356 350 410 405
392 335 469 392 Ut
494 333 606 388 duo
635 330 850 386 divertis
875 331 967 386 sub
996 331 1192 386 eodem
1221 331 1434 386 vindice
1459 333 1596 387 caesi

456 407 822 477 Temporibus
850 403 1063 469 NeffuS‚
1101 405 1508 477 Dexamenique
1537 422 1720 477 gener.

383 481 462 538 Ut
498 495 767 551 pronepos
789 516 805 541 ,
845 478 1098 539 Saturne,
1136 489 1286 531 tuus:
1327 496 1488 549 quem
1516 479 1746 534 reddere
1769 479 1933 536 vitam

458 553 604 610 Urbe
628 549 938 606 Coronides
964 550 1099 603 vidit
1129 550 1192 604 ab
1217 550 1322 618 ipse
1346 551 1448 605 sua.
1967 564 1970 567 ’

383 626 461 683 Ut
490 628 652 687 Sinis,
688 623 744 674 δε
769 621 987 684 Sciron,
1028 623 1082 675 &
1110 623 1178 677 de
1207 623 1575 695 Polypemone
1599 638 1781 689 natUS,

237 721 344 776 410

92 909 167 954 bis,
194 908 253 947 vel
274 919 339 957 pro
369 917 417 944 eo
445 904 584 943 dicium
614 901 759 940 videtur
780 928 792 945 ,
830 899 932 951 quod
956 899 1005 937 est
1028 898 1127 958 apud

93 962 286 1010 Virgilium
311 958 437 1005 Eclog.
455 968 490 993 v.
516 953 689 1004 graminis
713 951 879 996 herbam,
909 951 966 988 vel
989 950 1036 988 est
1049 963 1126 1000 ejus

91 1011 265 1050 sententia
279 1038 290 1055 ,
307 1021 372 1058 pro
389 1007 505 1045 herbis
519 1005 667 1055 ,quibus
684 1003 812 1042 inesiet
823 1014 984 1051 gramen.
1008 1004 1125 1059 ‘Quae

91 1062 190 1101 certe
219 1062 360 1099 locutio
390 1070 473 1097 curn
504 1057 661 1095 insolens
693 1055 860 1093 videatur
881 1082 891 1098 ‚
927 1053 1124 1100 suspicabar

90 1112 286 1163 legendum
304 1139 315 1155 ,
338 1120 400 1160 pro
412 1121 557 1158 gramen
587 1106 792 1144 habentibus
811 1106 922 1142 arvis.
976 1104 1047 1142 Sed
1067 1106 1123 1142 in-

89 1166 274 1203 concinne
295 1162 365 1200 dici
390 1161 477 1198 mihi
499 1158 611 1196 visum
633 1157 682 1195 est
696 1185 706 1203 ,
729 1158 834 1205 pavit
854 1169 952 1206 equos
963 1155 1121 1193 humano

89 1216 237 1264 viscere,
261 1223 321 1262 pro
348 1210 537 1260 gramineis
563 1210 677 1246 arvis.
731 1209 844 1245 Porro
872 1207 919 1244 de
950 1206 1118 1256 gramine

85 1265 195 1304 herba
215 1293 226 1310 ‚
265 1263 313 1302 fic
342 1263 474 1300 Plinius
501 1261 560 1298 lib.
583 1272 711 1297 xxxxv.
751 1271 830 1307 cap.
869 1268 932 1306 19.
962 1263 1118 1295 Gramen

26 1319 29 1321 ’
84 1315 192 1362 ipsum
220 1314 263 1362 efl
288 1315 379 1352 inter
409 1312 533 1350 herbas
559 1309 847 1358 vulgatissimum.
902 1309 1118 1346 Geniculatis

75 1366 182 1416 serpit
201 1365 402 1403 internodiis
417 1393 425 1406 ,
460 1363 635 1412 crebroque
657 1363 699 1398 ab
728 1361 780 1398 his
803 1371 846 1401 ω’
866 1373 906 1396 ex
926 1361 996 1404 ejus
1016 1373 1116 1397 cacu-

85 1418 178 1454 mine
197 1416 305 1454 nova}
323 1417 454 1453 radices
465 1415 604 1462 spargit.
659 1414 753 1450 Folia
769 1414 837 1460 ejus
852 1412 890 1448 in
909 1411 1038 1462 reliquo
1060 1426 1113 1449 or-

85 1467 124 1504 be
158 1469 196 1505 in
233 1468 426 1504 exilitatem
453 1466 694 1513 fastigiantur.
759 1470 799 1501 In
830 1463 991 1511 Parnasso
1026 1473 1111 1499 tan-

87 1527 167 1555 tum
222 1518 380 1556 ederam
417 1517 515 1565 specie
567 1515 699 1563 densius
729 1544 739 1561 ,
794 1526 902 1565 quam
946 1513 1112 1564 usquam.

81 1569 242 1607 Fruticat
257 1567 343 1617 flore
360 1568 498 1605 odorato
517 1567 741 1618 candidoque.
800 1564 983 1611 Jumentis
1006 1565 1111 1602 herba

82 1632 151 1658 non
171 1620 245 1658 alia
272 1631 423 1669 gratior,
448 1618 522 1668 five
547 1619 673 1656 viridis
696 1616 770 1666 five
790 1617 829 1655 in
842 1617 943 1663 fheno
953 1613 1109 1663 siccata,

81 1684 159 1709 cum
178 1673 276 1708 detur
307 1672 436 1719 aspersa
461 1684 567 1719 aqua.
621 1670 817 1719 Quoniam
849 1678 940 1704 vero
965 1680 1114 1716 gramen

77 1722 126 1760 est
145 1724 237 1761 inter
263 1723 387 1760 herbas
414 1721 698 1771 vulgatiffimurn
720 1749 730 1763 ,
772 1720 860 1757 ideo
889 1729 955 1766 pro
982 1720 1111 1775 quavis

78 1772 189 1811 herba
206 1773 386 1811 interdum
402 1773 600 1821 usurpatur.
653 1771 851 1808 Serimon,
899 1769 1006 1806 Muln
1031 1768 1113 1806 scri-

80 1827 154 1872 pti,
179 1825 411 1874 programine.
431 1837 490 1872 pro
506 1822 665 1872 gramine
686 1823 720 1859 h.
738 1821 859 1859 herbas
878 1820 967 1858 alter
988 1820 1113 1859 Petav.

83 1874 121 1912 ὃ(
148 1876 221 1914 duo
253 1877 322 1914 alii.
355 1885 455 1912 artus
473 1886 532 1924 pro
562 1874 720 1924 gramine
749 1873 911 1910 habentes
939 1871 1053 1917 Jureti
1075 1873 1112 1909 &

80 1923 208 1963 Patav.
235 1938 300 1974 pro
331 1925 442 1963 herbis
473 1937 590 1969 unus,
620 1925 750 1962 haedis.
786 1925 890 1962 loeus
910 1922 1110 1969 suspectus,

79 1976 165 2023 quia
188 1975 233 2013 de
258 1977 443 2013 Diomede
457 1980 535 2026 jam
547 1977 620 2024 egit
648 1975 786 2024 ss.383.
821 1976 998 2012 inmerito
1020 1986 1109 2011 vero

77 2024 272 2074 Salvagnio
298 2025 454 2064 insolens
481 2025 627 2063 videtur
646 2026 790 2063 locutio
806 2034 865 2073 pro
887 2037 1032 2072 gramen
1043 2023 1109 2059 loa-

76 2075 232 2112 bentibus
255 2076 375 2112 herbis.
430 2076 483 2113 Ita
496 2077 597 2113 enim
619 2076 656 2112 &
675 2088 685 2112 1
705 2075 897 2123 Met.633.
926 2086 1019 2109 terra
1027 2087 1110 2121 gra-

76 2139 154 2163 men
185 2126 319 2163 habens.
351 2128 390 2163 ὅ(
414 2139 464 2163 1v.
491 2139 572 2169 215.
617 2124 841 2173 Ambrofiam
869 2134 928 2172 pro
949 2124 1110 2172 gramine

75 2176 215 2215 habent.
243 2188 357 2220 mox,
385 2175 541 2213 humano
555 2176 721 2223 sanguine
741 2186 846 2224 pavet
872 2175 1041 2212 Francos.
1071 2177 1110 2213 &

73 2234 142 2266 tres
163 2228 230 2266 alii.
245 2228 373 2266 Bunm.

121 2291 204 2327 4ος.
231 2284 274 2315 Ut
291 2279 356 2315 dao
376 2276 558 2327 diversis.]
588 2275 768 2314 Hercules
796 2272 949 2313 Nessum
973 2275 1012 2312 δε
1033 2275 1110 2314 Eu-

76 2330 221 2378 rytiona
246 2330 450 2368 Centauros
469 2328 666 2367 interfecit.
695 2327 893 2364 INTERvn.

124 2382 208 2426 406.
235 2380 447 2428 Temporibus
480 2379 634 2428 Δᾶμι]
675 2375 803 2415 Neffus
831 2378 1036 2415 Centaurus
1064 2378 1107 2416 ab

74 2429 236 2470 Hercule
264 2432 396 2481 sagittis
424 2430 637 2474 transfixus,
666 2428 769 2478 quod
793 2430 870 2466 vim
901 2429 1105 2467 Deianirae

71 2481 118 2519 ad
140 2482 305 2521 Euenum
331 2483 482 2521 fluvium
506 2482 640 2519 inferre
668 2478 837 2518 voluiffet
859 2508 868 2524 ‚
898 2488 938 2517 ut
955 2481 1106 2526 copiose

71 2533 300 2584 prosequitur
330 2534 428 2572 Naso
444 2562 452 2577 ,
480 2533 540 2571 li'o.
564 2545 616 2570 xx.
655 2532 907 2579 Metamorph.
930 2532 967 2568 δε
989 2532 1105 2569 Deia-

73 2583 151 2621 nira
174 2585 244 2633 ipsa
274 2585 368 2633 apud
397 2586 574 2622 Senecam
604 2582 767 2620 Hercule
799 2583 972 2626 Oetaeo,
1002 2583 1105 2621 versu

77 2644 162 2679 500.
190 2636 438 2683 Apollodorus
472 2635 533 2673 lib.
553 2647 598 2672 ιι.
626 2634 797 2672 Biblioth.
826 2634 1000 2682 Hyginus
1028 2634 1103 2671 fab·

80 2691 142 2728 34.
166 2685 323 2724 Tzetzes
344 2688 379 2725 in
407 2688 714 2735 Lycophronem.
743 2682 875 2721 Obiter
896 2684 1024 2722 Strabo
1047 2684 1108 2723 lib.

80 2742 116 2769 x.
144 2734 327 2775 Pausanias
341 2738 536 2776 Laconicis
550 2740 585 2774 ὅ(
600 2736 777 2775 Phocicis.
802 2735 970 2774 SALVAG.
987 2735 1112 2774 Vulne-

76 2782 172 2821 ribus
195 2784 284 2832 Neffi'
301 2788 434 2826 Moreti
459 2790 496 2826 &
517 2790 618 2826 alius.

125 2836 209 2880 406.
244 2839 494 2888 Dexamenique
508 2837 646 2888 genem]
685 2838 740 2876 Ita
757 2837 957 2886 legendum
980 2866 990 2882 ‚
1029 2849 1107 2875 non

74 2885 260 2933 Diffimani
281 2914 290 2930 ,
319 2895 356 2925 ut
380 2890 489 2936 vulgo
506 2891 650 2928 codices
679 2889 827 2927 habent.
879 2889 964 2936 Fuit
981 2898 1106 2927 autem

73 2935 134 2974 hic
154 2937 394 2976 Dexamenus
416 2939 527 2977 Oleni
544 2952 629 2983 rex,
655 2947 694 2977 ut
721 2939 871 2978 Pausan.
912 2939 1020 2977 tradit
1058 2940 1103 2976 E.

71 2986 171 3025 liacis
193 2988 373 3035 prioribus
439 2989 552 3037 Cujus
584 2989 671 3026 filias
699 2992 887 3038 geminas,
916 2991 1107 3029 Theroni-

73 3048 155 3076 cem
179 3040 217 3076 &
241 3040 532 3088 Theraphonem
558 3039 700 3077 Actoris
730 3040 792 3079 filii
813 3042 962 3079 Creatus
984 3042 1108 3079 &Eu-

73 3097 175 3138 rytus
194 3089 388 3128 duxerunt.
417 3092 454 3128 ὃ(
481 3103 526 3127 ex
546 3090 759 3128 Theronice
780 3092 931 3139 quidem
955 3093 1107 3131 Cteatus

73 3142 200 3186 genuit
232 3142 546 3190 Amphimachum
570 3170 579 3185 ,
617 3152 661 3177 ex
691 3140 941 3189 Theraphone
982 3152 1106 3181 autem

77 3190 235 3240 Eurytus
256 3195 382 3240 genuit
392 3193 568 3241 Thalpin.
605 3192 819 3239 Utrumque
840 3202 961 3231 autem
979 3195 1110 3237 ‚Crea-

75 3248 156 3281 tum
171 3244 325 3291 scilicet,
352 3245 390 3283 &
406 3244 590 3295 Eurytum
613 3242 1010 3298 occiditHerculesxex
1030 3245 1115 3295 infif

455 699 672 773 Quique
700 696 867 749 homo
892 709 1041 767 parte
1067 695 1175 761 sui,
1213 709 1362 767 parte
1383 715 1645 767 juvencus
1674 712 1805 754 erat.

2083 774 2223 847 Quin

1185 896 1252 936 diis
1274 899 1370 937 circa
1406 899 1567 939 Cleonas
1597 901 1770 947 adortus,
1799 914 1883 942 cum
1914 904 1959 942 ad
1978 912 2165 944 certamen
2185 908 2224 946 in

1182 948 1362 988 Isthmum
1378 950 1702 999 proficiscerentur.
1718 954 1917 992 Caeterum
1930 957 2014 1004 quia
2027 960 2138 1005 poeta
2151 957 2223 1002 sin-¹

1179 1001 1293 1048 gulari
1315 1014 1474 1040 numero
1504 1003 1623 1051 posuit
1644 1032 1654 1048 ‚
1683 1005 1968 1055 Dexamenique
1988 1019 2101 1055 gener
2116 1036 2126 1052 ,
2154 1009 2224 1048 du-

1180 1051 1282 1090 bitari
1302 1055 1418 1102 potest
1433 1065 1475 1091 an
1491 1053 1536 1091 de
1548 1056 1621 1092 alio
1642 1057 1950 1106 quopiam,quam
1964 1058 2009 1095 de
2023 1059 2226 1106 Amudin

1179 1114 1272 1151 quos
1295 1107 1331 1142 &
1354 1103 1374 1141 a
1399 1113 1515 1143 matre
1539 1106 1712 1143 Molionas
1734 1118 1941 1153 vocarunt,
1969 1108 2029 1146 hic
2050 1108 2226 1156 locusin-⁴

1177 1154 1392 1203 telligendus
1416 1155 1478 1194 fit:
1511 1156 1683 1195 videlicet
1710 1157 1756 1195 de
1788 1158 1995 1206 Eurytione
2018 1167 2222 1208 centauro,

1174 1206 1326 1253 quando
1351 1207 1389 1244 &
1410 1207 1508 1244 Neffi
1533 1210 1696 1246 centauri
1728 1211 1961 1248 mentionem
1982 1210 2070 1249 facit
2090 1214 2221 1259 poe'ta.

1176 1256 1235 1294 De
1266 1257 1331 1294 illo
1360 1259 1460 1296 enim
1495 1259 1592 1306 apud
1626 1260 1822 1308 Hyginum
1858 1262 1895 1298 in
1925 1261 2025 1299 hunc
2062 1263 2222 1302 modum

1171 1308 1347 1346 traditur:
1379 1308 1560 1354 Hercules,
1589 1310 1708 1360 inquit
1741 1311 1915 1360 Hyginus
1937 1339 1948 1356 ,
1986 1324 2064 1349 cum
2095 1314 2132 1349 in
2158 1312 2223 1351 hoa

1163 1358 1365 1407 spitiumad
1378 1366 1623 1398 Dexamenum
1634 1375 1742 1410 regem
1755 1362 1896 1411 veniffet
1911 1391 1920 1406 ‚
1953 1363 2089 1413 ejusque
2103 1362 2222 1411 filiam

1171 1410 1383 1447 Deianiram
1406 1412 1671 1460 devirginaſjet,
1699 1413 1871 1462 fidemque
1894 1412 2030 1462 dedisset
2045 1442 2055 1456 ,
2077 1415 2112 1462 fh
2139 1427 2218 1452 eam

1168 1473 1311 1498 uxorem
1348 1462 1538 1499 dafftaram
1563 1492 1573 1508 ,
1620 1464 1688 1512 post
1730 1464 1902 1513 discessum
1939 1478 2008 1510 elus
2049 1465 2220 1513 Eurytion

1169 1513 1299 1550 Ixionis
1327 1523 1370 1553 (φ
1401 1514 1514 1551 Nabis
1529 1513 1630 1561 filius
1651 1520 1873 1560 Centaurus,
1896 1515 1985 1563 petit
2009 1516 2222 1553 Deianiram

1167 1576 1321 1602 uxorem.
1378 1567 1487 1614 Cujus
1512 1573 1612 1613 parer
1643 1567 1719 1603 vim
1753 1568 1878 1604 timens
1900 1595 1909 1611 ,
1935 1566 2107 1615 pollicitus
2131 1567 2220 1616 eslse

1166 1614 1351 1652 daturam.
1410 1617 1474 1652 Die
1492 1616 1671 1664 constituto
1691 1645 1699 1660 ‚
1742 1618 1840 1655 venit
1874 1631 1950 1654 cnm
1971 1617 2149 1662 fratribus
2170 1617 2219 1654 ad

1166 1667 1317 1712 nuptias.
1378 1666 1532 1704 Hercules
1555 1668 1749 1704 intervenit
1764 1696 1774 1712 ,
1800 1682 1841 1709 (9⁴
1864 1675 2085 1706 Centaurum
2111 1669 2221 1705 inter-

1155 1717 1266 1762 fecit,
1286 1721 1460 1768 suamque
1487 1720 1660 1766 speratam
1689 1719 1863 1765 abduxit,
1894 1721 1965 1757 &c.
1991 1720 2050 1756 De
2072 1719 2217 1768 Euryto

1167 1777 1292 1806 autem
1326 1770 1420 1807 Ioles
1441 1779 1563 1817 patre,
1594 1770 1718 1808 &filio
1743 1771 1865 1819 lphito
1895 1770 1969 1819 (ita
1990 1772 2090 1808 enim
2104 1770 2220 1814 Grae÷

1166 1820 1198 1856 ci
1218 1824 1317 1858 hunc
1339 1828 1500 1859 vocant)
1530 1820 1575 1858 ad
1598 1833 1692 1870 quos
1710 1823 1823 1870 vulgo
1843 1822 1944 1859 hunc
1967 1822 2095 1859 locum
2121 1821 2219 1860 refe-

1165 1879 1270 1915 runt,
1301 1871 1633 1910 Commentatores
1656 1872 1824 1911 viderint.
1881 1874 2059 1911 Mrcrtr..
2092 1873 2217 1911 Debe-

1169 1928 1228 1957 tur
1249 1922 1355 1969 hujus
1375 1923 1448 1960 loci
1474 1923 1652 1961 restitutio
1684 1924 1796 1961 Paulo
1824 1924 2026 1972 Leopardo
2051 1923 2131 1962 viro
2147 1923 2217 1967 do-⁴

1169 1972 1350 2017 ctiffimo,
1380 1975 1442 2021 qui
1464 1973 1529 2012 lib.
1547 1986 1610 2011 111.
1640 1974 1960 2012 Emendationum
1985 1985 2064 2021 cap.
2084 1987 2116 2018 4.
2144 1986 2211 2022 pro

1166 2023 1311 2071 vulgata
1339 2024 1531 2070 scriptura,
1569 2024 1820 2072 Diffimaniqae
1850 2037 1972 2071 gener,
1996 2024 2131 2072 primus
2159 2025 2212 2062 le-

1165 2074 1327 2120 gendum
1352 2073 1465 2116 vidit,
1496 2075 1710 2116 nemmem,
1743 2074 2013 2123 utintelligatur
2028 2075 2213 2122 Eurytion

1167 2123 1376 2161 Centaurus
1403 2124 1541 2161 Ixionis
1571 2125 1609 2161 δε
1633 2125 1739 2162 nubis
1759 2125 1850 2161 filius
1867 2153 1876 2169 ‚
1908 2126 1952 2162 ab
1973 2125 2215 2163 Herculeiti-

1167 2173 1253 2211 dem
1276 2176 1437 2218 occisus,
1466 2174 1567 2222 quod
1589 2176 1617 2211 is
1630 2175 1843 2212 Deianiram
1866 2175 2077 2212 Dexameni
2098 2176 2211 2224 Regis

1167 2223 1279 2260 filiam
1302 2236 1365 2272 per
1387 2226 1462 2261 vim
1482 2223 1746 2271 desponsasset,
1778 2237 1890 2275 quam
1915 2226 2008 2273 prius
2032 2227 2211 2266 Hercules

1166 2273 1240 2321 ipse
1261 2284 1472 2324 corruperat
1494 2303 1504 2318 ‚
1542 2274 1623 2313 data
1649 2275 1719 2314 fide
1742 2276 1774 2314 se
1794 2289 1875 2314 eim
1901 2289 2054 2315 uxorem
2078 2277 2212 2316 dunu-

1166 2335 1262 2364 rum.
1315 2326 1374 2363 Sic
1400 2327 1571 2375 Hyginus
1603 2327 1671 2365 fab.
1698 2337 1754 2376 33.
1785 2329 1821 2365 ὃ(
1851 2328 2040 2366 Lufftatius
2060 2327 2096 2365 in
2120 2329 2209 2368 illud

1163 2376 1288 2420 Statii,
1312 2376 1342 2424 fi
1361 2377 1500 2426 quando
1516 2377 1687 2426 profundo
1712 2377 1912 2427 Nubigenae
1942 2379 2072 2417 caluere
2106 2393 2210 2417 mero.

1162 2426 1232 2464 Sed
1256 2428 1356 2465 aliter
1378 2428 1564 2466 historiam
1598 2430 1759 2477 produnt
1789 2430 2045 2478 Apollodorus
2076 2429 2137 2467 lib.
2160 2443 2209 2469 11.

1162 2478 1199 2515 ἃ
1225 2478 1415 2516 Diodorus
1446 2479 1583 2518 Siculus
1606 2509 1615 2525 ‚
1657 2492 1816 2528 quorum
1851 2482 1910 2518 hic
1933 2482 2144 2519 Dexameni
2166 2481 2209 2519 fi-

1159 2528 1242 2566 liam
1259 2558 1269 2573 ,
1296 2542 1372 2567 non
1385 2531 1600 2569 Deianiram
1618 2559 1628 2575 ‚
1656 2531 1716 2569 sed
1731 2533 1961 2580 Hippolyten
1980 2560 1989 2575 ,
2015 2531 2075 2570 ille
2096 2533 2207 2570 Mne-

1158 2579 1343 2618 simass-hen
1375 2590 1496 2619 vocat.
1559 2583 1758 2619 Samios.
1805 2583 2067 2633 Dexamenique
2089 2583 2205 2621 corri-

1157 2631 1320 2679 gendum
1338 2661 1348 2675 ‚
1378 2642 1417 2670 ut
1429 2634 1598 2671 nonnulli
1621 2635 1777 2671 codices.
1800 2635 1989 2683 quodjarn
2015 2634 2073 2671 alii
2098 2633 2204 2672 vide-

1162 2692 1261 2721 runt.
1313 2685 1524 2722 Dexameni
1553 2685 1653 2722 enim
1687 2684 1795 2722 filiam
1827 2685 1928 2723 sunt.
1957 2686 2019 2733 qui
2050 2685 2204 2723 Deiani-

1164 2745 1239 2771 ram
1255 2762 1266 2778 ,
1295 2746 1372 2772 non
1394 2735 1518 2773 Oenei
1539 2735 1607 2772 esse
1620 2736 1857 2774 contendant.
1911 2736 2052 2774 Heius.
2080 2741 2205 2782 Dexaff

1164 2787 1325 2834 menique
1343 2799 1449 2835 genus
1467 2786 1656 2824 Petavian.

1215 2848 1299 2883 407.
1329 2836 1836 2887 UtproneposNeptunetuus.]
1869 2838 2204 2887 Coryneteslatm,

1163 2886 1255 2925 filius
1279 2888 1461 2932 Vulcani,
1488 2900 1602 2938 quem
1632 2889 1798 2926 Theseus
1827 2890 1986 2934 occidit,
2015 2901 2125 2937 quem
2148 2891 2203 2928 vi-

1165 2937 1217 2975 dit
1252 2940 1460 2977 Coronides
1483 2967 1493 2984 ,
1540 2939 1674 2978 scilicet
1708 2939 1938 2988 AEsculapius
1968 2942 2128 2979 Coronis
2160 2941 2200 2979 &

1165 2989 1304 3027 Phoebi
1333 2989 1450 3035 filius,
1479 2990 1522 3028 ab
1552 2991 1638 3029 urbe
1662 2991 1746 3037 sua,
1774 2991 1809 3028 id
1833 2992 1903 3036 est,
1931 2992 1973 3030 ab
2002 2992 2201 3039 Epidauro.

1164 3040 1406 3080 INTERPRES.
1442 3043 1554 3079 Hunc
1593 3042 1814 3090 Periphanem
1854 3051 1963 3082 vocat
2017 3042 2206 3080 Pausanias

1164 3092 1200 3129 in
1228 3105 1259 3130 1.
1287 3092 1503 3142 Periphetam
1534 3093 1703 3131 Plutarch
1728 3095 1763 3130 in
1789 3093 1962 3139 Theseo,
1999 3105 2111 3143 quem
2136 3097 2203 3127 Co-

1163 3143 1313 3181 rinetam
1337 3144 1644 3191 cognominatum
1676 3144 1853 3192 legimus,
1883 3147 1945 3194 qui
1967 3156 2078 3182 aenea
2100 3143 2203 3180 clava

1165 3203 1329 3232 uteretur
1349 3195 1392 3232 ad
1413 3206 1573 3243 pugnam
1595 3209 1604 3232 ε
1644 3194 1725 3232 sunt
1746 3204 1867 3233 autem
1896 3198 1931 3233 ὃ(
1962 3194 2113 3244 quidem
2137 3204 2203 3231 co-

1166 3244 1264 3287 dices
1278 3273 1288 3291 ‚
1314 3247 1351 3284 in
1364 3247 1493 3297 quibus
1503 3246 1635 3296 legitur
1647 3258 1725 3334 ,Nur
1738 3252 1914 3297 pronepos,
1924 3252 2071 3285 Saturne
2082 3272 2092 3292 ‚
2106 3254 2202 3300 tuus,

1728 3308 1749 3335 2,
2124 3304 2211 3346 qul:
