2547 3708
953 116 1242 166 VITA.
2105 144 2141 193 7

44 224 141 283 'quas
173 223 297 274 nuper
324 215 647 264 nominavimuS‚
676 211 784 264 prior
805 208 957 272 Ovidio
989 210 1188 262 nupserit,
1216 211 1340 254 illane
1367 224 1491 267 quam
1521 213 1688 256 Faliscis
1710 214 1869 269 ortam,
1897 218 2142 261 duodecima

44 279 144 324 tertii
164 278 369 319 Amorum
390 269 475 309 libri
492 267 634 320 Elegia
654 267 734 306 hoc
756 277 935 316 carmine
964 263 1209 315 declaratur,

206 325 310 366 Cum
329 321 423 364 mihi
435 322 628 377 pomiferis
647 321 784 372 conjux
795 319 897 369 foret
915 327 998 358 orta
1017 315 1187 365 Faliscis:

40 398 89 430 an
109 396 177 432 ea,
204 379 320 428 cujus
340 387 492 417 nomen
506 407 517 426 ,
545 373 690 427 patria,
717 385 844 428 genus
863 386 884 413 a
901 370 1028 412 Naso·
1043 383 1094 411 ne
1114 372 1309 422 suppressa
1331 374 1442 416 sunt:
1467 375 1558 417 sciat
1577 375 1779 416 Faliscam
1800 377 2011 418 mulierem
2033 377 2142 428 prio-

37 450 124 481 rem
154 430 320 482 nupfiffe
335 431 415 470 hoe
436 442 458 469 a
478 429 589 469 nobis
607 436 850 481 argumento
870 425 1021 478 putari,
1046 424 1158 476 quod
1178 425 1244 468 fibi
1262 439 1363 480 pene
1385 441 1511 480 puero
1531 430 1704 482 primam
1724 441 1897 472 uxorem
1915 432 2041 472 datam
2057 460 2069 481 ,
2099 431 2140 470 iu

34 498 177 547 quarto
196 483 392 525 Tristium
415 484 517 524 libro
541 489 867 527 commemorat,
893 488 960 528 ut,

201 538 312 579 Pene
335 536 432 577 mihi
449 546 564 590 puero
584 550 650 575 nec
666 534 801 595 digna,
828 546 896 572 uec
913 529 1019 570 utilis
1038 544 1138 570 uxor

267 589 339 637 Eli
359 592 451 631 data
466 602 476 630 ζ
504 603 599 651 quae
617 598 776 643 tempus
783 596 853 640 per
871 585 985 625 breve
1005 594 1126 639 nupta
1135 584 1235 635 fuit,

37 649 91 692 Et
112 641 152 689 se
176 656 276 699 pene
298 656 468 696 puerum
493 642 647 696 Elegias
667 641 707 680 in
727 639 970 701 Corynnam
993 638 1204 694 scripfiffe,
1232 639 1380 682 ibidem
1400 640 1583 686 testatur:
1603 644 1644 686 in
1663 645 1806 698 quibus
1826 643 1945 698 hujus
1967 642 2144 685 Faliscae

38 700 224 754 conjugis
243 697 338 738 facit
360 697 624 738 mentionem.
656 693 708 734 ait
730 705 862 745 enlm,
1743 696 1747 705 ¹

211 751 399 793 Carmina
417 764 503 790 cum
516 749 688 802 primum
697 746 835 800 populo
844 742 1041 798 juvenilia
1049 746 1130 797 feci
1139 777 1157 800 ,Α

265 803 396 843 Barba
421 801 559 854 reseda
580 798 675 839 mihi
695 802 798 839 bisve
810 797 980 849 semelve
993 799 1090 849 fuit.

204 856 390 897 Moverat
407 855 600 908 ingenium
619 861 737 893 totam
757 861 911 892 cantata
926 860 996 903 per
1016 853 1148 892 urbem

267 909 436 950 Nomine
455 922 528 947 non
549 921 638 946 vero
655 906 757 946 dista
778 905 814 947 C
817 918 954 960 orynna
971 904 1079 944 mihi.

38 965 120 1011 Sed
140 963 178 1007 δε
199 964 278 1006 hoc
307 963 371 1016 (ut
394 960 521 1004 Zoilo
543 973 590 1002 os
610 961 803 1012 cludam)
832 971 906 1012 pto
924 958 1181 1011 conjeetura,
1214 971 1301 1001 non
1317 959 1474 1013 judicio
1493 963 1625 1005 haberi
1646 966 1757 1006 volo.

661 1080 713 1129 P.
782 1076 1175 1127 OVIDII
1243 1079 1548 1143 VITA,

820 1198 911 1244 Per
932 1197 1188 1259 Raphae'lem
1213 1199 1401 1262 Regium.

42 1335 43 1338 ’
126 1326 278 1370 Ublius
299 1324 469 1367 Ovidius
489 1323 606 1366 Naso
618 1324 834 1377 Sulmoni,
859 1335 958 1377 quae
977 1327 1070 1367 urbs
1096 1327 1150 1368 est
1172 1327 1212 1368 in
1235 1325 1489 1380 Pelignis,ut
1509 1327 1589 1381 ipse
1607 1340 1775 1381 quoque
1794 1326 1948 1379 scribit,
1965 1338 2009 1366 ex
2033 1338 2154 1377 eque·

143 1383 205 1423 stri
223 1379 444 1423 Naionum
463 1379 615 1419 familia
635 1377 852 1420 Minervae
872 1378 1154 1432 Quinquatriis
1186 1389 1303 1422 natus
1328 1381 1406 1429 est,
1435 1393 1527 1421 xiV.
1547 1383 1750 1423 Kalendas
1776 1382 1935 1433 Apriles
1959 1380 2095 1420 Hirtio
2117 1379 2155 1419 ὅτ

45 1437 174 1480 Pansa
209 1433 465 1482 consulibus,
493 1433 562 1484 qui
597 1433 708 1473 bello
730 1433 974 1474 Antoniano
1004 1434 1107 1486 apud
1127 1433 1340 1475 Mutinam
1372 1435 1413 1475 in
1443 1446 1576 1488 pugna
1607 1437 1852 1477 ceciderunt.
1910 1435 2018 1475 Cum
2037 1434 2157 1474 fratre

50 1501 150 1533 natu
175 1488 331 1540 majore
360 1485 580 1528 clarifiimis
598 1485 634 1526 ἃ
658 1486 931 1539 grammaticis
962 1487 1001 1527 ἃ
1022 1488 1247 1529 rhetoribus
1268 1487 1430 1529 Romae
1459 1501 1625 1540 operam
1647 1490 1778 1541 dedit,
1807 1501 1854 1528 ac
1877 1498 1921 1529 ut
1950 1487 2047 1537 patri
2070 1499 2158 1527 ma-

49 1545 109 1600 gis
131 1543 419 1593 obtemperaret
434 1569 444 1589 ‚
458 1552 583 1591 quam
603 1540 716 1591 quod
740 1540 816 1580 illo
837 1540 965 1580 studio
984 1540 1248 1582 delectaretur
1265 1542 1441 1594 ‚legibus
1463 1543 1630 1593 quidem
1648 1542 1884 1583 incumbere
1904 1542 2050 1593 coepit.
2079 1538 2158 1580 Sed

47 1609 147 1639 cum
181 1604 289 1648 pater
318 1593 398 1634 vita
421 1593 584 1634 funerus
603 1592 720 1645 esset,
750 1594 799 1634 ad
822 1594 1077 1634 humaniores
1098 1594 1233 1635 musas
1255 1595 1393 1647 rediit,
1423 1597 1786 1648 celeberrimosque
1808 1598 1977 1636 illorum
1998 1605 2160 1645 tempo-

47 1662 139 1693 rum
156 1649 295 1701 poetas
317 1647 382 1687 fibi
411 1646 667 1697 conciliavit,
698 1647 940 1700 Aemylium
970 1646 1169 1689 Macrum
1203 1647 1506 1701 veronensem,
1537 1651 1604 1702 qui
1634 1650 1683 1690 de
1711 1649 1839 1690 herbis
1866 1646 2160 1702 diligentissime

48 1703 218 1755 scripsit:
248 1700 489 1750 Ponticum,
520 1700 588 1752 qui
610 1699 819 1741 Thebaida
849 1702 1094 1753 composuit.
1151 1701 1404 1754 Propertium
1425 1704 1669 1757 elegiarum,
1697 1703 1907 1744 Bacchum
1925 1702 2162 1753 jamborum

50 1756 286 1809 scriptorem
317 1754 353 1794 &
376 1753 599 1794 Horatium
624 1752 838 1794 Flaccum.
898 1752 1068 1795 Uxores
1100 1756 1168 1795 tris
1191 1757 1323 1808 duxit,
1352 1768 1526 1806 quarum
1547 1758 1644 1798 duas
1666 1757 1898 1808 repudiavit.
1929 1767 2024 1795 cum
2046 1753 2163 1793 tertia

52 1805 381 1861 conjunffiffime
400 1807 520 1848 vixit:
551 1819 598 1847 ex
617 1819 696 1859 qua
720 1808 816 1848 duas
833 1806 955 1847 etiam
975 1809 1077 1849 filias
1100 1809 1283 1861 suscepit.
1340 1809 1452 1850 Cum
1476 1823 1575 1851 veto
1592 1810 1642 1851 ad
1663 1810 1812 1860 Juliam
1838 1809 2008 1862 Augusti
2033 1807 2163 1848 filiam

53 1864 126 1904 sub
153 1861 372 1912 Corynnae
403 1861 575 1901 nomine
600 1860 766 1901 lascivas
795 1860 844 1901 de
873 1862 1080 1902 amoribus
1108 1862 1255 1916 elegias
1289 1861 1477 1915 scripsisse
1496 1862 1760 1916 deprehensus
1780 1863 1908 1911 foret,
1937 1862 1977 1901 in
1998 1861 2166 1900 exilium

59 1926 188 1957 annos
206 1913 491 1966 quinquaginta
510 1922 626 1954 natus
648 1915 696 1953 ab
719 1914 906 1968 Augusto
926 1915 1012 1966 ipso
1034 1915 1110 1954 fuit
1127 1915 1278 1966 ejecitis
1302 1917 1343 1956 in
1363 1916 1581 1969 Pontoque
1607 1919 1687 1958 rele
1718 1926 1829 1957 atus:
1861 1915 1950 1956 Ubi
1971 1925 2068 1953 cum
2088 1925 2165 1953 no·

54 1981 148 2010 vem
180 1977 309 2007 annos
341 1965 549 2005 tristiffime
568 1966 751 2019 exegisset
773 1997 790 2017 ,v
814 1968 896 2006 vita
914 1966 1078 2007 funcius
1099 1967 1278 2019 Tomis,
1307 1978 1351 2009 ut
1372 1967 1566 2010 Eusebius
1596 1971 1637 2010 in
1659 1970 1695 2009 C
1727 1968 1878 2008 ronicis
1903 1966 2059 2017 scribit,
2087 1966 2163 2006 fuit

56 2022 247 2073 sepultus.
302 2017 482 2060 Tametsi
517 2029 652 2060 autern
672 2018 710 2058 ἃ
729 2019 809 2070 ipse
831 2020 908 2060 alia
926 2020 1124 2070 quaedam
1141 2020 1263 2073 ja&at
1284 2021 1443 2075 tegendi
1464 2023 1644 2062 criminis
1662 2021 1808 2075 gratia,
1838 2020 1875 2061 ὅ(
1894 2019 2072 2072 plerique
2093 2019 2165 2058 ali·

53 2084 112 2116 tet
134 2081 298 2126 putant:
325 2072 438 2111 illam
459 2081 754 2124 tamen,quam
775 2071 1001 2125 dixi,fuiffe
1014 2074 1122 2114 exilii
1141 2074 1303 2115 causam
1324 2087 1370 2115 ex
1393 2075 1449 2115 his
1469 2074 1627 2117 Sidonii
1648 2076 1792 2127 po'e'tae
1813 2071 2056 2126 lepidissimis
2077 2083 2166 2112 ver-

54 2128 155 2169 fibus
172 2135 304 2178 aperte
324 2124 661 2165 demonstrantur.

228 2177 286 2218 Et
305 2189 342 2216 te
361 2179 531 2216 carmina
540 2188 613 2231 per
631 2176 823 2229 libidinosa

229 2229 381 2271 Notum
391 2261 402 2282 ,
415 2228 520 2280 Nafh
537 2240 645 2269 tener
657 2261 668 2281 ‚
681 2229 885 2286 Tomosque
903 2232 1063 2284 mtffum.

231 2283 430 2340 Quondam
443 2282 649 2334 Caesareae
670 2283 785 2323 nimis
799 2283 948 2337 puellae
960 2315 973 2337 ,

233 2337 334 2389 Falso
355 2336 501 2377 nomine
510 2336 712 2388 subditum
729 2336 928 2392 Corynnae

63 2441 69 2444 ,
114 2391 258 2435 Multa
276 2391 391 2432 nobis
413 2390 698 2431 foecunditatis
720 2389 865 2443 ingenii
886 2390 944 2431 sui
962 2400 1236 2433 monumenta
1254 2391 1415 2443 reliquit
1440 2392 1585 2445 partim
1606 2394 1647 2434 in
1672 2393 1809 2442 exilio,
1834 2392 1981 2445 partim
2001 2389 2165 2432 Romae

63 2445 296 2498 conscripta.
322 2442 441 2484 Nam
473 2443 514 2483 in
534 2444 657 2484 exilio
680 2444 717 2484 ἂ
737 2442 787 2484 de
806 2442 1076 2495 Tristibus‚&
1096 2445 1146 2486 de
1165 2445 1371 2495 Pont0‚&
1390 2445 1431 2486 in
1456 2447 1578 2498 lbim,
1599 2448 1637 2488 ἀ
1658 2448 1708 2488 de
1730 2456 1864 2488 morte
1885 2445 2007 2487 Drufi
2030 2446 2078 2486 ad
2091 2444 2164 2485 Li-

63 2499 172 2541 viam
191 2497 539 2549 consolationem,
559 2497 596 2538 ὅτ
619 2497 840 2538 duodecim
864 2497 1076 2539 Fastorum
1100 2500 1223 2540 libros
1238 2530 1249 2551 ‚
1278 2511 1457 2551 quorum
1477 2500 1540 2541 sex
1562 2511 1724 2542 tant-um
1744 2508 1904 2541 extant:
1934 2511 2173 2551 quanquam·

66 2564 191 2606 nuper
211 2563 354 2593 omnes
376 2550 528 2591 inventi
548 2550 726 2591 ferantur
740 2581 751 2602 ,
774 2553 811 2590 ἃ
833 2551 1070 2593 Germanici
1092 2553 1343 2605 triumphurn
1365 2553 1611 2606 composuit.
1644 2554 1712 2595 De
1733 2554 1901 2607 piscibus
1923 2552 2170 2606 opusculum

67 2606 301 2646 inchoatum
319 2604 497 2656 reliquit..
553 2605 663 2646 Ante
681 2616 779 2645 vero
800 2617 924 2656 quam
942 2609 1141 2658 exularet,
1166 2610 1252 2658 jam
1274 2617 1399 2648 artem
1423 2608 1581 2648 amandi
1599 2608 1797 2650 emiserat.
1860 2606 2024 2649 Amoris
2037 2618 2168 2647 reme-

72 2657 198 2700 dium.
223 2657 315 2698 suos
344 2669 502 2699 amores
522 2658 575 2698 ad·
598 2658 853 2710 Corynnam.
886 2660 1113 2700 Amatorias
1147 2661 1381 2702 Heroi‘dum
1412 2662 1609 2713 epistolas.
1668 2662 1866 2704 Medeam
1898 2659 2172 2713 tragoediam,

75 2721 176 2761 quae
197 2718 241 2750 ut
267 2711 396 2751 scribit
419 2709 563 2752 Fabius
595 2711 892 2764 Quintilianus,
922 2713 1130 2754 ostendere
1150 2714 1328 2765 videtur,
1359 2725 1558 2765 quantum
1580 2715 1639 2756 vir
1668 2716 1738 2757 ille
1762 2714 1952 2768 praestare
1971 2712 2169 2765 potuerit;

74 2764 101 2804 fi
132 2761 293 2816 ingenio
311 2762 383 2802 suo
399 2772 618 2817 temperare
635 2778 759 2818 quam
777 2765 985 2821 indulgere
1003 2766 1214 2808 maluisset.
1240 2767 1596 2820 Metamorphofin
1609 2799 1620 2818 ‚
1632 2781 1756 2820 quam
1780 2767 1907 2809 subita
1925 2767 2171 2819 relegatione

74 2815 322 2868 perturbatus
340 2817 548 2858 emendare
565 2831 649 2859 non
668 2819 821 2871 potuit:
851 2820 889 2861 id
910 2821 1021 2872 quod
1042 2821 1121 2873 ipse
1141 2821 1199 2862 his
1221 2821 1464 2864 carminibus
1483 2822 1689 2876 perspicue
1708 2823 1896 2866 testatum
1915 2820 2088 2872 reliquit.

251 2866 354 2908 Orba
367 2877 522 2921 parente
527 2871 594 2921 suo
613 2874 824 2927 quicunque
839 2873 1035 2915 volumina
1054 2876 1200 2931 tangis,

303 2919 379 2960 His
386 2919 524 2971 saltem
543 2925 666 2974 vestra
684 2925 795 2966 detur
815 2928 855 2967 in
880 2929 970 2968 urbe
992 2929 1103 2969 locus.

248 2973 408 3030 Quoque
427 2979 547 3028 magis
554 2976 688 3036 saved?
699 3007 718 3037 ,.
739 2993 808 3019 non
818 2983 912 3032 sunt
929 2982 1018 3021 haec
1039 2982 1141 3043 eqiita
1160 2983 1207 3023 ab
1225 2981 1310 3036 illo,

303 3026 380 3067 Sed
395 3029 500 3081 quast
518 3028 562 3066 de
580 3029 717 3068 damma
727 3032 866 3080 funere
885 3045 996 3090 rapta
1003 3036 1081 3086 sut.

248 3079 445 3136 Quicquid
460 3083 500 3119 in
518 3080 575 3120 his
594 3081 713 3142 igitur
736 3084 824 3143 uitii
843 3088 935 3127 rude
953 3103 1106 3129 carmen
1126 3089 1275 3131 habebit
1290 3121 1304 3144 ‚

157 3186 160 3188 Ι
297 3131 606 3187 Emendatarm,
621 3133 659 3185 fi
674 3133 856 3188 ltcufflt,
877 3156 994 3182 eram.

81 3184 420 3241 Metamorphofis
453 3197 616 3242 autem,
652 3197 698 3230 ut
724 3190 874 3242 aliquid
901 3194 952 3236 de
979 3197 1111 3250 operis
1144 3210 1310 3254 quoque
1338 3197 1599 3253 inscriptione
1627 3198 1830 3254 dicamus,
1867 3197 2170 3241 transformatio

2045 3261 2172 3292 trans-
