2547 3708
628 133 1536 193 PRAEFATIONES.
2053 163 2145 200 201

855 255 899 303 E
926 256 958 317 J
993 255 1042 304 U
1076 257 1107 306 S
1144 258 1192 305 D
1228 258 1271 305 E
1304 261 1366 307 M

759 345 836 393 Ad
861 347 1112 395 Lestorem
1138 348 1451 414 Epigramma.

175 467 283 580 C
297 465 483 513 Armina
508 464 693 529 Nasonis
703 465 852 528 fugias
873 466 1032 530 lasciva
1048 469 1221 528 po‘e'tae,

349 532 414 576 Et
433 546 537 592 quae
548 534 765 591 praecipue
787 548 929 578 nomen
953 536 1104 578 amoris
1124 532 1288 580 habent.

173 601 222 648 Si
243 613 323 660 qua
345 606 484 642 tamen
495 594 663 657 fuerint
685 600 889 654 virtutis,
914 599 1069 658 perlege
1084 630 1099 655 ,
1122 614 1200 645 ,non
1208 598 1312 661 fimf

237 659 441 710 Carmina
447 661 620 722 judiciis
640 661 740 707 haec
758 662 1011 720 reprobanda
1033 664 1147 707 meis.

142 728 144 731 ’
177 729 229 779 V
224 732 307 775 itat
331 729 420 787 apis
439 726 840 785 taxum,nonflores
863 728 983 772 mella
1008 727 1193 788 legendo,

239 794 392 839 Omnes
415 790 487 852 esto
509 793 642 852 legas,
664 789 757 853 sbla
771 792 988 850 probanda
1011 802 1113 837 tene.

173 860 297 907 Dum
318 859 427 904 canit
446 859 490 902 in
509 858 656 901 varias
676 855 855 902 homines
877 856 1270 918 migmffi’figumr,

238 925 387 988 Qam
398 923 488 982 stnt
499 923 658 981 peccati
681 921 833 966 damna
855 921 1040 966 timenda
1061 921 1201 982 refers.

110 1036 112 1038 ,
173 988 337 1035 Fabula
357 1001 451 1047 quos
471 985 609 1032 doceat
617 985 721 1046 fiHo
746 987 947 1031 velamine
967 1001 1094 1031 mores
1106 1019 1121 1044 ,

238 1053 371 1117 Quod
387 1051 554 1097 damnet
576 1053 731 1098 vitium
744 1084 760 1109 ,
792 1051 868 1097 dat
889 1060 1026 1111 tropus
1047 1067 1130 1097 ecce
1151 1051 1230 1096 1th
1237 1088 1243 1094 .

140 1167 642 1218 HENRICI
720 1167 1320 1226 GLAREANI
1398 1169 2050 1224 DEDtCATIO

822 1274 928 1310 ante
954 1261 1375 1324 Metamorphoses.

63 1398 66 1400 ,
647 1352 1057 1402 ILLUSTRI
1124 1351 1540 1413 PRINCIPI,

43 1449 126 1510 D.
190 1444 662 1509 POPPONI
730 1447 1124 1511 COMITI
1199 1447 1321 1508 AB
1387 1448 2146 1514 HENNENBERG.

43 1588 450 1700 SAepenumero
476 1603 660 1635 mecum
688 1588 870 1650 mirari,
903 1588 1027 1637 soleo
1059 1588 1242 1638 illustris
1278 1590 1520 1653 princeps,
1555 1590 1745 1635 unicum
1782 1589 1959 1637 nostrae
1993 1593 2150 1639 aetatis

144 1652 307 1711 decus,
341 1665 586 1700 naturaene
623 1654 824 1712 malitia,
857 1671 915 1701 an
941 1656 1186 1702 hominum
1221 1655 1356 1700 ascita
1384 1656 1637 1718 petulantia
1665 1653 1774 1713 fiat,
1810 1667 1862 1701 ut
1897 1655 2016 1702 nihil
2053 1669 2148 1703 tam

39 1717 183 1777 bene,
199 1718 316 1764 nihil
337 1731 430 1765 tam
454 1717 652 1765 feliciter
674 1717 1049 1784 nascatur,quod
1064 1737 1160 1767 non
1185 1720 1473 1784 quorundam
1498 1719 1777 1766 cavillationi
1802 1732 1968 1783 pateat.
2003 1720 2150 1781 Quod

41 1782 152 1830 adeo
179 1781 465 1830 manifestum
494 1782 550 1830 fit
575 1785 623 1830 in
648 1784 738 1830 hoc
760 1785 906 1831 Poeta
931 1786 1112 1846 nostro,
1149 1802 1242 1848 quo
1268 1786 1347 1832 vix
1374 1784 1604 1848 quisquam
1628 1783 1888 1847 copiosius,
1911 1801 2048 1832 nemo
2070 1788 2148 1847 ju-

41 1849 260 1907 cundius,
295 1864 347 1894 ac
370 1849 487 1895 citra
511 1864 650 1895 omne
673 1848 854 1896 leet0ri8
882 1850 1112 1897 fastidium
1136 1849 1326 1897 eandem
1353 1865 1447 1895 rem
1485 1849 1654 1911 saepius
1687 1849 1836 1895 dicere
1861 1851 2046 1912 potuit,
2080 1853 2151 1898 in-

37 1926 200 1960 ventus
223 1925 376 1959 tamen
400 1912 465 1959 est
490 1914 685 1960 Scaurus
706 1915 985 1977 quidam,ut
1009 1916 1073 1962 est
1094 1915 1217 1979 apud
1240 1916 1458 1962 Senecam
1473 1947 1488 1973 ,
1510 1915 1884 1976 quiMontanum
1908 1914 2149 1962 sententias

37 1978 130 2024 suas
155 1975 405 2040 repetendo
428 1991 831 2039 corrumpentem,
865 1979 984 2025 inter
1008 1982 1230 2028 Oratores
1256 1979 1484 2027 Ovidium
1508 1991 1693 2025 vocaret
1707 2000 1723 2034 3
1751 1978 1977 2025 Ovidium
2007 1981 2146 2027 etiam

37 2041 218 2089 nescisse
238 2041 364 2103 quod
385 2040 502 2087 bene
527 2041 657 2104 geffit
679 2043 960 2106 relinquere:
996 2057 1132 2107 atque
1157 2046 1254 2106 ejus
1288 2044 1350 2089 rei
1384 2043 1701 2090 testimonium
1735 2042 1920 2089 adducit
1956 2059 2011 2089 ex
2038 2044 2149 2091 Lib.

35 2123 141 2153 xm.
176 2105 548 2169 Metamorphos.
587 2106 808 2154 Hecubae
834 2107 972 2154 verba
996 2108 1052 2154 de
1080 2108 1276 2154 Achillis
1311 2107 1493 2154 saevitia
1518 2108 1855 2170 conquerentis.
1911 2107 2146 2171 Egregius

38 2178 174 2230 vero,
208 2169 405 2234 quisquis
435 2170 618 2216 tandem
643 2172 836 2219 Scaurus
870 2172 945 2218 ille
979 2172 1147 2232 fuerit,
1178 2172 1352 2236 judex,
1390 2172 1437 2219 &
1462 2172 1629 2235 dignus
1655 2173 1735 2234 qui
1759 2173 1806 2217 in
1830 2172 2147 2236 Amphytffio-

39 2251 148 2283 num
176 2235 428 2281 concilium
455 2235 517 2281 ob
541 2247 632 2281 tam
659 2251 761 2282 acre
791 2236 1022 2300 judicium
1065 2239 1326 2300 recipiatur.
1396 2238 1568 2284 Seneca
1600 2249 1725 2282 certe
1759 2235 1867 2282 alibi
1899 2235 1955 2282 de
1973 2237 2151 2285 Ovidio

38 2299 103 2348 ita
119 2300 285 2359 sentit,
319 2313 373 2346 ut
397 2299 573 2364 ingenii
593 2301 757 2346 summi
783 2302 934 2348 virum
959 2303 1197 2348 nominet:
1237 2317 1320 2348 nec
1345 2301 1410 2348 illi
1434 2301 1621 2348 defuisse
1637 2301 1864 2363 judicium
1888 2301 1941 2347 ad
1964 2318 2151 2366 compe-

38 2363 242 2412 scendam
266 2365 498 2412 licentiam
521 2366 776 2411 carminum
800 2364 1016 2426 suorum,
1051 2366 1123 2413 sed
1148 2367 1378 2412 animum:
1416 2368 1587 2430 quippe
1616 2367 1695 2429 qui
1721 2364 1848 2428 saepe
1882 2366 2069 2412 testatus
2092 2367 2147 2415 fit

40 2429 354 2478 decentiorem
382 2430 468 2476 eise
496 2429 658 2476 faciem
676 2464 691 2489 ,
713 2431 760 2476 in
781 2447 870 2495 qua
890 2432 1050 2495 aliquis
1075 2448 1237 2479 naevus
1261 2431 1383 2477 esset.
1429 2433 1560 2478 Haec
1588 2429 1707 2477 reete
1731 2431 1913 2476 Seneca.
1970 2430 2152 2488 Qiam-

32 2511 174 2559 ‚quam
201 2495 292 2541 hoc
315 2495 448 2558 plane
470 2494 606 2541 video
635 2496 1156 2556 Senecae,Qiintiliani
1171 2512 1250 2555 ,ac
1273 2496 1428 2560 postea
1454 2496 1565 2542 Auli
1590 2495 1732 2542 Gellii
1755 2495 2068 2559 temporibus,
2085 2496 2148 2543 la-

39 2560 178 2607 bente
197 2562 290 2621 ⁴iam
315 2576 420 2606 cum
448 2560 646 2623 imperio
671 2561 807 2607 etiam
837 2561 1020 2608 dicendi
1042 2574 1164 2619 arte,
1199 2560 1367 2621 iudicia
1387 2577 1573 2624 quoque
1600 2560 1841 2606 hominum
1867 2561 1965 2606 satis
1990 2562 2149 2623 iniqua

39 2625 249 2672 extitisse.
317 2624 464 2684 Qod
487 2625 542 2670 de
565 2625 656 2671 hoc
681 2639 843 2673 autore
869 2626 1104 2673 manifeste
1137 2620 1370 2684 videmus,
1403 2642 1538 2689 quem
1565 2625 1744 2672 Gellius
1768 2624 1991 2672 duntaxat
2015 2625 2150 2671 semel

38 2688 218 2751 allegat.
285 2689 603 2747 Quintilianus
623 2691 760 2737 etiam
784 2690 885 2738 satis
910 2691 1079 2756 frigide
1102 2691 1156 2736 de
1180 2707 1236 2737 eo
1255 2689 1450 2754 judicat.
1520 2691 1585 2736 At
1610 2706 1697 2753 ego
1723 2705 1834 2751 pace
1860 2690 2048 2736 istorum
2076 2690 2148 2735 di-

40 2754 217 2810 xerim,
252 2753 452 2800 odiosam
486 2755 658 2801 Scauro
692 2756 856 2803 Ovidii
890 2760 1102 2821 copiam,
1137 2772 1188 2802 ac
1226 2756 1469 2801 minimum
1507 2756 1602 2817 ejus
1637 2755 1802 2818 poetae
1837 2771 1954 2817 opus
1992 2754 2149 2800 multiS

41 2817 242 2868 millibus
264 2817 407 2864 Gellii
429 2820 790 2867 racemationum
821 2822 1113 2883 praetulerim
1134 2839 1142 2866 :
1180 2834 1232 2871 ut
1255 2820 1310 2865 de
1332 2819 1631 2876 Quintiliano
1660 2818 1773 2864 nihil
1799 2818 1945 2865 dicam
1961 2852 1976 2876 ,
2013 2834 2148 2880 quem

41 2884 271 2929 'eruditum
295 2882 444 2928 virum
466 2884 654 2945 judico:
690 2884 762 2932 sed
787 2886 966 2932 Ovidio
1004 2901 1287 2949 nequaquam
1325 2884 1702 2947 praeferendum,
1737 2884 1816 2946 qui
1853 2885 1898 2929 in
1920 2883 2148 2929 Rethori-

35 2947 105 2993 -cis
131 2946 156 2993 a
182 2947 412 2992 Cicerone
436 2946 693 3007 divertens,
727 2963 862 3012 atque
897 2951 1116 3014 pleraque
1152 2951 1405 3008 innovans,
1440 2949 1579 3011 ipsam
1614 2961 1755 2996 artem
1791 2963 1872 3019 per
1907 2946 1948 2993 se
1980 2946 2149 2993 diffici-

45 3009 161 3074 lem,
195 3027 289 3058 non
314 3011 453 3074 paulo
476 3011 787 3059 obscuriorem
811 3014 1036 3073 reddidit,
1072 3031 1231 3061 verum
1260 3031 1354 3060 non
1385 3015 1449 3061 est
1475 3015 1609 3077 hujus
1647 3014 1895 3060 loci.nunc
1930 3028 1978 3058 ea
1999 3013 2150 3075 prose-

47 3077 138 3139 qui.
205 3075 350 3135 Quod
374 3076 429 3122 ad
452 3076 792 3124 Annotationes
816 3078 987 3126 nostras
1011 3081 1208 3137 attinet,
1243 3079 1463 3126 leetorem
1496 3079 1608 3124 scire
1640 3077 1880 3137 volumus,
1916 3076 2066 3123 obiter
2096 3091 2148 3122 ac

46 3140 164 3198 levi,
197 3152 250 3187 ut
270 3140 362 3187 dici
388 3139 528 3202 solet,
560 3142 781 3200 brachio,
815 3159 897 3189 nos
919 3144 1023 3191 loca
1049 3144 1266 3209 quaedam
1291 3143 1549 3201 annotasse,
1585 3144 1728 3207 magis
1750 3156 1800 3190 ut
1830 3143 2009 3205 ingenia
2033 3157 2148 3203 quo-

48 3204 236 3252 rundam
255 3205 309 3253 ad
325 3204 628 3271 judicandum
650 3208 968 3256 excitaremus,
1037 3209 1327 3258 Luculentus
1351 3208 1415 3254 est
1449 3220 1612 3267 autor,
1646 3209 1764 3255 inter
1791 3209 1921 3270 eujus
1951 3203 2150 3253 dostiffi-

85 3288 87 3291 ·
1315 3271 1357 3317 C
1372 3288 1395 3317 c
2070 3283 2144 3314 ma
