2547 3708
757 146 889 195 PER
925 145 972 208 J.
1014 139 1078 194 M
1111 146 1155 195 A
1192 140 1290 198 s's
1324 150 1486 202 ON.
2109 172 2181 229 73

200 247 258 294 In*
271 242 460 292 manibus
482 240 664 299 nimbos,
700 238 755 292 δᾶ
777 254 869 285 cum
889 238 1002 300 Jove
1013 239 1179 301 fulmen
1205 243 1403 303 habenti,

260 307 396 376 ,Quod
413 307 507 353 bene
515 318 595 366 pro
619 306 736 351 Coelo
761 306 946 350 mitteret
964 305 1033 351 ille
1041 304 1148 367 fico,

196 375 361 434 Claustt
379 373 515 418 amica
525 368 656 431 fores.
723 369 814 431 Ego
836 384 927 415 cum
948 369 1062 430 Jove
1075 370 1264 431 fulmina
1284 375 1375 432 mist
1385 405 1401 431 ,
1437 370 1529 419 &c.

136 486 139 488 ,
197 437 441 486 Blanditias
462 433 682 497 Elegosque
707 434 814 480 leves
836 449 928 480 mea
950 436 1033 480 tela
1053 434 1244 498 rgfitmst,
1279 434 1371 482 &c.

72 502 216 566 Qlod
241 517 357 564 opus
377 497 560 547 Theatro
584 496 862 546 destinatum
885 497 1042 557 fuiffe,
1075 497 1249 546 docent
1269 501 1407 548 etiam
1431 500 1682 563 superiores
1703 515 1816 550 vers.
1843 514 1883 566 3.
1908 500 1957 565 4ss

95 562 98 563 ⁷
198 567 294 616 Hoc
313 581 466 630 quoque
476 564 599 626 juffit
617 566 768 611 Amor.
801 564 961 610 Procul
978 562 1099 621 hinc,
1122 566 1271 624 procul
1285 566 1361 627 este
1370 565 1571 629 severae:

261 634 366 679 Non
387 630 477 691 estis
496 631 645 676 teneris
664 639 766 689 apta
786 626 994 675 Theatra
1011 628 1156 674 modis.

134 696 201 744 V.
233 695 311 742 Ex
345 694 432 742 illis
464 709 577 743 vero
614 691 813 739 Nasonis
846 691 1085 756 Operibus
1111 690 1296 756 Tragicis
1328 694 1536 742 laudatur
1569 694 1832 758 praesertim
1868 694 1923 742 ab
1958 695 2177 762 Antiquis

68 761 253 820 Medea,
287 759 344 806 de
366 775 456 823 qua
478 756 661 805 Auctor
685 755 880 819 Dialogi
898 755 956 803 de
978 757 1282 805 Oratoribus:
1318 761 1442 817 Nec,
1476 761 1538 805 ait
1563 758 1642 819 (a),
1675 763 1782 806 ullus
1803 764 1941 821 Asinii
1958 773 2034 809 aut
2057 764 2176 828 Mes-

0 849 1 852 =
56 825 179 889 stilae
199 826 301 872 liber
332 834 424 870 tam
447 822 615 884 illustris
644 818 724 881 est,
760 836 884 882 quam
918 821 1126 869 MEDEA
1161 823 1370 883 Ovum,
1404 834 1481 870 aut
1502 824 1632 871 Varii
1655 823 1853 885 Thyestes.
1922 825 2176 884 Quintilia-

0 897 2 900 ’
69 905 153 936 nus
177 888 244 951 (b)
265 903 452 953 quoque
474 886 594 933 idem
628 900 743 948 opus
775 885 988 933 extollit:
1024 887 1205 935 Ovmn
1241 888 1476 947 Mamm,
1511 889 1689 950 inquit,
1724 891 1892 936 videtur
1924 893 2027 938 mihi
2050 903 2175 940 oten-

69 956 160 1012 clere
173 987 188 1011 ,
221 962 421 1016 quantum
440 953 514 998 vir
535 951 604 997 ille
619 949 832 1022 praestare
846 955 1059 1012 potuerit,
1079 955 1124 1015 fi
1144 955 1301 1018 ingenio
1324 953 1403 1017 fito
1426 964 1678 1014 temperare,
1711 970 1834 1015 quam
1858 957 2061 1019 indulgere
2084 974 2174 1004 ma-

1 1023 4 1026 '
68 1019 214 1079 luiffit.
279 1017 586 1065 Recentiores
605 1017 884 1063 omlttimus.

308 1202 436 1248 Ante
460 1199 519 1247 C.
545 1218 578 1248 1.
600 1199 667 1249 U.
690 1200 750 1247 C.
777 1215 985 1247 Dccmn.

307 1265 472 1314 Ovidii
498 1282 625 1314 xnn.
649 1264 699 1312 &
723 1281 870 1314 xL111.

143 1381 364 1432 COSSO
398 1381 622 1430 CORN.
656 1380 1042 1440 LENTULO,
1077 1379 1138 1428 L.
1172 1378 1602 1430 CALPURNIO
1638 1378 1898 1429 PISONE
1932 1376 2113 1431 COSS.

68 1497 342 1612 LHUZ:
377 1496 644 1612 ciZffimum
674 1513 807 1610 amgo·
827 1497 958 1611 veit-iit
993 1495 1530 1610 adscribgncltlicmfigupld
1553 1494 1899 1609 gvtigiiuqllfibi,
1933 1496 2054 1544 edita
2080 1497 2176 1595 jani

68 1628 205 1691 cipua
229 1626 294 1675 sui
314 1574 925 1689 egzliingiiossaagiigeliffitlue
938 1575 1370 1692 ’apgglziugtrilstum
1384 1578 1630 1678 lvi'ndi‘catis
1642 1661 1659 1688 ,
1673 1576 1867 1691 nagnam
1877 1595 1898 1690 ς’
1905 1576 2153 1689 ἒῗῑῗῑσὶῖηε

195 1695 293 1742 Nos
311 1711 465 1757 quoque
478 1696 574 1758 jam
599 1692 778 1758 pridem
791 1694 947 1757 scripto
960 1695 1223 1755 peccavimus
1244 1709 1336 1740 uno.

0 1256 1 1262 ¹
71 1235 261 1283 ANNo

261 1760 514 1820 Supplicium
525 1763 696 1821 patitur
716 1775 812 1806 non
830 1775 949 1806 nova
973 1757 1111 1821 culpa
1131 1774 1298 1805 novum.

199 1824 478 1887 Carminaque
499 1824 757 1883 edideram,
791 1841 881 1871 cum
903 1834 942 1870 te
966 1822 1132 1870 delicta
1153 1835 1413 1871 notantem.

263 1889 484 1937 Praeterii
503 1894 621 1937 toties
629 1891 731 1952 jure
756 1892 785 1920 ὅ*
805 1892 963 1951 quietus
984 1889 1154 1952 Eques.

200 1950 342 2013 Ergo,
377 1971 480 2014 quae
496 1955 657 2017 juveni
685 1953 798 1999 mihi
821 1971 899 2000 nen
921 1958 1106 2000 nocitura
1119 1955 1278 2013 putavi

264 2018 433 2076 Scripta
446 2031 602 2078 parum
617 2018 824 2078 prudens,
859 2033 965 2063 nunc
985 2018 1151 2064 nocuere
1175 2015 1315 2064 Seni?

201 2077 309 2126 Sera
333 2083 586 2128 redundavit
605 2082 771 2128 veteris
793 2083 981 2127 vindiiia
1008 2082 1148 2127 libelli.

70 2141 207 2203 Qae
230 2159 340 2190 cum
364 2144 444 2192 sub
472 2145 537 2192 sui
571 2145 718 2192 exsilii
741 2161 794 2191 ac
819 2146 926 2192 anni
948 2144 1014 2192 U.
1040 2144 1098 2191 C.
1125 2142 1465 2191 DCCLXIII.
1500 2141 1782 2206 principium
1807 2139 2053 2202 scriberet,
2086 2144 2179 2191 hoc

61 2208 163 2269 est,
195 2209 326 2255 decem
345 2209 539 2273 integris
562 2209 666 2273 post
688 2209 856 2255 editam
871 2213 1024 2256 Artem
1045 2210 1197 2268 annis,
1230 2209 1398 2255 merito
1419 2207 1566 2264 dicit,
1600 2205 1642 2252 se
1664 2206 1755 2261 jam
1771 2207 1931 2266 pridem
1956 2205 2048 2254 hoc
2073 2206 2179 2255 scri-

72 2286 158 2337 pto
181 2273 459 2337 peccavisse,
495 2273 543 2320 &
563 2274 664 2337 sera
695 2271 970 2320 mulctatum
997 2275 1217 2329 vindicta,
1253 2289 1342 2335 qua
1374 2269 1593 2335 potuisset
1614 2270 1854 2336 Augustus
1888 2286 1993 2318 curn
2029 2273 2179 2320 multo

51 2338 192 2396 'citus
220 2351 406 2398 notare,
440 2337 581 2398 dum,
611 2341 714 2402 jure
737 2336 802 2384 sui
835 2353 1018 2384 morum
1045 2337 1313 2402 regiminis,
1347 2336 1575 2400 Equitum
1602 2347 1776 2383 turmas
1810 2340 2179 2400 recognosceret.

73 2402 152 2463 {ld
174 2402 293 2450 hanc
312 2405 436 2451 enim
462 2405 820 2468 Recognitionem,
856 2418 954 2449 non
975 2418 1086 2449 vero
1108 2402 1163 2449 ad
1189 2401 1420 2448 solennem
1443 2401 1671 2464 Equitum
1689 2399 2040 2465 Transvectionem
2057 2417 2180 2465 quo-

31 2464 37 2467 *
72 2468 220 2525 tannis
244 2470 386 2516 Idibus
406 2471 540 2529 Juliis
564 2468 626 2528 (c)
652 2467 908 2532 peractam,
942 2467 1021 2514 hic
1046 2466 1231 2531 respicit
1255 2467 1482 2525 Ovidius,
1516 2466 1586 2512 uti
1612 2464 1846 2513 clariffime
1868 2466 2038 2526 docet,
2070 2467 2180 2513 dum

72 2533 164 2593 ait,
187 2531 229 2580 se
251 2533 489 2581 multoties
512 2551 619 2581 cum
640 2549 762 2597 equo
776 2533 1031 2594 praeteriiffi
1056 2548 1212 2579 coram
1230 2530 1443 2596 Augusto
1466 2532 1615 2578 deuna
1638 2541 1828 2590 notante,
1852 2533 1930 2596 qui
1947 2531 2179 2578 Nostrum

73 2613 170 2659 equo
190 2614 285 2648 non
307 2598 624 2660 mulctaverit,
657 2599 729 2646 sed
753 2597 846 2645 fine
873 2610 982 2644 nota
1002 2598 1050 2645 δί
1073 2597 1243 2645 mulcta
1270 2613 1375 2644 eum
1390 2631 1406 2656 ,
1425 2596 1527 2656 jure
1558 2594 1670 2641 adeo
1693 2599 1902 2659 quietum,
1936 2597 2181 2658 praeterire

78 2661 197 2710 fiirit.
230 2664 362 2711 Haec
380 2663 473 2712 scil.
497 2678 591 2712 erat
617 2665 872 2729 Equitum,
907 2663 986 2727 qui
1010 2663 1229 2728 gravibus
1250 2661 1424 2710 delictis
1442 2660 1483 2707 se
1505 2675 1677 2725 poenae
1700 2660 1928 2709 obnoxios
1953 2660 2180 2718 fecerant,

1372 2728 1423 2774 K
2048 2726 2179 2771 mul-

136 2791 197 2842 (a)
223 2790 325 2841 Cap.
341 2804 429 2833 xm.

32 2922 36 2927 ›
78 2904 93 2912 ”·
114 2843 770 2958 gbkilassgotlggdiltaurzrriqtffieldi
790 2843 1220 2940 {tell-‘ethiablaliggotid
1241 2896 1372 2938 MSS.
1402 2897 1650 2950 inrequietus.
1687 2894 1844 2948 Lipsius
1861 2907 1964 2958 'vero
1987 2895 2035 2957 <fe
2051 2893 2180 2956 Milit.

80 2944 205 3010 Rom.
229 2948 319 3012 Lib.
338 2948 501 3011 13Dia1.
526 2951 582 3012 V.
605 2951 668 2991 ille
688 2953 859 3012 quietus,
890 2952 1109 3003 legendum
1130 2951 1324 2992 censebat.
1380 2949 1538 2992 Melius
1561 2950 1695 3003 postea
1718 2948 1906 2990 (31:N1c.
1931 2950 2114 2991 Hemhus
2134 2960 2181 2988 ex

84 3003 205 3043 tribus
226 3014 399 3053 antiquis
421 3002 544 3044 MSS.
557 3018 650 3056 sure
668 3015 815 3057 quietus
838 3005 971 3045 edidit.

139 3056 200 3108 (c)
226 3055 332 3096 Vide
352 3055 487 3097 Tacit.
511 3057 659 3096 Annal.
681 3055 773 3096 Lib.
798 3056 848 3096 ll.
870 3070 906 3098 c.
929 3057 994 3111 83.
1023 3070 1119 3098 cum
1140 3057 1258 3110 Lipfii
1282 3055 1431 3104 Notis,
1461 3071 1508 3097 ac
1528 3058 1646 3108 hujus
1666 3056 1757 3097 Lib.
1779 3056 1805 3096 1.
1836 3055 1886 3096 de
1909 3053 2179 3096 Milit.Rom.

88 3106 196 3150 Dial.
221 3107 259 3158 V
298 3107 434 3151 Semel
457 3109 652 3150 nimirum
670 3109 886 3160 quotannis
907 3111 982 3151 illo
1004 3111 1067 3151 die
1089 3111 1230 3163 fiebat,
1260 3110 1316 3151 uti
1341 3119 1446 3160 patet
1465 3122 1512 3150 ex
1534 3109 1679 3157 Livi0;
1707 3108 1806 3161 <Lib
1844 3107 1941 3159 lX.)
1966 3108 2024 3146 Ab
2042 3107 2179 3157 eodem,

92 3160 167 3212 ait,
191 3159 400 3214 (Q.Fabio
422 3161 624 3214 Censore)
656 3162 871 3213 institutum
890 3162 1056 3214 dicitur,
1082 3175 1127 3204 ut
1154 3163 1315 3218 Equites
1332 3161 1461 3202 Idibus
1483 3162 1717 3215 Quintilibus
1739 3161 2080 3220 transveherentuf.
2114 3158 2180 3198 Id-

123 3213 217 3275 uee
233 3214 415 3269 Templo
443 3216 592 3256 Martis
618 3225 728 3256 extra
760 3214 922 3255 Portam
950 3216 1158 3268 Capenam
1189 3218 1239 3258 ad
1261 3216 1492 3270 Templum
1513 3214 1680 3270 Castoris
1712 3216 1754 3258 in
1776 3215 1911 3267 Foro,
1939 3226 1984 3255 ex
2006 3209 2178 3263 Dionys,

141 3267 227 3310 ahc.
247 3265 337 3312 Lib.
361 3269 432 3312 VI.
453 3270 534 3314 vid.
554 3268 702 3315 Donat.
719 3269 769 3311 de
793 3266 905 3312 Urbe
922 3267 976 3311 R.
997 3269 1085 3313 Lib.
1103 3271 1179 3317 ΙΙΙ.
1201 3284 1238 3313 c.
1269 3280 1333 3324 13.
