2547 3708
329 203 425 247 132

828 176 888 230 P.
964 163 1375 228 OVIDII
1447 166 1968 224 NASONIS

469 289 572 340 525
611 268 794 342 thue
821 282 1005 338 parurn
1032 263 1195 319 stabili
1222 263 1315 336 qui
1339 263 1571 318 carmine
1595 261 1735 317 laesit
1752 263 1989 318 Athenas
2007 300 2024 326 ,

325 519 456 559 parum
487 507 650 547 modeste
679 505 866 552 scripserat.
925 502 1185 541 Existimarunt
1208 501 1358 552 quidam

330 560 554 598 Callisthenis
592 558 787 595 Historiam
824 557 861 592 in
906 553 1086 591 Vaticana
1132 553 1358 590 Bibliotheca

326 609 498 654 Romae,
523 612 560 646 in
581 608 694 655 Regia
720 606 913 648 Lutetiae,
940 605 977 640 in
1010 601 1182 639 Medicea
1201 603 1354 639 Floren-

327 660 401 698 :tiae
416 658 593 697 affcrvari.
644 657 715 694 Sed
736 657 826 692 haec
846 652 1149 700 omninospuria,
1178 652 1260 689 falsa
1274 679 1284 696 ,
1314 652 1353 689 δε

327 709 553 757 supposititia
566 706 853 753 est‚fabulisque
866 704 1009 741 referta.
1042 702 1241 740 SALVAGN.
1269 702 1354 739 Me-

330 771 413 808 nag.
443 759 488 797 ad
520 760 643 796 Laert.
661 769 699 795 V.
725 769 757 803 ς.
794 756 904 797 citat,
946 766 1014 790 non
1026 753 1251 801 profuturae,
1278 752 1353 790 five

330 809 539 847 memoriae
551 836 561 852 ,
574 808 647 846 five
659 817 852 854 operarum
865 803 977 852 lapsus
999 803 1051 841 sit.
1078 803 1124 840 de
1136 802 1353 840 Callisthene

329 860 423 897 haec
439 861 516 906 jam
538 858 633 908 cepit
646 857 747 905 Bapt.
769 856 849 893 Pius
861 854 906 893 ad
917 854 1032 892 Plauti
1049 853 1208 891 Mostetl.
1224 865 1289 892 ιιι.
1305 864 1320 891 1
1334 863 1363 890 t.

333 908 396 949 88.
424 909 556 946 Euam.

383 971 467 1008 523.
495 965 604 1009 thue
613 955 809 1008 repertori.]
841 954 1082 993 Archilochus
1095 982 1105 1000 ,
1123 953 1363 1003 jambicicar-

330 1011 443 1049 minis
458 1011 631 1048 inventor
645 1037 655 1053 ,
684 1010 741 1046 cui
762 1006 1014 1051 maledicentia
1029 1007 1144 1043 exitio
1163 1006 1242 1042 fuit.
1293 1003 1361 1041 In·

334 1073 533 1099 TERPRES.
560 1061 648 1097 Non
661 1061 770 1106 egois
783 1057 857 1094 sum
872 1083 883 1100 ,
908 1057 971 1105 qui
984 1056 1145 1093 Domitii
1165 1055 1357 1102 ingenium

332 1122 413 1149 non
447 1112 623 1158 probem,
652 1109 882 1157 dignumque
918 1106 983 1144 viri
1031 1104 1260 1153 propofitum
1278 1115 1357 1141 non

332 1162 499 1199 maxime
519 1160 695 1202 admirer,
723 1158 807 1206 qui,
835 1168 919 1194 cum
942 1167 984 1193 ea
1000 1152 1212 1193 aetateeffet
1238 1156 1361 1203 (quar-

331 1219 414 1249 tum
436 1211 534 1248 enim
558 1211 595 1247 ὃς
616 1208 838 1257 trigesimum
858 1208 955 1244 vitae
974 1217 1111 1243 annum
1132 1216 1240 1253 agens
1251 1203 1358 1252 obiit)

331 1270 391 1300 tot
409 1268 584 1309 tantaque
601 1259 738 1304 edidit,
767 1265 860 1306 quot
893 1264 1105 1306 quantaque
1147 1257 1184 1293 in
1206 1257 1279 1292 hoc
1296 1265 1359 1302 ge-

331 1323 423 1350 nere
442 1311 487 1348 ad
504 1312 600 1348 hanc
620 1309 719 1346 diem
748 1319 882 1346 nemo:
905 1310 942 1344 in
962 1307 1091 1355 quibus
1114 1304 1139 1343 fi
1167 1305 1226 1343 ille
1246 1305 1359 1352 lapsus

335 1362 387 1399 est
407 1361 590 1399 interdum
609 1388 619 1404 ‚
646 1368 685 1397 ut
708 1359 815 1396 facile
842 1368 973 1395 omnes
1003 1357 1179 1400 labimur,
1208 1367 1286 1393 non
1304 1363 1359 1392 ta-

333 1422 425 1449 men
440 1424 516 1449 non
538 1410 762 1459 digniffimus
782 1410 951 1446 omnium
972 1407 1080 1445 laude
1110 1408 1146 1445 ὅ(
1164 1417 1360 1444 commen-

336 1461 488 1500 datione
508 1461 550 1499 fit
570 1463 607 1498 in
629 1461 682 1497 his
701 1460 894 1508 praecipue
910 1485 920 1502 ,
949 1469 1043 1506 quae
1065 1458 1201 1505 primus
1223 1464 1285 1494 aut
1305 1457 1361 1493 in-

334 1513 462 1556 venit,
490 1520 551 1549 aut
570 1511 775 1558 explicavit.
805 1508 985 1552 Fuitille,
1013 1507 1116 1557 quod
1137 1518 1270 1553 negare
1283 1517 1360 1543 non

333 1561 524 1611 poffumus
547 1589 557 1606 ‚
595 1561 782 1609 aliquanto
810 1559 983 1596 audacior
1000 1585 1012 1602 ‚
1046 1557 1148 1606 quod
1170 1567 1361 1604 compara-

332 1621 409 1651 tam
431 1612 493 1651 fibi
516 1612 750 1650 autoritatem
764 1637 774 1654 ,
804 1611 841 1647 &
860 1609 1011 1657 gratiam
1025 1607 1229 1645 multorum
1255 1608 1360 1643 favo-

335 1674 377 1700 re
424 1663 655 1700 conciliatam
683 1662 840 1698 retinere
891 1659 1018 1703 quavis
1048 1658 1190 1695 ratione
1217 1658 1254 1694 δε
1283 1664 1359 1694 arte

334 1713 528 1752 contendit
551 1740 561 1756 ‚
598 1720 638 1749 ut
664 1712 778 1748 multa
807 1710 919 1748 etiam
948 1709 1183 1757 praecipitare
1213 1707 1359 1745 coaetus

335 1763 404 1808 fit,
431 1774 526 1811 quae
546 1762 570 1800 st
592 1762 723 1799 diutius
745 1759 886 1798 vixiffet
905 1787 916 1804 ,
946 1759 1092 1797 forsitan
1114 1756 1359 1797 emendaffet:

336 1821 378 1851 ut
398 1815 472 1851 hoc
491 1813 627 1861 ipsum,
656 1812 701 1849 de
723 1823 799 1860 quo
817 1811 980 1859 agimus,
1009 1811 1045 1847 in
1074 1821 1151 1855 quo
1172 1809 1259 1846 loco
1280 1820 1363 1857 par·

336 1865 405 1902 tim
424 1864 568 1901 brevior
589 1863 659 1904 est,
685 1873 797 1911 quam
821 1870 919 1899 tanta
941 1872 995 1898 res
1016 1859 1254 1907 exposcebat:
1283 1871 1363 1907 par-

337 1914 406 1951 tim
428 1915 539 1951 etiam
560 1912 765 1962 quaedam,
803 1923 897 1960 quae
920 1910 1075 1948 sustineri
1095 1921 1171 1946 non
1193 1907 1360 1957 poffunt,

337 1964 510 2001 inculcat.
562 1964 659 2000 Nam
683 1962 728 2000 de
741 1959 1123 2007 Archilochointelligi
1136 1968 1276 1997 certum
1290 1960 1361 2006 est,

339 2015 404 2062 qui
428 2026 473 2050 ex
500 2013 593 2050 Paro
623 2011 733 2049 insula
759 2011 912 2060 Jambici
944 2011 1113 2047 carminis
1142 2017 1249 2046 autor
1267 2012 1363 2058 apud

339 2065 504 2101 Graecos
526 2062 672 2102 celebris
693 2063 839 2105 extitit,
875 2061 937 2109 qui
958 2068 1057 2098 tanta
1078 2060 1244 2097 carminis
1265 2071 1367 2098 acer-

338 2114 452 2152 bitate
474 2116 509 2150 in
541 2112 759 2161 Lycamben
785 2111 951 2148 socerum
979 2109 1143 2148 invectus
1171 2110 1242 2154 est,
1271 2111 1366 2159 ejus.

338 2175 413 2212 que
436 2163 523 2200 filias
537 2190 547 2206 ,
575 2171 614 2199 ut
634 2162 679 2199 ad
700 2161 820 2210 laquei
841 2169 999 2197 mortem
1022 2169 1196 2208 utrosque
1210 2172 1366 2208 compu-

338 2213 440 2251 lerit:
470 2213 530 2250 sed
551 2212 652 2262 quod
668 2213 711 2248 ab
724 2214 775 2248 his
795 2211 1003 2247 interfectus
1024 2209 1084 2254 sit,
1110 2209 1213 2257 quod
1229 2212 1367 2249 Domi-

343 2265 414 2301 tius
434 2263 556 2308 addit,
583 2273 659 2299 non
684 2262 868 2298 invenias:
899 2261 984 2307 quin
1008 2268 1135 2297 contra
1156 2258 1176 2296 a
1200 2260 1367 2299 Calonda

341 2313 506 2362 quodam
522 2341 532 2357 ,
560 2314 618 2350 cui
640 2311 761 2348 Corax
793 2319 1087 2358 cognomentum
1110 2311 1201 2354 fuit,
1229 2310 1265 2347 in
1286 2313 1365 2350 acie

342 2365 488 2402 fortiter
501 2360 878 2411 pugnansocciditur,
905 2372 1018 2409 quem
1040 2360 1213 2408 Pythium
1236 2372 1366 2399 oracu-

339 2413 419 2451 lum
449 2413 569 2463 postea
586 2413 729 2460 arguit,
766 2411 867 2460 quod
887 2412 925 2448 ὅ(
945 2411 1034 2448 Plin.
1060 2410 1122 2448 lib.
1144 2421 1214 2447 vit.
1244 2412 1365 2458 prodi-

342 2463 422 2508 dit,
447 2474 517 2501 nec
543 2464 639 2511 prius
663 2463 800 2509 expiari
819 2460 841 2498 a
862 2460 973 2497 caede
1001 2462 1143 2508 potuit,
1171 2472 1281 2508 quam
1304 2474 1367 2499 ex-

341 2513 460 2551 cusata
482 2514 592 2550 caede
612 2540 622 2556 ‚
658 2523 774 2560 eaque
804 2513 840 2548 in
864 2511 1109 2547 neceffitatem
1131 2510 1263 2558 rejecta
1280 2539 1289 2554 ‚
1317 2512 1367 2550 illi

341 2564 387 2601 ad
401 2564 614 2600 Taenarum
628 2560 840 2610 parentaffet
854 2588 865 2604 ,
892 2561 990 2597 unde
1003 2561 1237 2608 proverbium
1254 2562 1368 2599 Grae-

343 2615 394 2651 cis
408 2611 629 2660 Α’ρχίλοχον
641 2613 772 2653 πατεῖς
801 2611 835 2648 in
860 2611 1071 2648 maledicos.
1122 2611 1191 2647 Sed
1211 2611 1253 2648 ad
1270 2613 1369 2650 hunc

343 2664 469 2702 locum
505 2664 627 2700 minus
658 2663 747 2699 haec
772 2661 932 2704 faciunt,
959 2673 1042 2697 cum
1060 2660 1174 2698 Ovid.
1195 2672 1270 2698 non
1292 2663 1368 2706 ejus

346 2715 498 2752 caedem
517 2742 525 2757 ‚
553 2713 610 2750 sed
632 2713 667 2750 id
680 2720 798 2759 potius
818 2710 955 2747 sensiffe
969 2712 1154 2754 videatur,
1181 2711 1282 2758 quod
1297 2713 1370 2748 La-

346 2765 580 2801 cedaemonii
599 2763 706 2800 libros
737 2761 950 2797 Archilochi
968 2760 987 2797 ὲ
1008 2762 1156 2799 civitate
1175 2761 1234 2798 sua
1253 2762 1372 2809 aspor-

345 2815 411 2851 tari
429 2813 595 2863 juffcrint
611 2841 619 2855 ,
649 2811 749 2860 quod
771 2822 899 2848 eorum
923 2822 1050 2856 parum
1073 2812 1240 2858 pudicam
1257 2823 1298 2848 ac
1309 2824 1372 2849 ve-

345 2864 543 2901 recundam
577 2861 774 2900 lectionem
803 2859 1063 2897 arbitrabantur
1102 2861 1180 2907 plus
1210 2862 1373 2899 moribus

346 2913 494 2957 obefle,
519 2924 631 2960 quam
656 2911 803 2958 ingenio
827 2909 990 2957 prodeffe
1009 2908 1121 2956 poffe.
1171 2912 1287 2958 Quod
1308 2913 1374 2959 igi—

348 2971 408 3001 tur
428 2964 486 3000 ille
507 2963 663 3000 domum
693 2962 753 2998 sibi
787 2961 936 2997 invisam
970 2959 1171 2997 malediffis
1216 2961 1370 2997 inceffe-

346 3021 424 3056 1at,
453 3013 544 3048 adeo
566 3022 602 3048 ut
625 3023 693 3048 nec
715 3010 776 3047 fibi
800 3011 861 3057 ipsi
884 3019 1065 3057 parceret,
1094 3010 1186 3046 bene
1207 3012 1251 3047 ab
1271 3012 1365 3047 Ovi-

346 3063 411 3100 dio
434 3062 548 3098 dietus
567 3063 726 3108 linguam
746 3058 904 3097 habuiffe
924 3062 960 3097 in
979 3060 1081 3097 suum
1105 3061 1257 3096 exitium
1281 3072 1365 3103 pro-

342 3122 499 3151 tervam.
550 3111 775 3147 flerimus.
802 3111 1008 3147 Plutarchus
1032 3112 1068 3147 in
1101 3111 1291 3148 Laconicis
1310 3111 1363 3147 A·

344 3162 718 3211 pophthegmatibus:
757 3160 974 3204 Ἀρχίλοχον
1000 3160 1061 3196 τὸν
1094 3164 1259 3203 ποιητὴν,
1307 3162 1361 3198 in-

344 3215 424 3263 quit
436 3240 447 3260 ,
475 3211 510 3248 ἐν
521 3210 762 3256 Λακεδκὶμονε
779 3211 958 3257 γενόμενον
969 3212 1088 3255 ἀντ-κς
1098 3208 1183 3257 ὥροις
1201 3209 1362 3260 ἐδίωξαν,

2353 336 2434 392 In-

1413 500 1503 539 διότι
1531 500 1739 545 ἐπ-ἔγνωσαν
1769 500 1883 538 ἀυτὶν
1910 502 2133 542 πεποιηκότα
2157 528 2166 545 ,
2201 501 2245 545 ὡς
2265 504 2438 548 Κρεῒττόυ

1414 554 1490 594 ἐςιν
1508 552 1709 596 ἀποβαλεῖν
1732 553 1782 588 τὰ
1800 551 1921 595 ὅπλα,
1967 546 1987 592 ἢ
2008 552 2204 590 ἀποθκνεῖν.
2256 554 2344 602 Ejus
2358 557 2436 602 epi-

1411 604 1623 650 grammatis
1643 603 1889 650 fragmentum
1911 604 2040 651 partim
2063 603 2156 651 apud
2176 604 2335 642 eundem
2358 606 2438 643 Plu-

1409 653 1577 690 tarchum
1602 679 1612 696 ‚
1648 654 1859 701 eodemque
1880 653 1968 690 loco
1991 680 2001 697 ‚
2031 655 2159 700 partim
2180 655 2275 703 apud
2297 655 2438 699 Aristo-¹

1408 703 1568 751 phanem
1587 703 1626 740 in
1644 702 1760 747 Pace,
1787 703 1857 741 tale
1874 704 2044 752 ponitur:

1470 782 1612 821 ’Amisa
1633 784 1698 829 μὲν
1710 783 1821 820 Σαΐων
1834 797 1887 827 τις
1906 783 2148 830 ἀγάλλεται,
2178 786 2214 828 ἥν
2225 786 2303 831 περὶ
2324 789 2435 835 θάμνοι

1517 833 1849 891 Ἐντὸςρμὤμητον
1871 837 2055 872 κάλλιπον
2069 864 2079 880 ,
2106 836 2165 872 οἰκ
2187 837 2326 876 ἐθέλων.
2416 826 2423 839 ’

1467 887 1597 929 Ψυχῆν
1617 896 1643 929 y
1679 884 1873 930 ἐξεσάωσα.
1900 885 1922 905 ’⁸‘
1952 887 2045 922 ἀλλ’
2065 886 2180 928 ἀσπὶς
2195 888 2313 928 ἐκείνη

1517 933 1674 981 Ερ’ῥέτω,
1704 932 1839 982 ε’ξαιῐᾶθις
1861 936 2032 980 ’στήσομεν
2053 936 2089 973 οὗ
2110 938 2232 975 κακίω.

1414 1020 1581 1060 Valerius
1597 1029 1719 1059 autern
1742 1021 1803 1059 lib.
1824 1034 1878 1060 vr.
1906 1025 2023 1070 capite
2052 1024 2098 1062 de
2126 1025 2346 1072 Severitate,
2374 1028 2439 1067 ad-

1413 1071 1467 1127 dit
1486 1073 1594 1109 etiam
1616 1072 1725 1109 libros
1747 1072 1906 1120 ejusdem
1933 1082 2065 1120 poetae
2085 1076 2437 1117 Lacedaemonios&

1414 1123 1562 1160 civitate
1581 1122 1639 1159 sua
1659 1122 1986 1171 exportarijuffisse
1999 1151 2009 1167 ‚
2037 1126 2139 1172 quod
2158 1138 2287 1164 eorum
2308 1140 2436 1176 parum

1416 1172 1662 1210 verecundam
1692 1183 1734 1209 ac
1757 1172 1923 1220 pudicam
1948 1174 2145 1212 lectionem
2166 1177 2439 1217 arbitrabantur.

1414 1223 1475 1260 De
1495 1232 1615 1260 morte
1635 1222 1848 1260 Archilochi
1862 1233 2003 1268 autem,
2035 1226 2132 1262 &de
2154 1226 2339 1273 Calonda,
2355 1241 2437 1277 per-

1415 1270 1555 1310 cuss‘ore
1576 1273 1675 1320 ejus,
1690 1273 1797 1310 tradit
1813 1273 1950 1311 Suidas.
2005 1274 2094 1312 Illud
2114 1276 2320 1316 addendum
2343 1291 2439 1328 quo·

1414 1334 1488 1379 que
1506 1351 1516 1367 ,
1549 1322 1620 1361 effe
1639 1350 1650 1367 ‚
1689 1324 1750 1372 qui
1765 1335 1830 1370 pro
1855 1323 1981 1367 exitio,
2010 1325 2154 1362 exilium
2174 1327 2315 1374 legant:
2342 1341 2438 1377 quo-

1415 1385 1515 1410 niam
1534 1373 1584 1411 ob
1610 1374 1885 1420 protervitatem
1913 1374 2057 1422 linguae
2082 1388 2158 1413 non
2192 1379 2351 1423 occisus,
2377 1380 2439 1418 sed

1417 1423 1505 1461 urbe
1523 1431 1665 1461 tantum
1687 1423 1823 1472 ejectus
1849 1424 1957 1462 fuerit
1975 1425 2228 1465 Archilochus.
2280 1429 2349 1466 Sed
2371 1431 2440 1468 hu-

1411 1474 1469 1520 jus
1488 1474 1540 1511 rei
1555 1474 1737 1522 judicium
1753 1485 1864 1521 penes
1883 1474 1971 1512 alios
1993 1475 2044 1513 fit.
2100 1477 2276 1515 Mrem.
2303 1480 2437 1518 Archi-

1413 1523 1542 1561 lochus
1568 1523 1824 1571 intelligendus
1858 1524 2010 1570 Jambici
2046 1527 2212 1564 carminis
2243 1529 2439 1576 inventor,

1415 1574 1475 1610 cui
1512 1574 1810 1611 maledicentiam
1844 1575 1958 1611 exitio
1993 1574 2094 1612 fuiffe
2122 1576 2232 1614 docet
2265 1579 2439 1619 Pindarus

1413 1622 1473 1680 “³³31
1493 1624 1528 1666 β.
1547 1625 1631 1680 nfra.
1659 1625 1712 1662 his
1725 1625 1842 1663 verbis
1855 1651 1865 1670 ,
1887 1624 1932 1662 ad
1943 1636 2034 1674 quae
2050 1626 2148 1665 Naso
2161 1627 2361 1677 respectum
2373 1632 2438 1670 ha-

1411 1673 1525 1712 buiffe
1549 1674 1718 1713 videtur:

1814 1753 1895 1804 E’pc}
1915 1753 1937 1804 5³
1956 1754 2058 1808 χςεῶν

1472 1811 1601 1859 Φεῦγειν
1619 1809 1737 1854 Boin&
1757 1805 1877 1851 οὶῖινὸν,
1898 1809 2124 1862 κακαγοςιόιν.

1471 1863 1557 1907 ἔδον
1577 1866 1646 1918 7023
1663 1861 1743 1906 ἒκοίς
1761 1862 1812 1902 {ab
1828 1862 1885 1901 roc*
1906 1862 2008 1902 πάλλ’
2028 1865 2057 1903 ἐν
2071 1864 2280 1918 οἰμιιχοινίςι,

1473 1924 1607 1974 Ῡογεξὸν
1625 1918 1820 1970 Λρχίλοχον
1838 1916 2040 1969 βοιξυλὸγοις
2058 1918 2180 1966 ’ἔχθεα-ιν
2197 1918 2409 1972 πιαινέμωφ,

1417 2005 1460 2043 Id
1483 2006 1550 2044 est:
1582 2011 1636 2043 At
1655 2019 1708 2043 me
1728 2015 1804 2055 opus
1830 2005 1872 2052 est
1884 2007 2005 2053 fugere
2022 2006 2174 2053 morsum
2183 2007 2312 2048 tristem
2331 2010 2439 2047 male-

1415 2057 1615 2094 dicentiam.
1668 2057 1743 2093 Vidi
1756 2056 1846 2093 enim
1860 2068 1958 2099 ,cum
1965 2055 2082 2104 procul
2101 2056 2260 2105 abessem,
2274 2061 2365 2105 saepe
2373 2062 2438 2105 fa-

1418 2106 1591 2143 cultatum
1620 2106 1749 2151 inopem
1783 2106 1992 2143 maledicum
2032 2100 2278 2144 Archilochuni
2303 2134 2314 2151 ‚
2351 2111 2440 2146 dum

1422 2156 1596 2194 maledicis
1617 2157 1702 2193 odiis
1720 2156 1945 2205 pinguefieret.
1972 2153 2176 2193 Enimvero
2195 2157 2355 2204 primum
2369 2165 2440 2196 La-

1422 2207 1629 2244 cedaemonii
1645 2207 1746 2243 lzbros
1766 2204 1967 2242 Archilochi
1982 2205 2000 2240 *e
2018 2205 2164 2241 civitate
2184 2211 2247 2251 sua
2268 2209 2443 2255 exportari

1418 2258 1584 2306 jusserunt
1613 2256 1760 2304 (Verba
1782 2254 2010 2293 suntValerii
2031 2256 2188 2295 Maximi
2215 2257 2274 2294 lib.
2297 2270 2346 2295 VI.
2359 2270 2439 2308 cap.

1421 2318 1455 2356 3.
1483 2307 1527 2345 de
1541 2307 1763 2354 Severitate)
1791 2305 1880 2352 quod
1889 2317 2003 2341 eorum
2019 2313 2144 2352 parum
2159 2309 2387 2346 verecundam
2399 2323 2442 2348 ac

1415 2358 1578 2406 pudicam
1594 2357 1765 2393 lectionem
1781 2355 2049 2391 arbitrabantur
2063 2368 2070 2392 :
2099 2356 2283 2395 noluerunt
2300 2359 2391 2396 enim
2399 2373 2440 2398 ea

1421 2408 1603 2444 liberorum
1623 2408 1767 2455 suorum
1791 2407 1925 2442 animos
1949 2404 2060 2442 imbui
2080 2432 2091 2450 ,
2127 2419 2168 2442 ne
2193 2407 2271 2455 plus
2290 2410 2442 2448 moribus

1422 2468 1549 2494 noceret
1578 2470 1684 2507 quam
1711 2457 1852 2504 ingeniis
1877 2454 2048 2504 prodesset.
2102 2462 2221 2507 Itaque
2241 2460 2441 2498 maximum

1423 2511 1565 2545 Po'e'tam
1581 2534 1589 2549 ‚
1618 2518 1680 2543 aut
1700 2516 1786 2543 certe
1802 2507 1940 2554 summo
1955 2505 2152 2546 proximum
2166 2534 2176 2551 ‚
2203 2509 2284 2557 quia
2297 2509 2439 2547 domum

1413 2557 1481 2608 fibi
1497 2557 1652 2605 invisam
1666 2556 1824 2606 obscoenis
1835 2555 2027 2592 maledictis
2048 2557 2284 2600 laceraverat,
2313 2561 2441 2597 carmi·

1422 2622 1508 2645 num
1528 2609 1628 2644 exilio
1648 2607 1862 2643 multarum.
1912 2606 2052 2641 Eadem
2082 2605 2210 2643 iisdem
2246 2609 2363 2646 verbis
2384 2622 2440 2648 re-

1424 2660 1494 2696 fert
1518 2658 1678 2703 Joannes
1707 2654 1967 2694 Sarisberieniis
1994 2655 2053 2692 lib.
2074 2666 2159 2692 vm.
2184 2667 2262 2703 cap.
2281 2669 2313 2694 2.
2342 2660 2442 2699 Poli-

1427 2709 1560 2746 cratici.
1613 2707 1761 2745 Deinde
1787 2717 1877 2743 vero
1904 2705 2019 2752 ipsum
2055 2705 2320 2746 Archilochum
2354 2711 2444 2749 urbe

1428 2760 1485 2796 sua
1506 2758 1711 2806 ejecerunt,
1739 2756 1788 2793 ob
1808 2766 1888 2791 earn
1911 2753 2073 2792 maxime
2092 2757 2255 2802 causam,
2283 2761 2384 2807 quod
2412 2763 2443 2799 is

1429 2810 1464 2846 in
1498 2808 1657 2844 carmine
1685 2806 1847 2855 quodam
1872 2804 2052 2852 scripfiffet
2078 2833 2088 2848 ,
2130 2806 2173 2848 ὡς
2203 2810 2335 2851 κρεῖτον
2353 2811 2440 2852 ε’ςιυ

1430 2859 1633 2904 ἀποβαλεῖν
1655 2860 1705 2893 τὰ
1724 2856 1843 2898 ὅπλα,
1866 2851 1884 2893 ἢ
1907 2855 2100 2891 ἀποθανεῖν·
2139 2858 2255 2893 Salius
2286 2859 2329 2904 est
2348 2862 2438 2910 abji-

1429 2922 1497 2945 cere
1513 2920 1630 2951 arma,
1647 2920 1752 2955 quam
1770 2906 1879 2948 mori,
1908 2913 1947 2942 ut
1967 2905 2097 2942 author
2115 2906 2163 2943 est
2177 2907 2379 2946 Plutarchus
2398 2911 2434 2950 in

1429 2959 1599 2996 Institutis
1616 2957 1824 2994 Laconicis,
1877 2956 1976 2992 Nota
1997 2967 2084 2992 vcro
2104 2956 2152 2992 est
2171 2957 2262 2993 illius
2284 2961 2438 2999 maledi-

1421 3010 1540 3046 centia
1559 3010 1594 3045 in
1624 3006 1839 3055 Lycamben
1854 3033 1865 3049 ,
1894 3005 2109 3049 Neobulen‚
2136 3005 2293 3043 Chidurn
2313 3010 2349 3045 a<
2370 3011 2438 3049 Pe-

1420 3060 1552 3101 ticlen;
1581 3057 1677 3094 unde
1706 3065 1787 3093 nata
1817 3056 2007 3104 proverbia
2027 3082 2038 3098 ,
2079 3055 2281 3093 Archilochi
2298 3061 2413 3097 patria
2425 3088 2442 3106 ,.

1417 3108 1644 3144 Archilochia
1675 3106 1811 3150 edicta,
1847 3105 2096 3143 Archilochum
2116 3106 2208 3142 teris.
2265 3107 2434 3159 Illudque

1416 3159 1462 3196 de
1482 3170 1528 3195 eo
1541 3158 1645 3195 tradit
1660 3158 1846 3194 Lucianus
1858 3157 1949 3193 libro
1974 3157 2053 3199 περὶ
2069 3153 2294 3200 Α’ποφροίδος
2306 3187 2315 3201 ,
2328 3161 2432 3208 quod

1415 3220 1499 3249 cum
1519 3208 1541 3247 {t
1558 3207 1721 3259 quodam
1743 3203 2010 3247 contumeliose
2029 3205 2226 3254 appellatus
2241 3207 2327 3257 esset
2344 3237 2356 3252 ,
2383 3211 2434 3248 ita

2286 3258 2435 3308 respon-7
