<?xml version="1.0" encoding="UTF-8"?>
<!DOCTYPE html PUBLIC "-//W3C//DTD XHTML 1.0 Transitional//EN"
    "http://www.w3.org/TR/xhtml1/DTD/xhtml1-transitional.dtd">
<html xmlns="http://www.w3.org/1999/xhtml" xml:lang="en" lang="en">
 <head>
  <title>
</title>
<meta http-equiv="Content-Type" content="text/html;charset=utf-8" />
  <meta name='ocr-system' content='tesseract 3.04.00' />
  <meta name='ocr-capabilities' content='ocr_page ocr_carea ocr_par ocr_line ocrx_word'/>
</head>
<body>
  <div class='ocr_page' id='page_1' title='image "./publiiovidiinaso04ovid_0367.png"; bbox 0 0 2547 3708; ppageno 0'>
   <div class='ocr_carea' id='block_1_1' title="bbox 576 100 2145 197">
    <p class='ocr_par' dir='ltr' id='par_1_1' title="bbox 576 100 2145 197">
     <span class='ocr_line' id='line_1_1' title="bbox 576 100 2145 197; baseline 0.012 -32"><span class='ocrx_word' id='word_1_1' title='bbox 576 100 1543 183; x_wconf 59' lang='lat' dir='ltr'>.PRAEFAT10NE&amp;</span> <span class='ocrx_word' id='word_1_2' title='bbox 2050 131 2145 197; x_wconf 49' lang='grc' dir='ltr'><strong>ιὴ</strong></span> 
     </span>
    </p>
   </div>
   <div class='ocr_carea' id='block_1_2' title="bbox 0 215 2150 734">
    <p class='ocr_par' dir='ltr' id='par_1_2' title="bbox 0 215 2150 671">
     <span class='ocr_line' id='line_1_2' title="bbox 4 215 2150 280; baseline -0.001 -13"><span class='ocrx_word' id='word_1_3' title='bbox 4 263 5 276; x_wconf 63' lang='grc'>,</span> <span class='ocrx_word' id='word_1_4' title='bbox 42 243 150 277; x_wconf 58' lang='lat' dir='ltr'><strong>nu&amp;</strong></span> <span class='ocrx_word' id='word_1_5' title='bbox 200 219 358 280; x_wconf 72' lang='lat' dir='ltr'><strong>Qiare</strong></span> <span class='ocrx_word' id='word_1_6' title='bbox 377 230 425 276; x_wconf 80' lang='lat' dir='ltr'><strong>te</strong></span> <span class='ocrx_word' id='word_1_7' title='bbox 446 217 667 273; x_wconf 89' lang='lat' dir='ltr'><strong>hortante</strong></span> <span class='ocrx_word' id='word_1_8' title='bbox 689 219 774 265; x_wconf 90' lang='lat' dir='ltr'><strong>tria</strong></span> <span class='ocrx_word' id='word_1_9' title='bbox 802 219 876 266; x_wconf 89' lang='lat' dir='ltr'><strong>illa</strong></span> <span class='ocrx_word' id='word_1_10' title='bbox 898 219 1135 266; x_wconf 86' lang='lat' dir='ltr'><strong>volumina</strong></span> <span class='ocrx_word' id='word_1_11' title='bbox 1162 220 1219 265; x_wconf 89' lang='lat' dir='ltr'><strong>de</strong></span> <span class='ocrx_word' id='word_1_12' title='bbox 1245 223 1355 266; x_wconf 72' lang='lat' dir='ltr'><strong>Arte</strong></span> <span class='ocrx_word' id='word_1_13' title='bbox 1380 220 1613 274; x_wconf 55' lang='lat' dir='ltr'><strong>amatoria,</strong></span> <span class='ocrx_word' id='word_1_14' title='bbox 1649 215 1832 277; x_wconf 78' lang='lat' dir='ltr'><strong>duoque</strong></span> <span class='ocrx_word' id='word_1_15' title='bbox 1865 219 1923 262; x_wconf 81' lang='lat' dir='ltr'><strong>de</strong></span> <span class='ocrx_word' id='word_1_16' title='bbox 1947 220 2150 269; x_wconf 73' lang='lat' dir='ltr'><strong>Remedio</strong></span> 
     </span>
     <span class='ocr_line' id='line_1_3' title="bbox 2 280 2147 354; baseline -0.002 -18"><span class='ocrx_word' id='word_1_17' title='bbox 2 288 5 354; x_wconf 56' lang='lat' dir='ltr'><strong>ff</strong></span> <span class='ocrx_word' id='word_1_18' title='bbox 39 286 204 343; x_wconf 70' lang='lat' dir='ltr'><strong>An‘toris</strong></span> <span class='ocrx_word' id='word_1_19' title='bbox 226 285 281 332; x_wconf 90' lang='lat' dir='ltr'><strong>ab</strong></span> <span class='ocrx_word' id='word_1_20' title='bbox 305 281 483 332; x_wconf 90' lang='lat' dir='ltr'><strong>Ovidio</strong></span> <span class='ocrx_word' id='word_1_21' title='bbox 508 282 833 345; x_wconf 73' lang='lat' dir='ltr'><strong>elegantissime</strong></span> <span class='ocrx_word' id='word_1_22' title='bbox 858 284 1144 348; x_wconf 90' lang='lat' dir='ltr'><strong>conscripta,</strong></span> <span class='ocrx_word' id='word_1_23' title='bbox 1177 298 1345 347; x_wconf 84' lang='lat' dir='ltr'><strong>quanta</strong></span> <span class='ocrx_word' id='word_1_24' title='bbox 1369 285 1609 347; x_wconf 84' lang='lat' dir='ltr'><strong>potuimus</strong></span> <span class='ocrx_word' id='word_1_25' title='bbox 1647 280 1887 343; x_wconf 79' lang='lat' dir='ltr'><strong>diligentia</strong></span> <span class='ocrx_word' id='word_1_26' title='bbox 1922 283 2147 348; x_wconf 82' lang='lat' dir='ltr'><strong>interpre-</strong></span> 
     </span>
     <span class='ocr_line' id='line_1_4' title="bbox 40 339 2148 417; baseline -0.003 -14"><span class='ocrx_word' id='word_1_27' title='bbox 40 356 123 417; x_wconf 80' lang='lat' dir='ltr'><strong>tati</strong></span> <span class='ocrx_word' id='word_1_28' title='bbox 145 353 310 400; x_wconf 85' lang='lat' dir='ltr'><strong>sumus.</strong></span> <span class='ocrx_word' id='word_1_29' title='bbox 374 348 609 409; x_wconf 84' lang='lat' dir='ltr'><strong>Tibique,</strong></span> <span class='ocrx_word' id='word_1_30' title='bbox 645 349 720 393; x_wconf 88' lang='lat' dir='ltr'><strong>cui</strong></span> <span class='ocrx_word' id='word_1_31' title='bbox 746 349 898 395; x_wconf 88' lang='lat' dir='ltr'><strong>omnia</strong></span> <span class='ocrx_word' id='word_1_32' title='bbox 930 349 1178 407; x_wconf 81' lang='lat' dir='ltr'>debemus,</span> <span class='ocrx_word' id='word_1_33' title='bbox 1212 349 1416 395; x_wconf 85' lang='lat' dir='ltr'><strong>laborem</strong></span> <span class='ocrx_word' id='word_1_34' title='bbox 1446 348 1570 392; x_wconf 77' lang='lat' dir='ltr'><strong>hunc</strong></span> <span class='ocrx_word' id='word_1_35' title='bbox 1599 345 1802 391; x_wconf 81' lang='lat' dir='ltr'><strong>nostrum</strong></span> <span class='ocrx_word' id='word_1_36' title='bbox 1829 345 2056 409; x_wconf 82' lang='lat' dir='ltr'><strong>dicamus,</strong></span> <span class='ocrx_word' id='word_1_37' title='bbox 2092 339 2148 397; x_wconf 83' lang='lat' dir='ltr'><strong>ut</strong></span> 
     </span>
     <span class='ocr_line' id='line_1_5' title="bbox 43 410 2147 477; baseline -0.002 -12"><span class='ocrx_word' id='word_1_38' title='bbox 43 421 92 468; x_wconf 68' lang='grc' dir='ltr'><strong>ὃς</strong></span> <span class='ocrx_word' id='word_1_39' title='bbox 114 421 217 465; x_wconf 88' lang='lat' dir='ltr'><strong>viva</strong></span> <span class='ocrx_word' id='word_1_40' title='bbox 238 428 356 460; x_wconf 91' lang='lat' dir='ltr'><strong>voce</strong></span> <span class='ocrx_word' id='word_1_41' title='bbox 382 411 429 457; x_wconf 69' lang='grc' dir='ltr'><strong>ὃς</strong></span> <span class='ocrx_word' id='word_1_42' title='bbox 458 412 637 473; x_wconf 88' lang='lat' dir='ltr'><strong>scriptis</strong></span> <span class='ocrx_word' id='word_1_43' title='bbox 663 413 919 475; x_wconf 76' lang='lat' dir='ltr'><strong>intelligas,</strong></span> <span class='ocrx_word' id='word_1_44' title='bbox 953 430 1025 460; x_wconf 91' lang='lat' dir='ltr'><strong>me</strong></span> <span class='ocrx_word' id='word_1_45' title='bbox 1061 413 1148 461; x_wconf 89' lang='lat' dir='ltr'><strong>tibi</strong></span> <span class='ocrx_word' id='word_1_46' title='bbox 1175 413 1379 477; x_wconf 79' lang='lat' dir='ltr'><strong>prodeffe</strong></span> <span class='ocrx_word' id='word_1_47' title='bbox 1414 410 1636 470; x_wconf 64' lang='lat' dir='ltr'><strong>voluisse,</strong></span> <span class='ocrx_word' id='word_1_48' title='bbox 1672 410 1719 456; x_wconf 64' lang='grc' dir='ltr'><strong>ὅ(</strong></span> <span class='ocrx_word' id='word_1_49' title='bbox 1755 425 1832 456; x_wconf 88' lang='lat' dir='ltr'><strong>tua</strong></span> <span class='ocrx_word' id='word_1_50' title='bbox 1866 411 1996 456; x_wconf 68' lang='lat' dir='ltr'><strong>causa</strong></span> <span class='ocrx_word' id='word_1_51' title='bbox 2033 415 2147 460; x_wconf 80' lang='lat' dir='ltr'><strong>niliil</strong></span> 
     </span>
     <span class='ocr_line' id='line_1_6' title="bbox 38 475 2145 542; baseline -0.004 -11"><span class='ocrx_word' id='word_1_52' title='bbox 38 482 199 541; x_wconf 82' lang='lat' dir='ltr'><strong>laboris</strong></span> <span class='ocrx_word' id='word_1_53' title='bbox 218 476 444 525; x_wconf 77' lang='lat' dir='ltr'><strong>recusasse.</strong></span> <span class='ocrx_word' id='word_1_54' title='bbox 515 477 724 523; x_wconf 82' lang='lat' dir='ltr'><strong>Invenies</strong></span> <span class='ocrx_word' id='word_1_55' title='bbox 746 491 795 524; x_wconf 92' lang='lat' dir='ltr'><strong>tu</strong></span> <span class='ocrx_word' id='word_1_56' title='bbox 820 479 1004 540; x_wconf 90' lang='lat' dir='ltr'><strong>quidem</strong></span> <span class='ocrx_word' id='word_1_57' title='bbox 1031 480 1076 525; x_wconf 85' lang='lat' dir='ltr'><strong>in</strong></span> <span class='ocrx_word' id='word_1_58' title='bbox 1102 494 1156 524; x_wconf 89' lang='lat' dir='ltr'><strong>eo</strong></span> <span class='ocrx_word' id='word_1_59' title='bbox 1183 494 1321 541; x_wconf 80' lang='lat' dir='ltr'><strong>opere</strong></span> <span class='ocrx_word' id='word_1_60' title='bbox 1349 477 1577 542; x_wconf 76' lang='lat' dir='ltr'><strong>praeclara</strong></span> <span class='ocrx_word' id='word_1_61' title='bbox 1599 475 1772 534; x_wconf 85' lang='lat' dir='ltr'><strong>multa,</strong></span> <span class='ocrx_word' id='word_1_62' title='bbox 1796 491 1909 537; x_wconf 85' lang='lat' dir='ltr'><strong>quae</strong></span> <span class='ocrx_word' id='word_1_63' title='bbox 1934 475 2019 521; x_wconf 85' lang='lat' dir='ltr'><strong>tibi</strong></span> <span class='ocrx_word' id='word_1_64' title='bbox 2040 494 2145 523; x_wconf 82' lang='lat' dir='ltr'><strong>eru-</strong></span> 
     </span>
     <span class='ocr_line' id='line_1_7' title="bbox 0 539 2149 606; baseline -0.004 -9"><span class='ocrx_word' id='word_1_65' title='bbox 0 540 3 596; x_wconf 61' lang='lat' dir='ltr'><strong>i</strong></span> <span class='ocrx_word' id='word_1_66' title='bbox 39 547 262 596; x_wconf 88' lang='lat' dir='ltr'><strong>ditionem</strong></span> <span class='ocrx_word' id='word_1_67' title='bbox 286 543 333 589; x_wconf 67' lang='grc' dir='ltr'><strong>ὃς</strong></span> <span class='ocrx_word' id='word_1_68' title='bbox 358 540 477 588; x_wconf 88' lang='lat' dir='ltr'><strong>haud</strong></span> <span class='ocrx_word' id='word_1_69' title='bbox 502 541 780 588; x_wconf 86' lang='lat' dir='ltr'><strong>mediocrem</strong></span> <span class='ocrx_word' id='word_1_70' title='bbox 805 542 1093 606; x_wconf 77' lang='lat' dir='ltr'><strong>voluptatem</strong></span> <span class='ocrx_word' id='word_1_71' title='bbox 1117 541 1321 589; x_wconf 86' lang='lat' dir='ltr'><strong>afferent.</strong></span> <span class='ocrx_word' id='word_1_72' title='bbox 1359 541 1585 590; x_wconf 74' lang='lat' dir='ltr'><strong>Offendes</strong></span> <span class='ocrx_word' id='word_1_73' title='bbox 1611 541 1747 586; x_wconf 88' lang='lat' dir='ltr'><strong>etiam</strong></span> <span class='ocrx_word' id='word_1_74' title='bbox 1775 539 1991 603; x_wconf 78' lang='lat' dir='ltr'><strong>quaedam</strong></span> <span class='ocrx_word' id='word_1_75' title='bbox 2008 558 2149 605; x_wconf 83' lang='lat' dir='ltr'><strong>,quae</strong></span> 
     </span>
     <span class='ocr_line' id='line_1_8' title="bbox 0 598 2144 671; baseline -0.003 -13"><span class='ocrx_word' id='word_1_76' title='bbox 0 598 3 636; x_wconf 67' lang='lat'>⁵</span> <span class='ocrx_word' id='word_1_77' title='bbox 38 609 260 658; x_wconf 87' lang='lat' dir='ltr'><strong>obturatis</strong></span> <span class='ocrx_word' id='word_1_78' title='bbox 271 606 454 654; x_wconf 89' lang='lat' dir='ltr'><strong>auribus</strong></span> <span class='ocrx_word' id='word_1_79' title='bbox 478 619 530 651; x_wconf 90' lang='lat' dir='ltr'><strong>ut</strong></span> <span class='ocrx_word' id='word_1_80' title='bbox 553 605 734 668; x_wconf 80' lang='lat' dir='ltr'><strong>Ulysses</strong></span> <span class='ocrx_word' id='word_1_81' title='bbox 757 607 869 653; x_wconf 87' lang='lat' dir='ltr'><strong>alter</strong></span> <span class='ocrx_word' id='word_1_82' title='bbox 892 610 1103 654; x_wconf 80' lang='lat' dir='ltr'><strong>Sirenum</strong></span> <span class='ocrx_word' id='word_1_83' title='bbox 1133 621 1319 653; x_wconf 83' lang='lat' dir='ltr'><strong>cantum</strong></span> <span class='ocrx_word' id='word_1_84' title='bbox 1335 620 1415 666; x_wconf 89' lang='lat' dir='ltr'><strong>,ut</strong></span> <span class='ocrx_word' id='word_1_85' title='bbox 1438 607 1603 671; x_wconf 78' lang='lat' dir='ltr'><strong>po&#39;c&#39;tae</strong></span> <span class='ocrx_word' id='word_1_86' title='bbox 1626 604 2144 669; x_wconf 85' lang='lat' dir='ltr'><strong>fabulantur,praeteri-</strong></span> 
     </span>
    </p>

    <p class='ocr_par' dir='ltr' id='par_1_3' title="bbox 40 668 2147 734">
     <span class='ocr_line' id='line_1_9' title="bbox 40 668 2147 734; baseline -0.002 -13"><span class='ocrx_word' id='word_1_87' title='bbox 40 676 121 722; x_wconf 89' lang='lat' dir='ltr'><strong>bis.</strong></span> <span class='ocrx_word' id='word_1_88' title='bbox 156 673 243 720; x_wconf 90' lang='lat' dir='ltr'><strong>Sed</strong></span> <span class='ocrx_word' id='word_1_89' title='bbox 259 706 274 731; x_wconf 89' lang='lat'><strong>,</strong></span> <span class='ocrx_word' id='word_1_90' title='bbox 308 684 360 717; x_wconf 90' lang='lat' dir='ltr'><strong>ut</strong></span> <span class='ocrx_word' id='word_1_91' title='bbox 383 672 547 734; x_wconf 88' lang='lat' dir='ltr'><strong>nugari</strong></span> <span class='ocrx_word' id='word_1_92' title='bbox 570 670 751 717; x_wconf 90' lang='lat' dir='ltr'><strong>tandem</strong></span> <span class='ocrx_word' id='word_1_93' title='bbox 776 670 948 719; x_wconf 81' lang='lat' dir='ltr'><strong>desinat</strong></span> <span class='ocrx_word' id='word_1_94' title='bbox 982 674 1158 732; x_wconf 89' lang='lat' dir='ltr'><strong>oratio,</strong></span> <span class='ocrx_word' id='word_1_95' title='bbox 1192 675 1494 718; x_wconf 62' lang='lat' dir='ltr'><strong>enarrationes</strong></span> <span class='ocrx_word' id='word_1_96' title='bbox 1527 672 1604 716; x_wconf 75' lang='lat' dir='ltr'><strong>has</strong></span> <span class='ocrx_word' id='word_1_97' title='bbox 1636 669 1806 717; x_wconf 82' lang='lat' dir='ltr'><strong>nostras</strong></span> <span class='ocrx_word' id='word_1_98' title='bbox 1831 668 1857 715; x_wconf 70' lang='lat' dir='ltr'><strong>a</strong></span> <span class='ocrx_word' id='word_1_99' title='bbox 1879 683 1925 716; x_wconf 94' lang='lat' dir='ltr'><strong>te</strong></span> <span class='ocrx_word' id='word_1_100' title='bbox 1951 670 2147 718; x_wconf 78' lang='lat' dir='ltr'><strong>semestri</strong></span> 
     </span>
    </p>
   </div>
   <div class='ocr_carea' id='block_1_3' title="bbox 40 735 1627 803">
    <p class='ocr_par' dir='ltr' id='par_1_4' title="bbox 40 735 1627 803">
     <span class='ocr_line' id='line_1_10' title="bbox 40 735 1627 803; baseline -0.004 -18"><span class='ocrx_word' id='word_1_101' title='bbox 40 739 182 803; x_wconf 77' lang='lat' dir='ltr'><strong>spatio</strong></span> <span class='ocrx_word' id='word_1_102' title='bbox 207 735 480 800; x_wconf 65' lang='lat' dir='ltr'><strong>exspestatas</strong></span> <span class='ocrx_word' id='word_1_103' title='bbox 503 736 714 797; x_wconf 87' lang='lat' dir='ltr'><strong>accipies.</strong></span> <span class='ocrx_word' id='word_1_104' title='bbox 751 737 1077 800; x_wconf 86' lang='lat' dir='ltr'><strong>Merulamque</strong></span> <span class='ocrx_word' id='word_1_105' title='bbox 1102 750 1236 783; x_wconf 88' lang='lat' dir='ltr'><strong>tuum</strong></span> <span class='ocrx_word' id='word_1_106' title='bbox 1263 737 1446 782; x_wconf 77' lang='lat' dir='ltr'><strong>amabis.</strong></span> <span class='ocrx_word' id='word_1_107' title='bbox 1496 735 1627 783; x_wconf 70' lang='lat' dir='ltr'><strong>Vale„</strong></span> 
     </span>
    </p>
   </div>
   <div class='ocr_carea' id='block_1_4' title="bbox 14 852 1992 1007">
    <p class='ocr_par' dir='ltr' id='par_1_5' title="bbox 0 852 1992 1107">
     <span class='ocr_line' id='line_1_11' title="bbox 14 852 1992 919; baseline -0.002 -16"><span class='ocrx_word' id='word_1_108' title='bbox 14 916 17 919; x_wconf 15' lang='grc' dir='ltr'>ἱ</span> <span class='ocrx_word' id='word_1_109' title='bbox 187 852 832 903; x_wconf 88' lang='lat' dir='ltr'>RAPHAELIS</span> <span class='ocrx_word' id='word_1_110' title='bbox 920 854 1249 902; x_wconf 82' lang='lat' dir='ltr'>REGII</span> <span class='ocrx_word' id='word_1_111' title='bbox 1334 852 1992 901; x_wconf 75' lang='lat' dir='ltr'><strong>PRAEFATIO</strong></span> 
     </span>
     <span class='ocr_line' id='line_1_12' title="bbox 305 942 1361 1007; baseline -0.003 -13.896"><span class='ocrx_word' id='word_1_112' title='bbox 305 971 309 974; x_wconf 93' lang='lat'>·</span> <span class='ocrx_word' id='word_1_113' title='bbox 843 942 918 991; x_wconf 89' lang='lat' dir='ltr'><strong>Ad</strong></span> <span class='ocrx_word' id='word_1_114' title='bbox 942 942 1361 1007; x_wconf 81' lang='lat' dir='ltr'><strong>Metamorphoses.</strong></span> 
     </span>
    </p>
   </div>
   <div class='ocr_carea' id='block_1_5' title="bbox 105 1030 2140 1200">
    <p class='ocr_par' dir='ltr' id='par_1_6' title="bbox 105 1030 2140 1200">
     <span class='ocr_line' id='line_1_13' title="bbox 302 1030 1899 1086; baseline -0.001 0"><span class='ocrx_word' id='word_1_115' title='bbox 302 1040 396 1086; x_wconf 90' lang='lat' dir='ltr'><strong>AD</strong></span> <span class='ocrx_word' id='word_1_116' title='bbox 434 1034 1048 1085; x_wconf 80' lang='lat' dir='ltr'>ILLUSTRISSIMUM</span> <span class='ocrx_word' id='word_1_117' title='bbox 1083 1035 1450 1082; x_wconf 76' lang='lat' dir='ltr'>MANTUAE</span> <span class='ocrx_word' id='word_1_118' title='bbox 1483 1030 1899 1085; x_wconf 78' lang='lat' dir='ltr'>PRINCIPEM&#39;</span> 
     </span>
     <span class='ocr_line' id='line_1_14' title="bbox 105 1108 2140 1200; baseline -0.003 0"><span class='ocrx_word' id='word_1_119' title='bbox 105 1108 2140 1200; x_wconf 35' lang='lat' dir='ltr'><strong>FRANc1chMcoNzAGAMs</strong></span> 
     </span>
    </p>
   </div>
   <div class='ocr_carea' id='block_1_6' title="bbox 42 1270 2165 3323">
    <p class='ocr_par' dir='ltr' id='par_1_7' title="bbox 42 1270 2165 3323">
     <span class='ocr_line' id='line_1_15' title="bbox 43 1270 2144 1391; baseline -0.003 -67"><span class='ocrx_word' id='word_1_120' title='bbox 43 1275 387 1391; x_wconf 84' lang='lat' dir='ltr'><strong>COgitanti</strong></span> <span class='ocrx_word' id='word_1_121' title='bbox 409 1274 555 1333; x_wconf 90' lang='lat' dir='ltr'><strong>mihi,</strong></span> <span class='ocrx_word' id='word_1_122' title='bbox 575 1270 908 1335; x_wconf 76' lang='lat' dir='ltr'><strong>jucundissime</strong></span> <span class='ocrx_word' id='word_1_123' title='bbox 934 1271 1182 1336; x_wconf 82' lang='lat' dir='ltr'><strong>Princeps,</strong></span> <span class='ocrx_word' id='word_1_124' title='bbox 1216 1272 1292 1318; x_wconf 90' lang='lat' dir='ltr'><strong>cui</strong></span> <span class='ocrx_word' id='word_1_125' title='bbox 1316 1272 1598 1336; x_wconf 69' lang='lat' dir='ltr'><strong>potissimum</strong></span> <span class='ocrx_word' id='word_1_126' title='bbox 1637 1289 1757 1320; x_wconf 82' lang='lat' dir='ltr'><strong>meas</strong></span> <span class='ocrx_word' id='word_1_127' title='bbox 1781 1272 1827 1318; x_wconf 90' lang='lat' dir='ltr'><strong>in</strong></span> <span class='ocrx_word' id='word_1_128' title='bbox 1851 1272 2014 1321; x_wconf 87' lang='lat' dir='ltr'><strong>Ovidii</strong></span> <span class='ocrx_word' id='word_1_129' title='bbox 2035 1272 2144 1319; x_wconf 80' lang='lat' dir='ltr'><strong>Me·-</strong></span> 
     </span>
     <span class='ocr_line' id='line_1_16' title="bbox 187 1336 2144 1404; baseline -0.004 -16"><span class='ocrx_word' id='word_1_130' title='bbox 187 1339 508 1404; x_wconf 87' lang='lat' dir='ltr'><strong>tamorphofin</strong></span> <span class='ocrx_word' id='word_1_131' title='bbox 532 1339 855 1385; x_wconf 86' lang='lat' dir='ltr'><strong>Enarrationes</strong></span> <span class='ocrx_word' id='word_1_132' title='bbox 882 1336 1078 1383; x_wconf 89' lang='lat' dir='ltr'><strong>dicarem</strong></span> <span class='ocrx_word' id='word_1_133' title='bbox 1094 1370 1110 1396; x_wconf 92' lang='lat'><strong>,</strong></span> <span class='ocrx_word' id='word_1_134' title='bbox 1145 1350 1195 1383; x_wconf 89' lang='lat' dir='ltr'><strong>tu</strong></span> <span class='ocrx_word' id='word_1_135' title='bbox 1217 1338 1263 1382; x_wconf 87' lang='lat' dir='ltr'><strong>in</strong></span> <span class='ocrx_word' id='word_1_136' title='bbox 1293 1340 1454 1400; x_wconf 86' lang='lat' dir='ltr'><strong>primis</strong></span> <span class='ocrx_word' id='word_1_137' title='bbox 1479 1338 1750 1396; x_wconf 88' lang='lat' dir='ltr'><strong>occurristi,</strong></span> <span class='ocrx_word' id='word_1_138' title='bbox 1783 1338 1863 1400; x_wconf 89' lang='lat' dir='ltr'><strong>qui</strong></span> <span class='ocrx_word' id='word_1_139' title='bbox 1889 1338 1981 1383; x_wconf 92' lang='lat' dir='ltr'><strong>hoc</strong></span> <span class='ocrx_word' id='word_1_140' title='bbox 2004 1352 2144 1398; x_wconf 86' lang='lat' dir='ltr'><strong>quan-</strong></span> 
     </span>
     <span class='ocr_line' id='line_1_17' title="bbox 42 1401 2143 1470; baseline -0.006 -12"><span class='ocrx_word' id='word_1_141' title='bbox 42 1409 326 1470; x_wconf 88' lang='lat' dir='ltr'><strong>tulocunque</strong></span> <span class='ocrx_word' id='word_1_142' title='bbox 362 1420 550 1451; x_wconf 91' lang='lat' dir='ltr'><strong>munere</strong></span> <span class='ocrx_word' id='word_1_143' title='bbox 583 1403 749 1467; x_wconf 90' lang='lat' dir='ltr'><strong>dignus</strong></span> <span class='ocrx_word' id='word_1_144' title='bbox 782 1402 868 1449; x_wconf 83' lang='lat' dir='ltr'><strong>effe</strong></span> <span class='ocrx_word' id='word_1_145' title='bbox 900 1401 1131 1449; x_wconf 89' lang='lat' dir='ltr'><strong>videreris.</strong></span> <span class='ocrx_word' id='word_1_146' title='bbox 1198 1402 1381 1449; x_wconf 75' lang='lat' dir='ltr'><strong>&#39;Tantus</strong></span> <span class='ocrx_word' id='word_1_147' title='bbox 1416 1402 1480 1449; x_wconf 86' lang='lat' dir='ltr'><strong>est</strong></span> <span class='ocrx_word' id='word_1_148' title='bbox 1504 1404 1625 1449; x_wconf 91' lang='lat' dir='ltr'><strong>enim</strong></span> <span class='ocrx_word' id='word_1_149' title='bbox 1652 1418 1759 1449; x_wconf 89' lang='lat' dir='ltr'><strong>curn</strong></span> <span class='ocrx_word' id='word_1_150' title='bbox 1781 1403 1969 1448; x_wconf 88' lang='lat' dir='ltr'><strong>aliarum</strong></span> <span class='ocrx_word' id='word_1_151' title='bbox 1996 1402 2143 1447; x_wconf 77' lang='lat' dir='ltr'><strong>virtu-</strong></span> 
     </span>
     <span class='ocr_line' id='line_1_18' title="bbox 42 1465 2143 1533; baseline -0.005 -12"><span class='ocrx_word' id='word_1_152' title='bbox 42 1485 169 1532; x_wconf 91' lang='lat' dir='ltr'><strong>tum,</strong></span> <span class='ocrx_word' id='word_1_153' title='bbox 203 1485 303 1518; x_wconf 89' lang='lat' dir='ltr'><strong>tum</strong></span> <span class='ocrx_word' id='word_1_154' title='bbox 333 1469 570 1533; x_wconf 87' lang='lat' dir='ltr'><strong>fingularis</strong></span> <span class='ocrx_word' id='word_1_155' title='bbox 595 1485 646 1515; x_wconf 92' lang='lat' dir='ltr'><strong>ac</strong></span> <span class='ocrx_word' id='word_1_156' title='bbox 672 1483 820 1532; x_wconf 82' lang='lat' dir='ltr'><strong>prope</strong></span> <span class='ocrx_word' id='word_1_157' title='bbox 855 1467 1034 1514; x_wconf 88' lang='lat' dir='ltr'><strong>divinae</strong></span> <span class='ocrx_word' id='word_1_158' title='bbox 1055 1466 1338 1513; x_wconf 77' lang='lat' dir='ltr'><strong>liberalitatis</strong></span> <span class='ocrx_word' id='word_1_159' title='bbox 1363 1480 1466 1514; x_wconf 86' lang='lat' dir='ltr'><strong>tuae</strong></span> <span class='ocrx_word' id='word_1_160' title='bbox 1487 1466 1730 1530; x_wconf 79' lang='lat' dir='ltr'><strong>splendor,</strong></span> <span class='ocrx_word' id='word_1_161' title='bbox 1764 1478 1818 1512; x_wconf 92' lang='lat' dir='ltr'><strong>ut</strong></span> <span class='ocrx_word' id='word_1_162' title='bbox 1839 1467 1893 1513; x_wconf 87' lang='lat' dir='ltr'><strong>ab</strong></span> <span class='ocrx_word' id='word_1_163' title='bbox 1930 1465 2143 1512; x_wconf 82' lang='lat' dir='ltr'><strong>omnibus</strong></span> 
     </span>
     <span class='ocr_line' id='line_1_19' title="bbox 43 1530 2143 1597; baseline -0.006 -11"><span class='ocrx_word' id='word_1_164' title='bbox 43 1537 287 1593; x_wconf 89' lang='lat' dir='ltr'><strong>celebrari,</strong></span> <span class='ocrx_word' id='word_1_165' title='bbox 320 1533 750 1597; x_wconf 88' lang='lat' dir='ltr'><strong>immortalitatique</strong></span> <span class='ocrx_word' id='word_1_166' title='bbox 782 1531 1034 1579; x_wconf 89' lang='lat' dir='ltr'><strong>consecrari</strong></span> <span class='ocrx_word' id='word_1_167' title='bbox 1059 1532 1288 1587; x_wconf 76' lang='lat' dir='ltr'><strong>mercaris.</strong></span> <span class='ocrx_word' id='word_1_168' title='bbox 1355 1533 1618 1579; x_wconf 78' lang='lat' dir='ltr'><strong>Excellenti</strong></span> <span class='ocrx_word' id='word_1_169' title='bbox 1655 1546 1851 1593; x_wconf 89' lang='lat' dir='ltr'><strong>namque</strong></span> <span class='ocrx_word' id='word_1_170' title='bbox 1887 1530 2050 1577; x_wconf 88' lang='lat' dir='ltr'><strong>virtuti</strong></span> <span class='ocrx_word' id='word_1_171' title='bbox 2085 1545 2143 1575; x_wconf 58' lang='lat' dir='ltr'><strong>etz</strong></span> 
     </span>
     <span class='ocr_line' id='line_1_20' title="bbox 43 1594 2142 1668; baseline -0.004 -19"><span class='ocrx_word' id='word_1_172' title='bbox 43 1601 429 1668; x_wconf 88' lang='lat' dir='ltr'><strong>philosophorum</strong></span> <span class='ocrx_word' id='word_1_173' title='bbox 463 1600 672 1646; x_wconf 90' lang='lat' dir='ltr'><strong>omnium</strong></span> <span class='ocrx_word' id='word_1_174' title='bbox 696 1596 919 1644; x_wconf 89' lang='lat' dir='ltr'><strong>sententia</strong></span> <span class='ocrx_word' id='word_1_175' title='bbox 939 1596 1060 1655; x_wconf 86' lang='lat' dir='ltr'><strong>laus,</strong></span> <span class='ocrx_word' id='word_1_176' title='bbox 1087 1597 1239 1643; x_wconf 90' lang='lat' dir='ltr'><strong>honor</strong></span> <span class='ocrx_word' id='word_1_177' title='bbox 1262 1597 1310 1643; x_wconf 63' lang='grc' dir='ltr'><strong>ὃς</strong></span> <span class='ocrx_word' id='word_1_178' title='bbox 1329 1598 1477 1660; x_wconf 87' lang='lat' dir='ltr'><strong>gloria</strong></span> <span class='ocrx_word' id='word_1_179' title='bbox 1498 1596 1716 1643; x_wconf 62' lang='lat' dir='ltr'><strong>rdebettua</strong></span> <span class='ocrx_word' id='word_1_180' title='bbox 1783 1597 1865 1643; x_wconf 94' lang='lat' dir='ltr'><strong>Tu</strong></span> <span class='ocrx_word' id='word_1_181' title='bbox 1889 1612 1997 1643; x_wconf 89' lang='lat' dir='ltr'><strong>vero</strong></span> <span class='ocrx_word' id='word_1_182' title='bbox 2026 1594 2142 1641; x_wconf 86' lang='lat' dir='ltr'><strong>nihil</strong></span> 
     </span>
     <span class='ocr_line' id='line_1_21' title="bbox 44 1658 2143 1733; baseline -0.004 -19"><span class='ocrx_word' id='word_1_183' title='bbox 44 1667 280 1733; x_wconf 85' lang='lat' dir='ltr'><strong>pulchrius</strong></span> <span class='ocrx_word' id='word_1_184' title='bbox 304 1662 778 1726; x_wconf 87' lang='lat' dir='ltr'><strong>honorificentiusque</strong></span> <span class='ocrx_word' id='word_1_185' title='bbox 800 1662 886 1709; x_wconf 82' lang='lat' dir='ltr'><strong>effe</strong></span> <span class='ocrx_word' id='word_1_186' title='bbox 911 1662 1162 1720; x_wconf 79' lang='lat' dir='ltr'><strong>existimas,</strong></span> <span class='ocrx_word' id='word_1_187' title='bbox 1200 1678 1335 1725; x_wconf 86' lang='lat' dir='ltr'><strong>quam</strong></span> <span class='ocrx_word' id='word_1_188' title='bbox 1361 1662 1540 1708; x_wconf 83' lang='lat' dir='ltr'><strong>divitias</strong></span> <span class='ocrx_word' id='word_1_189' title='bbox 1565 1662 1613 1707; x_wconf 82' lang='lat'>&amp;</span> <span class='ocrx_word' id='word_1_190' title='bbox 1637 1676 1776 1725; x_wconf 88' lang='lat' dir='ltr'><strong>opes,</strong></span> <span class='ocrx_word' id='word_1_191' title='bbox 1811 1660 1976 1721; x_wconf 86' lang='lat' dir='ltr'><strong>quibus</strong></span> <span class='ocrx_word' id='word_1_192' title='bbox 2000 1658 2143 1706; x_wconf 84' lang='lat' dir='ltr'><strong>indies</strong></span> 
     </span>
     <span class='ocr_line' id='line_1_22' title="bbox 43 1723 2142 1798; baseline -0.006 -16"><span class='ocrx_word' id='word_1_193' title='bbox 43 1734 186 1798; x_wconf 79' lang='lat' dir='ltr'><strong>magis</strong></span> <span class='ocrx_word' id='word_1_194' title='bbox 219 1729 451 1796; x_wconf 87' lang='lat' dir='ltr'><strong>magisque</strong></span> <span class='ocrx_word' id='word_1_195' title='bbox 488 1728 715 1787; x_wconf 89' lang='lat' dir='ltr'><strong>abundas,</strong></span> <span class='ocrx_word' id='word_1_196' title='bbox 750 1726 803 1775; x_wconf 88' lang='lat' dir='ltr'><strong>ad</strong></span> <span class='ocrx_word' id='word_1_197' title='bbox 838 1727 1232 1791; x_wconf 89' lang='lat' dir='ltr'><strong>magnificentiam</strong></span> <span class='ocrx_word' id='word_1_198' title='bbox 1266 1728 1696 1791; x_wconf 81' lang='lat' dir='ltr'><strong>benignitatemque</strong></span> <span class='ocrx_word' id='word_1_199' title='bbox 1721 1723 1943 1771; x_wconf 78' lang='lat' dir='ltr'><strong>conferre.</strong></span> <span class='ocrx_word' id='word_1_200' title='bbox 2012 1724 2142 1770; x_wconf 88' lang='lat' dir='ltr'><strong>Hinc</strong></span> 
     </span>
     <span class='ocr_line' id='line_1_23' title="bbox 42 1789 2156 1857; baseline -0.005 -12"><span class='ocrx_word' id='word_1_201' title='bbox 42 1799 163 1845; x_wconf 89' lang='lat' dir='ltr'><strong>enim</strong></span> <span class='ocrx_word' id='word_1_202' title='bbox 191 1797 253 1843; x_wconf 65' lang='grc' dir='ltr'><strong>’ὃς</strong></span> <span class='ocrx_word' id='word_1_203' title='bbox 289 1797 455 1843; x_wconf 90' lang='lat' dir='ltr'><strong>merito</strong></span> <span class='ocrx_word' id='word_1_204' title='bbox 481 1793 667 1857; x_wconf 87' lang='lat' dir='ltr'><strong>quidem</strong></span> <span class='ocrx_word' id='word_1_205' title='bbox 708 1792 789 1852; x_wconf 90' lang='lat' dir='ltr'><strong>fit,</strong></span> <span class='ocrx_word' id='word_1_206' title='bbox 823 1805 877 1838; x_wconf 91' lang='lat' dir='ltr'><strong>ut</strong></span> <span class='ocrx_word' id='word_1_207' title='bbox 900 1809 993 1839; x_wconf 92' lang='lat' dir='ltr'><strong>non</strong></span> <span class='ocrx_word' id='word_1_208' title='bbox 1018 1791 1162 1839; x_wconf 89' lang='lat' dir='ltr'><strong>solum</strong></span> <span class='ocrx_word' id='word_1_209' title='bbox 1190 1792 1473 1839; x_wconf 80' lang='lat' dir='ltr'><strong>strenuiflimi</strong></span> <span class='ocrx_word' id='word_1_210' title='bbox 1512 1793 1681 1854; x_wconf 85' lang='lat' dir='ltr'><strong>quique</strong></span> <span class='ocrx_word' id='word_1_211' title='bbox 1705 1789 1870 1836; x_wconf 75' lang='lat' dir='ltr'><strong>milites</strong></span> <span class='ocrx_word' id='word_1_212' title='bbox 1893 1789 1948 1835; x_wconf 89' lang='lat' dir='ltr'><strong>ad</strong></span> <span class='ocrx_word' id='word_1_213' title='bbox 1973 1801 2019 1835; x_wconf 90' lang='lat' dir='ltr'><strong>te</strong></span> <span class='ocrx_word' id='word_1_214' title='bbox 2043 1796 2156 1835; x_wconf 75' lang='lat' dir='ltr'><strong>cer-²</strong></span> 
     </span>
     <span class='ocr_line' id='line_1_24' title="bbox 44 1855 2157 1921; baseline -0.006 -11"><span class='ocrx_word' id='word_1_215' title='bbox 44 1864 174 1910; x_wconf 88' lang='lat' dir='ltr'><strong>tatim</strong></span> <span class='ocrx_word' id='word_1_216' title='bbox 210 1860 351 1908; x_wconf 85' lang='lat' dir='ltr'><strong>consu</strong></span> <span class='ocrx_word' id='word_1_217' title='bbox 393 1861 516 1920; x_wconf 86' lang='lat' dir='ltr'><strong>iant,</strong></span> <span class='ocrx_word' id='word_1_218' title='bbox 551 1858 623 1906; x_wconf 91' lang='lat' dir='ltr'><strong>sed</strong></span> <span class='ocrx_word' id='word_1_219' title='bbox 660 1874 767 1904; x_wconf 90' lang='lat' dir='ltr'><strong>cum</strong></span> <span class='ocrx_word' id='word_1_220' title='bbox 804 1857 879 1903; x_wconf 89' lang='lat' dir='ltr'><strong>alii</strong></span> <span class='ocrx_word' id='word_1_221' title='bbox 911 1858 1065 1904; x_wconf 88' lang='lat' dir='ltr'><strong>Italiae</strong></span> <span class='ocrx_word' id='word_1_222' title='bbox 1099 1859 1329 1921; x_wconf 87' lang='lat' dir='ltr'><strong>principes</strong></span> <span class='ocrx_word' id='word_1_223' title='bbox 1361 1870 1407 1904; x_wconf 90' lang='lat' dir='ltr'><strong>te</strong></span> <span class='ocrx_word' id='word_1_224' title='bbox 1431 1857 1587 1903; x_wconf 87' lang='lat' dir='ltr'><strong>colant</strong></span> <span class='ocrx_word' id='word_1_225' title='bbox 1618 1856 1665 1902; x_wconf 82' lang='lat'>&amp;</span> <span class='ocrx_word' id='word_1_226' title='bbox 1690 1855 2001 1911; x_wconf 82' lang='lat' dir='ltr'><strong>admirentur,</strong></span> <span class='ocrx_word' id='word_1_227' title='bbox 2036 1866 2157 1899; x_wconf 63' lang='lat' dir='ltr'><strong>tuni</strong></span> 
     </span>
     <span class='ocr_line' id='line_1_25' title="bbox 42 1876 2140 1992; baseline -0.005 -18"><span class='ocrx_word' id='word_1_228' title='bbox 42 1926 325 1992; x_wconf 82' lang='lat' dir='ltr'><strong>graviffimus</strong></span> <span class='ocrx_word' id='word_1_229' title='bbox 347 1876 777 1989; x_wconf 50' lang='lat' dir='ltr'><strong>{pientiffimusque</strong></span> <span class='ocrx_word' id='word_1_230' title='bbox 793 1925 1083 1969; x_wconf 85' lang='lat' dir='ltr'><strong>Venetorum</strong></span> <span class='ocrx_word' id='word_1_231' title='bbox 1110 1924 1299 1969; x_wconf 89' lang='lat' dir='ltr'><strong>Senatus</strong></span> <span class='ocrx_word' id='word_1_232' title='bbox 1324 1935 1370 1968; x_wconf 84' lang='lat' dir='ltr'><strong>te</strong></span> <span class='ocrx_word' id='word_1_233' title='bbox 1398 1920 1476 1968; x_wconf 84' lang='lat' dir='ltr'><strong>fibi</strong></span> <span class='ocrx_word' id='word_1_234' title='bbox 1503 1935 1781 1984; x_wconf 82' lang='lat' dir='ltr'><strong>quocunque</strong></span> <span class='ocrx_word' id='word_1_235' title='bbox 1806 1917 1947 1965; x_wconf 86' lang='lat' dir='ltr'><strong>officii</strong></span> <span class='ocrx_word' id='word_1_236' title='bbox 1973 1932 2140 1980; x_wconf 86' lang='lat' dir='ltr'><strong>genere</strong></span> 
     </span>
     <span class='ocr_line' id='line_1_26' title="bbox 43 1982 2157 2051; baseline -0.005 -12"><span class='ocrx_word' id='word_1_237' title='bbox 43 1992 304 2048; x_wconf 82' lang='lat' dir='ltr'><strong>devinciat,</strong></span> <span class='ocrx_word' id='word_1_238' title='bbox 339 1988 568 2051; x_wconf 89' lang='lat' dir='ltr'><strong>indiesque</strong></span> <span class='ocrx_word' id='word_1_239' title='bbox 604 1986 767 2033; x_wconf 83' lang='lat' dir='ltr'><strong>habeat</strong></span> <span class='ocrx_word' id='word_1_240' title='bbox 797 1987 1035 2033; x_wconf 90' lang='lat' dir='ltr'><strong>cariorem.</strong></span> <span class='ocrx_word' id='word_1_241' title='bbox 1102 1988 1175 2033; x_wconf 79' lang='lat' dir='ltr'><strong>Ex</strong></span> <span class='ocrx_word' id='word_1_242' title='bbox 1210 2000 1334 2033; x_wconf 84' lang='lat' dir='ltr'><strong>tanta</strong></span> <span class='ocrx_word' id='word_1_243' title='bbox 1369 2001 1566 2049; x_wconf 87' lang='lat' dir='ltr'><strong>namque</strong></span> <span class='ocrx_word' id='word_1_244' title='bbox 1599 1985 1865 2031; x_wconf 83' lang='lat' dir='ltr'><strong>liberalitate</strong></span> <span class='ocrx_word' id='word_1_245' title='bbox 1903 1982 2035 2028; x_wconf 84' lang='lat' dir='ltr'><strong>facile</strong></span> <span class='ocrx_word' id='word_1_246' title='bbox 2058 1995 2157 2028; x_wconf 85' lang='lat' dir='ltr'><strong>co-··</strong></span> 
     </span>
     <span class='ocr_line' id='line_1_27' title="bbox 42 2046 2157 2120; baseline -0.004 -18"><span class='ocrx_word' id='word_1_247' title='bbox 42 2055 254 2120; x_wconf 86' lang='lat' dir='ltr'><strong>gnoscit,</strong></span> <span class='ocrx_word' id='word_1_248' title='bbox 288 2070 385 2100; x_wconf 88' lang='lat' dir='ltr'><strong>eam</strong></span> <span class='ocrx_word' id='word_1_249' title='bbox 423 2054 509 2100; x_wconf 92' lang='lat' dir='ltr'><strong>tibi</strong></span> <span class='ocrx_word' id='word_1_250' title='bbox 540 2053 794 2116; x_wconf 86' lang='lat' dir='ltr'><strong>ingenitam</strong></span> <span class='ocrx_word' id='word_1_251' title='bbox 828 2052 913 2097; x_wconf 85' lang='lat' dir='ltr'><strong>effe</strong></span> <span class='ocrx_word' id='word_1_252' title='bbox 952 2053 1092 2098; x_wconf 87' lang='lat' dir='ltr'><strong>animi</strong></span> <span class='ocrx_word' id='word_1_253' title='bbox 1129 2050 1526 2114; x_wconf 87' lang='lat' dir='ltr'><strong>magnitudinem,</strong></span> <span class='ocrx_word' id='word_1_254' title='bbox 1561 2063 1615 2096; x_wconf 87' lang='lat' dir='ltr'><strong>ut</strong></span> <span class='ocrx_word' id='word_1_255' title='bbox 1651 2049 1698 2095; x_wconf 64' lang='grc' dir='ltr'><strong>ἃ,</strong></span> <span class='ocrx_word' id='word_1_256' title='bbox 1733 2049 1819 2095; x_wconf 71' lang='lat' dir='ltr'><strong>aita</strong></span> <span class='ocrx_word' id='word_1_257' title='bbox 1845 2060 2054 2110; x_wconf 67' lang='lat' dir='ltr'><strong>expetaS,</strong></span> <span class='ocrx_word' id='word_1_258' title='bbox 2091 2046 2157 2094; x_wconf 69' lang='grc' dir='ltr'><strong>δεῖ·</strong></span> 
     </span>
     <span class='ocr_line' id='line_1_28' title="bbox 42 2111 2156 2184; baseline -0.005 -16"><span class='ocrx_word' id='word_1_259' title='bbox 42 2119 273 2184; x_wconf 87' lang='lat' dir='ltr'><strong>praeclara</strong></span> <span class='ocrx_word' id='word_1_260' title='bbox 308 2118 361 2165; x_wconf 89' lang='lat' dir='ltr'><strong>fis</strong></span> <span class='ocrx_word' id='word_1_261' title='bbox 394 2118 629 2183; x_wconf 86' lang='lat' dir='ltr'><strong>gesturus,</strong></span> <span class='ocrx_word' id='word_1_262' title='bbox 665 2116 713 2163; x_wconf 69' lang='grc' dir='ltr'><strong>ὃς</strong></span> <span class='ocrx_word' id='word_1_263' title='bbox 751 2117 872 2163; x_wconf 86' lang='lat' dir='ltr'><strong>viam</strong></span> <span class='ocrx_word' id='word_1_264' title='bbox 903 2116 958 2162; x_wconf 91' lang='lat' dir='ltr'><strong>ad</strong></span> <span class='ocrx_word' id='word_1_265' title='bbox 989 2117 1296 2162; x_wconf 88' lang='lat' dir='ltr'><strong>immortalem</strong></span> <span class='ocrx_word' id='word_1_266' title='bbox 1318 2116 1513 2178; x_wconf 86' lang='lat' dir='ltr'><strong>gloriam</strong></span> <span class='ocrx_word' id='word_1_267' title='bbox 1538 2113 1734 2161; x_wconf 64' lang='lat' dir='ltr'><strong>affeetes.</strong></span> <span class='ocrx_word' id='word_1_268' title='bbox 1801 2115 1978 2160; x_wconf 88' lang='lat' dir='ltr'><strong>Omnes</strong></span> <span class='ocrx_word' id='word_1_269' title='bbox 2002 2111 2156 2174; x_wconf 81' lang='lat' dir='ltr'><strong>fiqui—·</strong></span> 
     </span>
     <span class='ocr_line' id='line_1_29' title="bbox 44 2177 2155 2247; baseline -0.005 -15"><span class='ocrx_word' id='word_1_270' title='bbox 44 2185 148 2233; x_wconf 90' lang='lat' dir='ltr'><strong>dem</strong></span> <span class='ocrx_word' id='word_1_271' title='bbox 184 2186 502 2247; x_wconf 87' lang='lat' dir='ltr'><strong>imperatoriae</strong></span> <span class='ocrx_word' id='word_1_272' title='bbox 537 2182 728 2228; x_wconf 89' lang='lat' dir='ltr'><strong>virtutes</strong></span> <span class='ocrx_word' id='word_1_273' title='bbox 762 2181 868 2227; x_wconf 89' lang='lat' dir='ltr'><strong>inte</strong></span> <span class='ocrx_word' id='word_1_274' title='bbox 905 2180 965 2226; x_wconf 90' lang='lat' dir='ltr'><strong>fic</strong></span> <span class='ocrx_word' id='word_1_275' title='bbox 992 2180 1254 2243; x_wconf 83' lang='lat' dir='ltr'><strong>refulgent,</strong></span> <span class='ocrx_word' id='word_1_276' title='bbox 1288 2193 1342 2226; x_wconf 91' lang='lat' dir='ltr'><strong>ut</strong></span> <span class='ocrx_word' id='word_1_277' title='bbox 1365 2180 1576 2244; x_wconf 85' lang='lat' dir='ltr'><strong>Scipioni</strong></span> <span class='ocrx_word' id='word_1_278' title='bbox 1599 2179 1665 2225; x_wconf 85' lang='lat' dir='ltr'><strong>illi</strong></span> <span class='ocrx_word' id='word_1_279' title='bbox 1692 2179 1890 2241; x_wconf 78' lang='lat' dir='ltr'><strong>majori,</strong></span> <span class='ocrx_word' id='word_1_280' title='bbox 1925 2177 2004 2240; x_wconf 87' lang='lat' dir='ltr'><strong>qui</strong></span> <span class='ocrx_word' id='word_1_281' title='bbox 2030 2185 2155 2238; x_wconf 67' lang='lat' dir='ltr'><strong>qua-⁴</strong></span> 
     </span>
     <span class='ocr_line' id='line_1_30' title="bbox 43 2241 2158 2311; baseline -0.005 -13"><span class='ocrx_word' id='word_1_282' title='bbox 43 2263 150 2298; x_wconf 87' lang='lat' dir='ltr'><strong>tuor</strong></span> <span class='ocrx_word' id='word_1_283' title='bbox 179 2249 228 2296; x_wconf 83' lang='lat'>&amp;</span> <span class='ocrx_word' id='word_1_284' title='bbox 250 2249 417 2311; x_wconf 88' lang='lat' dir='ltr'><strong>viginti</strong></span> <span class='ocrx_word' id='word_1_285' title='bbox 441 2263 582 2294; x_wconf 87' lang='lat' dir='ltr'><strong>annos</strong></span> <span class='ocrx_word' id='word_1_286' title='bbox 608 2258 736 2291; x_wconf 87' lang='lat' dir='ltr'><strong>natus</strong></span> <span class='ocrx_word' id='word_1_287' title='bbox 762 2247 1013 2308; x_wconf 88' lang='lat' dir='ltr'><strong>imperator</strong></span> <span class='ocrx_word' id='word_1_288' title='bbox 1040 2244 1247 2291; x_wconf 89' lang='lat' dir='ltr'><strong>adversus</strong></span> <span class='ocrx_word' id='word_1_289' title='bbox 1259 2247 1440 2291; x_wconf 85' lang='lat' dir='ltr'><strong>Poenos</strong></span> <span class='ocrx_word' id='word_1_290' title='bbox 1467 2246 1514 2291; x_wconf 87' lang='lat' dir='ltr'><strong>in</strong></span> <span class='ocrx_word' id='word_1_291' title='bbox 1536 2243 1801 2307; x_wconf 82' lang='lat' dir='ltr'><strong>Hispaniam</strong></span> <span class='ocrx_word' id='word_1_292' title='bbox 1829 2243 1855 2287; x_wconf 65' lang='lat' dir='ltr'><strong>a</strong></span> <span class='ocrx_word' id='word_1_293' title='bbox 1878 2241 2032 2288; x_wconf 84' lang='lat' dir='ltr'><strong>senatu</strong></span> <span class='ocrx_word' id='word_1_294' title='bbox 2056 2258 2158 2302; x_wconf 64' lang='lat' dir='ltr'><strong>po-‘</strong></span> 
     </span>
     <span class='ocr_line' id='line_1_31' title="bbox 44 2307 2137 2379; baseline -0.006 -16"><span class='ocrx_word' id='word_1_295' title='bbox 44 2316 246 2379; x_wconf 89' lang='lat' dir='ltr'><strong>puloque</strong></span> <span class='ocrx_word' id='word_1_296' title='bbox 274 2315 496 2359; x_wconf 87' lang='lat' dir='ltr'><strong>Romano</strong></span> <span class='ocrx_word' id='word_1_297' title='bbox 529 2311 618 2357; x_wconf 86' lang='lat' dir='ltr'><strong>fuit</strong></span> <span class='ocrx_word' id='word_1_298' title='bbox 651 2308 834 2368; x_wconf 88' lang='lat' dir='ltr'><strong>missus,</strong></span> <span class='ocrx_word' id='word_1_299' title='bbox 869 2310 1036 2355; x_wconf 90' lang='lat' dir='ltr'><strong>merito</strong></span> <span class='ocrx_word' id='word_1_300' title='bbox 1063 2308 1114 2355; x_wconf 87' lang='lat' dir='ltr'><strong>fis</strong></span> <span class='ocrx_word' id='word_1_301' title='bbox 1136 2308 1502 2372; x_wconf 86' lang='lat' dir='ltr'><strong>aequiparandus.</strong></span> <span class='ocrx_word' id='word_1_302' title='bbox 1570 2308 1643 2354; x_wconf 90' lang='lat' dir='ltr'><strong>Ut</strong></span> <span class='ocrx_word' id='word_1_303' title='bbox 1670 2307 1790 2353; x_wconf 87' lang='lat' dir='ltr'><strong>enim</strong></span> <span class='ocrx_word' id='word_1_304' title='bbox 1825 2307 2032 2368; x_wconf 88' lang='lat' dir='ltr'><strong>corporis</strong></span> <span class='ocrx_word' id='word_1_305' title='bbox 2056 2320 2137 2351; x_wconf 84' lang='lat' dir='ltr'><strong>ex-</strong></span> 
     </span>
     <span class='ocr_line' id='line_1_32' title="bbox 46 2370 2157 2438; baseline -0.006 -10"><span class='ocrx_word' id='word_1_306' title='bbox 46 2381 286 2428; x_wconf 87' lang='lat' dir='ltr'><strong>cellentem</strong></span> <span class='ocrx_word' id='word_1_307' title='bbox 322 2378 518 2424; x_wconf 88' lang='lat' dir='ltr'><strong>sormam</strong></span> <span class='ocrx_word' id='word_1_308' title='bbox 544 2390 741 2438; x_wconf 89' lang='lat' dir='ltr'><strong>vereque</strong></span> <span class='ocrx_word' id='word_1_309' title='bbox 764 2375 958 2437; x_wconf 90' lang='lat' dir='ltr'><strong>imperio</strong></span> <span class='ocrx_word' id='word_1_310' title='bbox 984 2373 1198 2437; x_wconf 87' lang='lat' dir='ltr'><strong>dignam,</strong></span> <span class='ocrx_word' id='word_1_311' title='bbox 1235 2375 1283 2420; x_wconf 85' lang='lat'>&amp;</span> <span class='ocrx_word' id='word_1_312' title='bbox 1303 2390 1453 2420; x_wconf 90' lang='lat' dir='ltr'><strong>rarum</strong></span> <span class='ocrx_word' id='word_1_313' title='bbox 1480 2375 1526 2420; x_wconf 92' lang='lat' dir='ltr'><strong>in</strong></span> <span class='ocrx_word' id='word_1_314' title='bbox 1548 2373 1765 2433; x_wconf 84' lang='lat' dir='ltr'><strong>Principe</strong></span> <span class='ocrx_word' id='word_1_315' title='bbox 1787 2370 1929 2416; x_wconf 87' lang='lat' dir='ltr'><strong>robur</strong></span> <span class='ocrx_word' id='word_1_316' title='bbox 1953 2372 2157 2416; x_wconf 83' lang='lat' dir='ltr'><strong>omitta-=</strong></span> 
     </span>
     <span class='ocr_line' id='line_1_33' title="bbox 48 2435 2156 2507; baseline -0.006 -15"><span class='ocrx_word' id='word_1_317' title='bbox 48 2461 176 2503; x_wconf 88' lang='lat' dir='ltr'><strong>mus,</strong></span> <span class='ocrx_word' id='word_1_318' title='bbox 212 2446 312 2507; x_wconf 89' lang='lat' dir='ltr'><strong>quis</strong></span> <span class='ocrx_word' id='word_1_319' title='bbox 335 2456 467 2489; x_wconf 87' lang='lat' dir='ltr'><strong>tuum</strong></span> <span class='ocrx_word' id='word_1_320' title='bbox 501 2442 549 2487; x_wconf 89' lang='lat' dir='ltr'><strong>in</strong></span> <span class='ocrx_word' id='word_1_321' title='bbox 584 2439 759 2486; x_wconf 82' lang='lat' dir='ltr'><strong>affiduis</strong></span> <span class='ocrx_word' id='word_1_322' title='bbox 781 2439 1192 2487; x_wconf 82' lang='lat' dir='ltr'><strong>exercitationibus</strong></span> <span class='ocrx_word' id='word_1_323' title='bbox 1217 2438 1418 2485; x_wconf 87' lang='lat' dir='ltr'><strong>laborem</strong></span> <span class='ocrx_word' id='word_1_324' title='bbox 1434 2472 1451 2497; x_wconf 94' lang='lat'><strong>,</strong></span> <span class='ocrx_word' id='word_1_325' title='bbox 1483 2439 1529 2483; x_wconf 90' lang='lat' dir='ltr'><strong>in</strong></span> <span class='ocrx_word' id='word_1_326' title='bbox 1554 2436 1767 2500; x_wconf 89' lang='lat' dir='ltr'><strong>periculis</strong></span> <span class='ocrx_word' id='word_1_327' title='bbox 1789 2435 2156 2492; x_wconf 71' lang='lat' dir='ltr'><strong>fortitudinem,</strong></span> 
     </span>
     <span class='ocr_line' id='line_1_34' title="bbox 46 2501 2157 2573; baseline -0.006 -17"><span class='ocrx_word' id='word_1_328' title='bbox 46 2510 94 2556; x_wconf 84' lang='lat' dir='ltr'><strong>in</strong></span> <span class='ocrx_word' id='word_1_329' title='bbox 117 2508 403 2573; x_wconf 88' lang='lat' dir='ltr'><strong>providendo</strong></span> <span class='ocrx_word' id='word_1_330' title='bbox 429 2504 672 2553; x_wconf 82' lang='lat' dir='ltr'><strong>confilium</strong></span> <span class='ocrx_word' id='word_1_331' title='bbox 689 2538 703 2563; x_wconf 92' lang='lat'><strong>,</strong></span> <span class='ocrx_word' id='word_1_332' title='bbox 737 2505 784 2551; x_wconf 91' lang='lat' dir='ltr'><strong>in</strong></span> <span class='ocrx_word' id='word_1_333' title='bbox 808 2503 988 2568; x_wconf 87' lang='lat' dir='ltr'><strong>agendo</strong></span> <span class='ocrx_word' id='word_1_334' title='bbox 1015 2503 1306 2562; x_wconf 85' lang='lat' dir='ltr'><strong>industriam,</strong></span> <span class='ocrx_word' id='word_1_335' title='bbox 1341 2505 1390 2549; x_wconf 90' lang='lat' dir='ltr'><strong>in</strong></span> <span class='ocrx_word' id='word_1_336' title='bbox 1415 2501 1712 2549; x_wconf 88' lang='lat' dir='ltr'><strong>conficiendo</strong></span> <span class='ocrx_word' id='word_1_337' title='bbox 1744 2501 2021 2546; x_wconf 85' lang='lat' dir='ltr'><strong>celeritatem</strong></span> <span class='ocrx_word' id='word_1_338' title='bbox 2045 2515 2157 2545; x_wconf 70' lang='lat' dir='ltr'><strong>nonr</strong></span> 
     </span>
     <span class='ocr_line' id='line_1_35' title="bbox 47 2563 2163 2638; baseline -0.005 -18"><span class='ocrx_word' id='word_1_339' title='bbox 47 2587 330 2638; x_wconf 82' lang='lat' dir='ltr'><strong>magnopere</strong></span> <span class='ocrx_word' id='word_1_340' title='bbox 355 2569 633 2619; x_wconf 75' lang='lat' dir='ltr'><strong>admiretur?</strong></span> <span class='ocrx_word' id='word_1_341' title='bbox 668 2571 752 2615; x_wconf 92' lang='lat' dir='ltr'><strong>Tu</strong></span> <span class='ocrx_word' id='word_1_342' title='bbox 776 2568 900 2615; x_wconf 86' lang='lat' dir='ltr'><strong>nulla</strong></span> <span class='ocrx_word' id='word_1_343' title='bbox 923 2569 1105 2632; x_wconf 85' lang='lat' dir='ltr'><strong>pluvia,</strong></span> <span class='ocrx_word' id='word_1_344' title='bbox 1139 2567 1275 2614; x_wconf 88' lang='lat' dir='ltr'><strong>nullis</strong></span> <span class='ocrx_word' id='word_1_345' title='bbox 1299 2566 1508 2626; x_wconf 86' lang='lat' dir='ltr'><strong>nivibus,</strong></span> <span class='ocrx_word' id='word_1_346' title='bbox 1544 2567 1670 2612; x_wconf 87' lang='lat' dir='ltr'><strong>nullo</strong></span> <span class='ocrx_word' id='word_1_347' title='bbox 1692 2564 1810 2611; x_wconf 86' lang='lat' dir='ltr'><strong>aestu</strong></span> <span class='ocrx_word' id='word_1_348' title='bbox 1834 2565 1888 2609; x_wconf 87' lang='lat' dir='ltr'><strong>ab</strong></span> <span class='ocrx_word' id='word_1_349' title='bbox 1909 2563 2139 2610; x_wconf 88' lang='lat' dir='ltr'><strong>anteluca-</strong></span> <span class='ocrx_word' id='word_1_350' title='bbox 2160 2578 2163 2581; x_wconf 84' lang='grc'><em>·</em></span> 
     </span>
     <span class='ocr_line' id='line_1_36' title="bbox 48 2627 2162 2692; baseline -0.006 -6"><span class='ocrx_word' id='word_1_351' title='bbox 48 2641 116 2686; x_wconf 89' lang='lat' dir='ltr'><strong>nis</strong></span> <span class='ocrx_word' id='word_1_352' title='bbox 136 2637 454 2686; x_wconf 83' lang='lat' dir='ltr'><strong>venationibus</strong></span> <span class='ocrx_word' id='word_1_353' title='bbox 475 2635 728 2682; x_wconf 85' lang='lat' dir='ltr'><strong>deterreris.</strong></span> <span class='ocrx_word' id='word_1_354' title='bbox 794 2635 877 2680; x_wconf 92' lang='lat' dir='ltr'><strong>Tu</strong></span> <span class='ocrx_word' id='word_1_355' title='bbox 900 2632 1073 2680; x_wconf 88' lang='lat' dir='ltr'><strong>summa</strong></span> <span class='ocrx_word' id='word_1_356' title='bbox 1097 2633 1312 2679; x_wconf 87' lang='lat' dir='ltr'><strong>omnibus</strong></span> <span class='ocrx_word' id='word_1_357' title='bbox 1335 2633 1379 2678; x_wconf 87' lang='lat' dir='ltr'><strong>in</strong></span> <span class='ocrx_word' id='word_1_358' title='bbox 1402 2633 1533 2678; x_wconf 88' lang='lat' dir='ltr'><strong>rebus</strong></span> <span class='ocrx_word' id='word_1_359' title='bbox 1556 2630 1893 2692; x_wconf 65' lang='lat' dir='ltr'><strong>temperantia,</strong></span> <span class='ocrx_word' id='word_1_360' title='bbox 1915 2627 2031 2684; x_wconf 84' lang='lat' dir='ltr'><strong>fide,</strong></span> <span class='ocrx_word' id='word_1_361' title='bbox 2060 2630 2139 2690; x_wconf 87' lang='lat' dir='ltr'><strong>ju·</strong></span> <span class='ocrx_word' id='word_1_362' title='bbox 2158 2640 2162 2645; x_wconf 76' lang='grc'><strong>“</strong></span> 
     </span>
     <span class='ocr_line' id='line_1_37' title="bbox 49 2692 2141 2762; baseline -0.006 -13"><span class='ocrx_word' id='word_1_363' title='bbox 49 2702 305 2762; x_wconf 78' lang='lat' dir='ltr'><strong>stitiaesse,</strong></span> <span class='ocrx_word' id='word_1_364' title='bbox 339 2718 428 2748; x_wconf 86' lang='lat' dir='ltr'><strong>una</strong></span> <span class='ocrx_word' id='word_1_365' title='bbox 449 2700 657 2747; x_wconf 89' lang='lat' dir='ltr'><strong>omnium</strong></span> <span class='ocrx_word' id='word_1_366' title='bbox 683 2714 801 2746; x_wconf 92' lang='lat' dir='ltr'><strong>voce</strong></span> <span class='ocrx_word' id='word_1_367' title='bbox 827 2698 1110 2761; x_wconf 78' lang='lat' dir='ltr'><strong>praedicaris.</strong></span> <span class='ocrx_word' id='word_1_368' title='bbox 1175 2698 1259 2744; x_wconf 92' lang='lat' dir='ltr'><strong>Tu</strong></span> <span class='ocrx_word' id='word_1_369' title='bbox 1285 2697 1497 2761; x_wconf 75' lang='lat' dir='ltr'><strong>singulari</strong></span> <span class='ocrx_word' id='word_1_370' title='bbox 1533 2694 1753 2741; x_wconf 83' lang='lat' dir='ltr'><strong>facilitate</strong></span> <span class='ocrx_word' id='word_1_371' title='bbox 1787 2693 1848 2739; x_wconf 82' lang='lat' dir='ltr'><strong>fic</strong></span> <span class='ocrx_word' id='word_1_372' title='bbox 1883 2694 2056 2738; x_wconf 88' lang='lat' dir='ltr'><strong>animos</strong></span> <span class='ocrx_word' id='word_1_373' title='bbox 2091 2692 2141 2738; x_wconf 83' lang='lat'>&amp;</span> 
     </span>
     <span class='ocr_line' id='line_1_38' title="bbox 48 2756 2164 2823; baseline -0.006 -10"><span class='ocrx_word' id='word_1_374' title='bbox 48 2767 223 2814; x_wconf 90' lang='lat' dir='ltr'><strong>civium</strong></span> <span class='ocrx_word' id='word_1_375' title='bbox 253 2767 301 2813; x_wconf 83' lang='lat'>&amp;</span> <span class='ocrx_word' id='word_1_376' title='bbox 331 2767 534 2813; x_wconf 91' lang='lat' dir='ltr'><strong>militum</strong></span> <span class='ocrx_word' id='word_1_377' title='bbox 569 2764 623 2810; x_wconf 89' lang='lat' dir='ltr'><strong>ad</strong></span> <span class='ocrx_word' id='word_1_378' title='bbox 651 2776 699 2811; x_wconf 90' lang='lat' dir='ltr'><strong>te</strong></span> <span class='ocrx_word' id='word_1_379' title='bbox 721 2763 964 2809; x_wconf 88' lang='lat' dir='ltr'><strong>amandum</strong></span> <span class='ocrx_word' id='word_1_380' title='bbox 993 2763 1159 2820; x_wconf 84' lang='lat' dir='ltr'><strong>allicis,</strong></span> <span class='ocrx_word' id='word_1_381' title='bbox 1191 2774 1245 2807; x_wconf 85' lang='lat' dir='ltr'><strong>ut</strong></span> <span class='ocrx_word' id='word_1_382' title='bbox 1271 2779 1364 2808; x_wconf 89' lang='lat' dir='ltr'><strong>non</strong></span> <span class='ocrx_word' id='word_1_383' title='bbox 1389 2762 1632 2823; x_wconf 83' lang='lat' dir='ltr'><strong>princeps,</strong></span> <span class='ocrx_word' id='word_1_384' title='bbox 1664 2757 1737 2804; x_wconf 91' lang='lat' dir='ltr'><strong>sed</strong></span> <span class='ocrx_word' id='word_1_385' title='bbox 1763 2773 1843 2821; x_wconf 84' lang='lat' dir='ltr'><strong>par</strong></span> <span class='ocrx_word' id='word_1_386' title='bbox 1864 2756 2033 2802; x_wconf 86' lang='lat' dir='ltr'><strong>infimis</strong></span> <span class='ocrx_word' id='word_1_387' title='bbox 2055 2756 2164 2802; x_wconf 84' lang='lat' dir='ltr'><strong>esse</strong></span> 
     </span>
     <span class='ocr_line' id='line_1_39' title="bbox 50 2821 2165 2892; baseline -0.006 -14"><span class='ocrx_word' id='word_1_388' title='bbox 50 2832 254 2878; x_wconf 88' lang='lat' dir='ltr'><strong>videaris.</strong></span> <span class='ocrx_word' id='word_1_389' title='bbox 319 2831 401 2876; x_wconf 93' lang='lat' dir='ltr'><strong>Tu</strong></span> <span class='ocrx_word' id='word_1_390' title='bbox 424 2831 622 2892; x_wconf 89' lang='lat' dir='ltr'><strong>denique</strong></span> <span class='ocrx_word' id='word_1_391' title='bbox 645 2829 751 2874; x_wconf 88' lang='lat' dir='ltr'><strong>artis</strong></span> <span class='ocrx_word' id='word_1_392' title='bbox 776 2828 984 2873; x_wconf 83' lang='lat' dir='ltr'><strong>militaris</strong></span> <span class='ocrx_word' id='word_1_393' title='bbox 1016 2827 1248 2873; x_wconf 84' lang='lat' dir='ltr'><strong>scientiam</strong></span> <span class='ocrx_word' id='word_1_394' title='bbox 1277 2827 1339 2872; x_wconf 83' lang='lat' dir='ltr'><strong>ita</strong></span> <span class='ocrx_word' id='word_1_395' title='bbox 1361 2823 1664 2889; x_wconf 87' lang='lat' dir='ltr'><strong>percalluisti,</strong></span> <span class='ocrx_word' id='word_1_396' title='bbox 1700 2835 1753 2867; x_wconf 91' lang='lat' dir='ltr'><strong>ut</strong></span> <span class='ocrx_word' id='word_1_397' title='bbox 1788 2821 2021 2883; x_wconf 85' lang='lat' dir='ltr'><strong>praeclaris</strong></span> <span class='ocrx_word' id='word_1_398' title='bbox 2053 2821 2165 2865; x_wconf 90' lang='lat' dir='ltr'><strong>im-¹</strong></span> 
     </span>
     <span class='ocr_line' id='line_1_40' title="bbox 49 2883 2140 2959; baseline -0.005 -16"><span class='ocrx_word' id='word_1_399' title='bbox 49 2894 335 2959; x_wconf 84' lang='lat' dir='ltr'><strong>peratoribus</strong></span> <span class='ocrx_word' id='word_1_400' title='bbox 359 2909 464 2940; x_wconf 89' lang='lat' dir='ltr'><strong>cum</strong></span> <span class='ocrx_word' id='word_1_401' title='bbox 489 2894 544 2940; x_wconf 92' lang='lat' dir='ltr'><strong>ab</strong></span> <span class='ocrx_word' id='word_1_402' title='bbox 568 2894 664 2939; x_wconf 87' lang='lat' dir='ltr'><strong>aliis</strong></span> <span class='ocrx_word' id='word_1_403' title='bbox 686 2892 928 2950; x_wconf 80' lang='lat' dir='ltr'><strong>omnibUS,</strong></span> <span class='ocrx_word' id='word_1_404' title='bbox 950 2904 1050 2937; x_wconf 90' lang='lat' dir='ltr'><strong>tum</strong></span> <span class='ocrx_word' id='word_1_405' title='bbox 1074 2908 1097 2937; x_wconf 87' lang='lat' dir='ltr'><strong>a</strong></span> <span class='ocrx_word' id='word_1_406' title='bbox 1113 2890 1281 2945; x_wconf 77' lang='lat' dir='ltr'><strong>Ioanne</strong></span> <span class='ocrx_word' id='word_1_407' title='bbox 1294 2889 1535 2936; x_wconf 86' lang='lat' dir='ltr'><strong>Francisco</strong></span> <span class='ocrx_word' id='word_1_408' title='bbox 1549 2887 1807 2943; x_wconf 80' lang='lat' dir='ltr'><strong>Pascalico,</strong></span> <span class='ocrx_word' id='word_1_409' title='bbox 1822 2883 2140 2947; x_wconf 84' lang='lat' dir='ltr'><strong>sapientiffimo</strong></span> 
     </span>
     <span class='ocr_line' id='line_1_41' title="bbox 51 2949 2140 3025; baseline -0.006 -18"><span class='ocrx_word' id='word_1_410' title='bbox 51 2958 508 3025; x_wconf 81' lang='lat' dir='ltr'><strong>eloquentiffimoque</strong></span> <span class='ocrx_word' id='word_1_411' title='bbox 532 2955 1078 3014; x_wconf 89' lang='lat' dir='ltr'><strong>Senatore,ascribendus</strong></span> <span class='ocrx_word' id='word_1_412' title='bbox 1105 2955 1191 3000; x_wconf 82' lang='lat' dir='ltr'><strong>effe</strong></span> <span class='ocrx_word' id='word_1_413' title='bbox 1213 2954 1438 3000; x_wconf 86' lang='lat' dir='ltr'><strong>censearis.</strong></span> <span class='ocrx_word' id='word_1_414' title='bbox 1474 2950 1680 3000; x_wconf 88' lang='lat' dir='ltr'><strong>Tametfi</strong></span> <span class='ocrx_word' id='word_1_415' title='bbox 1703 2963 1853 2996; x_wconf 86' lang='lat' dir='ltr'><strong>autem</strong></span> <span class='ocrx_word' id='word_1_416' title='bbox 1882 2949 2026 3012; x_wconf 89' lang='lat' dir='ltr'><strong>probe</strong></span> <span class='ocrx_word' id='word_1_417' title='bbox 2046 2949 2140 2995; x_wconf 88' lang='lat' dir='ltr'><strong>scio</strong></span> 
     </span>
     <span class='ocr_line' id='line_1_42' title="bbox 53 3013 2142 3087; baseline -0.006 -15"><span class='ocrx_word' id='word_1_418' title='bbox 53 3035 100 3072; x_wconf 86' lang='lat' dir='ltr'><strong>te</strong></span> <span class='ocrx_word' id='word_1_419' title='bbox 112 3024 367 3087; x_wconf 74' lang='lat' dir='ltr'><strong>:majoribus</strong></span> <span class='ocrx_word' id='word_1_420' title='bbox 389 3022 598 3083; x_wconf 87' lang='lat' dir='ltr'><strong>distringi</strong></span> <span class='ocrx_word' id='word_1_421' title='bbox 624 3020 849 3083; x_wconf 90' lang='lat' dir='ltr'><strong>negotiis,</strong></span> <span class='ocrx_word' id='word_1_422' title='bbox 883 3036 1018 3083; x_wconf 90' lang='lat' dir='ltr'><strong>quam</strong></span> <span class='ocrx_word' id='word_1_423' title='bbox 1040 3033 1094 3066; x_wconf 89' lang='lat' dir='ltr'><strong>ut</strong></span> <span class='ocrx_word' id='word_1_424' title='bbox 1116 3020 1227 3066; x_wconf 89' lang='lat' dir='ltr'><strong>huic</strong></span> <span class='ocrx_word' id='word_1_425' title='bbox 1248 3020 1377 3080; x_wconf 88' lang='lat' dir='ltr'><strong>operi</strong></span> <span class='ocrx_word' id='word_1_426' title='bbox 1404 3016 1602 3082; x_wconf 88' lang='lat' dir='ltr'><strong>legendo</strong></span> <span class='ocrx_word' id='word_1_427' title='bbox 1624 3030 1784 3063; x_wconf 84' lang='lat' dir='ltr'><strong>vacare</strong></span> <span class='ocrx_word' id='word_1_428' title='bbox 1808 3013 1963 3078; x_wconf 87' lang='lat' dir='ltr'><strong>poffis,</strong></span> <span class='ocrx_word' id='word_1_429' title='bbox 1987 3028 2142 3060; x_wconf 88' lang='lat' dir='ltr'><strong>tamen</strong></span> 
     </span>
     <span class='ocr_line' id='line_1_43' title="bbox 56 3079 2141 3153; baseline -0.007 -16"><span class='ocrx_word' id='word_1_430' title='bbox 56 3088 202 3153; x_wconf 84' lang='lat' dir='ltr'><strong>fiquid</strong></span> <span class='ocrx_word' id='word_1_431' title='bbox 222 3090 309 3135; x_wconf 86' lang='lat' dir='ltr'><strong>otii</strong></span> <span class='ocrx_word' id='word_1_432' title='bbox 331 3087 417 3134; x_wconf 90' lang='lat' dir='ltr'><strong>tibi</strong></span> <span class='ocrx_word' id='word_1_433' title='bbox 440 3100 640 3148; x_wconf 91' lang='lat' dir='ltr'><strong>unquam</strong></span> <span class='ocrx_word' id='word_1_434' title='bbox 665 3085 909 3147; x_wconf 89' lang='lat' dir='ltr'><strong>supererit,</strong></span> <span class='ocrx_word' id='word_1_435' title='bbox 931 3084 1173 3148; x_wconf 89' lang='lat' dir='ltr'><strong>complura</strong></span> <span class='ocrx_word' id='word_1_436' title='bbox 1196 3084 1244 3131; x_wconf 90' lang='lat' dir='ltr'><strong>in</strong></span> <span class='ocrx_word' id='word_1_437' title='bbox 1264 3084 1345 3130; x_wconf 88' lang='lat' dir='ltr'><strong>illo</strong></span> <span class='ocrx_word' id='word_1_438' title='bbox 1369 3083 1569 3129; x_wconf 87' lang='lat' dir='ltr'><strong>invenies</strong></span> <span class='ocrx_word' id='word_1_439' title='bbox 1594 3079 1654 3126; x_wconf 86' lang='lat' dir='ltr'><strong>fic</strong></span> <span class='ocrx_word' id='word_1_440' title='bbox 1679 3079 2034 3126; x_wconf 89' lang='lat' dir='ltr'><strong>enarrationibus</strong></span> <span class='ocrx_word' id='word_1_441' title='bbox 2056 3094 2141 3125; x_wconf 91' lang='lat' dir='ltr'><strong>no-</strong></span> 
     </span>
     <span class='ocr_line' id='line_1_44' title="bbox 55 3142 2141 3213; baseline -0.006 -12"><span class='ocrx_word' id='word_1_442' title='bbox 55 3151 154 3201; x_wconf 86' lang='lat' dir='ltr'><strong>stris</strong></span> <span class='ocrx_word' id='word_1_443' title='bbox 170 3153 414 3212; x_wconf 88' lang='lat' dir='ltr'><strong>illustrata,</strong></span> <span class='ocrx_word' id='word_1_444' title='bbox 447 3165 502 3200; x_wconf 92' lang='lat' dir='ltr'><strong>ut</strong></span> <span class='ocrx_word' id='word_1_445' title='bbox 526 3149 656 3197; x_wconf 88' lang='lat' dir='ltr'><strong>facile</strong></span> <span class='ocrx_word' id='word_1_446' title='bbox 677 3149 854 3213; x_wconf 90' lang='lat' dir='ltr'><strong>percipi</strong></span> <span class='ocrx_word' id='word_1_447' title='bbox 875 3148 1074 3212; x_wconf 82' lang='lat' dir='ltr'><strong>possint,</strong></span> <span class='ocrx_word' id='word_1_448' title='bbox 1098 3164 1212 3212; x_wconf 90' lang='lat' dir='ltr'><strong>quae</strong></span> <span class='ocrx_word' id='word_1_449' title='bbox 1233 3161 1366 3194; x_wconf 90' lang='lat' dir='ltr'><strong>tuum</strong></span> <span class='ocrx_word' id='word_1_450' title='bbox 1390 3148 1593 3193; x_wconf 89' lang='lat' dir='ltr'><strong>animum</strong></span> <span class='ocrx_word' id='word_1_451' title='bbox 1617 3143 1931 3207; x_wconf 81' lang='lat' dir='ltr'><strong>maximopere</strong></span> <span class='ocrx_word' id='word_1_452' title='bbox 1951 3142 2141 3189; x_wconf 65' lang='lat' dir='ltr'><strong>delesta-</strong></span> 
     </span>
     <span class='ocr_line' id='line_1_45' title="bbox 55 3207 2149 3323; baseline -0.008 -57"><span class='ocrx_word' id='word_1_453' title='bbox 55 3217 188 3267; x_wconf 70' lang='lat' dir='ltr'><strong>buntL</strong></span> <span class='ocrx_word' id='word_1_454' title='bbox 251 3217 392 3269; x_wconf 88' lang='lat' dir='ltr'><strong>Nihil</strong></span> <span class='ocrx_word' id='word_1_455' title='bbox 410 3217 476 3265; x_wconf 92' lang='lat' dir='ltr'><strong>est</strong></span> <span class='ocrx_word' id='word_1_456' title='bbox 496 3217 618 3274; x_wconf 87' lang='lat' dir='ltr'><strong>enim</strong></span> <span class='ocrx_word' id='word_1_457' title='bbox 640 3213 767 3278; x_wconf 88' lang='lat' dir='ltr'><strong>quod</strong></span> <span class='ocrx_word' id='word_1_458' title='bbox 788 3212 843 3261; x_wconf 87' lang='lat' dir='ltr'><strong>ad</strong></span> <span class='ocrx_word' id='word_1_459' title='bbox 867 3214 932 3274; x_wconf 84' lang='lat' dir='ltr'><strong>rei</strong></span> <span class='ocrx_word' id='word_1_460' title='bbox 957 3213 1164 3261; x_wconf 86' lang='lat' dir='ltr'><strong>militaris</strong></span> <span class='ocrx_word' id='word_1_461' title='bbox 1190 3213 1401 3323; x_wconf 52' lang='lat' dir='ltr'><strong>periXam</strong></span> <span class='ocrx_word' id='word_1_462' title='bbox 1422 3210 1708 3276; x_wconf 87' lang='lat' dir='ltr'><strong>gloriamque</strong></span> <span class='ocrx_word' id='word_1_463' title='bbox 1730 3209 1981 3273; x_wconf 87' lang='lat' dir='ltr'><strong>pertineat,</strong></span> <span class='ocrx_word' id='word_1_464' title='bbox 2015 3207 2149 3316; x_wconf 56' lang='lat' dir='ltr'><strong>ctHus</strong></span> 
     </span>
    </p>

    <p class='ocr_par' dir='ltr' id='par_1_8' title="bbox 84 3284 2148 3322">
     <span class='ocr_line' id='line_1_46' title="bbox 84 3284 2148 3322; baseline -0.009 13"><span class='ocrx_word' id='word_1_465' title='bbox 84 3296 89 3301; x_wconf 85' lang='lat'><em>&#39;</em></span> <span class='ocrx_word' id='word_1_466' title='bbox 1366 3292 1392 3322; x_wconf 87' lang='lat' dir='ltr'><strong>a</strong></span> <span class='ocrx_word' id='word_1_467' title='bbox 1558 3304 1564 3310; x_wconf 86' lang='lat'><strong>·</strong></span> <span class='ocrx_word' id='word_1_468' title='bbox 2045 3287 2058 3315; x_wconf 90' lang='lat'>1</span> <span class='ocrx_word' id='word_1_469' title='bbox 2096 3284 2148 3318; x_wconf 77' lang='lat' dir='ltr'><strong>u.-</strong></span> 
     </span>
    </p>
   </div>
   <div class='ocr_carea' id='block_1_7' title="bbox 0 357 5 536">
    <p class='ocr_par' dir='ltr' id='par_1_9' title="bbox 0 357 5 536">
     <span class='ocr_line' id='line_1_47' title="bbox 0 357 5 536; baseline 0 3172"><span class='ocrx_word' id='word_1_470' title='bbox 0 357 5 536; x_wconf 95' lang='lat' dir='ltr'><strong> </strong></span> 
     </span>
    </p>
   </div>
  </div>
 </body>
</html>
