2547 3708
377 228 448 288 P.
546 217 1056 287 OV1D11
1154 220 1820 286 NASONIS

760 344 1440 467 VITA,

158 526 253 588 EX
286 517 529 586 Vetusto
569 517 784 582 codice
818 517 1101 606 Pomponii
1141 517 1345 596 Laeti,
1396 523 1567 606 cujus
1611 515 2037 608 apographum

554 606 744 672 exstat
783 611 848 671 in
886 611 1196 676 Vaticana
1230 607 1646 675 Bibliotheca.

218 787 392 830 Ovidius
412 784 531 827 Naso
551 798 586 826 a.
606 784 645 825 d.
666 797 759 826 ΧΠ.
783 784 875 826 Kal.
901 785 1031 839 April.
1053 784 1255 828 Sulmone
1282 786 1323 827 in
1342 785 1516 839 pelignis
1548 797 1665 828 natus
1696 787 1763 828 est.
1793 799 1878 839 quo
1906 799 2018 828 anno
2048 785 2158 826 bello

51 799 148 936 P
216 841 438 885 Mutinensi
463 838 502 879 Ρ.
522 837 681 878 Hirtius
702 838 741 879 dc
763 838 814 879 C.
837 838 961 880 Pansa
981 839 1093 881 Coss.
1116 840 1224 880 diem
1255 839 1403 880 obiere.
1433 840 1656 881 honoribus
1680 841 1842 882 Romae
1869 841 2048 882 fannus.
2083 837 2161 878 fuit

160 910 184 934 ο
217 895 324 937 enim
347 893 485 934 arbiter
508 891 546 932 ὅ(
567 891 777 943 triumvir,
807 892 845 933 δε
867 892 1069 944 judicium
1102 893 1204 934 inter
1237 903 1406 934 centum
1433 893 1542 933 viros
1573 894 1683 935 dixit.
1741 893 1824 934 Sub
1845 895 1979 935 Plotio
2002 893 2160 943 Grippo

53 950 180 992 literis
199 947 390 990 eruditus.
419 945 563 986 deinde
584 945 687 997 apud
709 943 964 987 Marcellum
984 947 1165 987 Fuscum
1188 946 1412 988 Rhetorem
1427 976 1437 992 ‚
1468 946 1584 998 cujus
1605 947 1764 987 auditor
1787 948 1883 997 fuit,
1915 948 2068 999 optime
2093 945 2161 984 de-

52 1001 256 1045 clamavit.
312 999 546 1041 Admirator
565 998 788 1050 plurimum
808 999 939 1040 Porcii
954 1000 1144 1041 Latronis
1166 1000 1264 1052 fuit,
1291 1013 1415 1051 quem
1434 1000 1536 1054 adeo
1559 998 1729 1041 studiose
1748 1001 1919 1049 audivit,
1948 1011 1990 1040 ut
2011 1001 2161 1039 multas
2206 1026 2207 1029 ,

56 1057 143 1110 ejus
172 1053 382 1096 sententias
405 1053 446 1094 in
465 1051 601 1092 versus
624 1051 719 1092 suos
742 1053 994 1094 transtulerit.
1053 1053 1193 1094 Bonus
1217 1054 1491 1103 declamator,
1522 1053 1558 1094 &
1581 1054 1809 1106 ingeniosus
1839 1054 1992 1094 habitus
2016 1053 2091 1102 est,
2122 1051 2161 1091 ὅ(

47 1106 400 1159 carmine&prosa
419 1105 585 1146 licenter
606 1105 934 1160 scripsit,ingenii
955 1107 1013 1147 sui
1034 1108 1136 1148 adeo
1151 1116 1307 1148 amator
1321 1116 1388 1156 ,ut
1412 1119 1457 1146 ex
1479 1107 1548 1158 iis,
1562 1120 1665 1159 quae
1686 1107 1781 1148 dixit
1795 1107 1941 1159 ,etiam
1965 1105 2162 1158 precanti·

49 1165 121 1206 bus
144 1161 282 1204 amicis
306 1159 403 1200 nihil
424 1158 648 1200 mutaverit.
707 1158 754 1198 Iu
776 1160 1020 1201 carminibus
1043 1161 1139 1201 vitia
1168 1162 1237 1202 sua
1264 1172 1351 1201 non
1383 1161 1583 1213 ignoravit
1603 1192 1614 1212 ‚
1643 1161 1710 1201 sed
1739 1161 1901 1201 amavit.
1962 1158 2161 1201 Militavit

47 1217 118 1259 sub
140 1215 204 1258 Μ.
227 1213 425 1254 Varrone.
462 1212 573 1261 Julio
598 1210 803 1252 Graecino
833 1211 1119 1254 Grammatico
1147 1214 1366 1255 familiaris.
1424 1212 1618 1254 Tandem
1647 1227 1745 1254 cum
1775 1213 1938 1254 venisset
1969 1214 2009 1254 in
2039 1211 2161 1263 suspi—

48 1270 212 1311 cionem
234 1265 428 1320 Augusti,
463 1265 636 1305 creditus
659 1264 731 1306 sub
750 1266 917 1307 nomine
940 1266 1148 1307 Corinnae
1170 1267 1317 1307 amasse
1340 1267 1515 1319 Juliam,
1540 1268 1580 1308 in
1611 1267 1780 1309 exilium
1808 1267 1947 1308 missus
1971 1266 2035 1307 est.
2066 1277 2162 1305 exu-

47 1322 144 1364 lavit
162 1318 331 1362 Tomis.
364 1318 498 1371 ibique
520 1317 681 1359 deceffit
710 1331 866 1361 anuum
892 1332 1015 1375 agens
1045 1333 1097 1362 Lx
1127 1320 1427 1367 novissimum„

487 1421 766 1501 ALIA*
843 1453 1355 1503 NASONIS
1442 1454 1716 1505 VITA

808 1568 885 1616 Ex
907 1569 1088 1617 Codice
1111 1571 1152 1617 F
1152 1571 1402 1620 arnefiano.

183 1697 354 1740 Ovidius
373 1695 488 1739 Naso
511 1694 683 1751 Pelignis
704 1705 821 1738 natus
851 1710 902 1738 eo
933 1712 1067 1751 ann0,
1091 1711 1176 1751 quo
1207 1698 1365 1740 Hirtius
1398 1699 1436 1740 ὅ(
1457 1699 1585 1741 Pansa
1600 1697 1713 1740 Coss.
1736 1699 1779 1739 in
1800 1695 2024 1739 Mutinensi
2055 1698 2165 1739 bello

53 1704 152 1802 Ρ.
185 1752 384 1805 perierunt
415 1751 555 1802 simul,
586 1763 671 1802 quo
693 1751 827 1802 coepit
849 1753 1134 1794 triumviratus.
1165 1752 1332 1794 fratrem
1363 1754 1496 1794 habuit
1525 1753 1694 1794 nomine
1717 1751 1896 1794 Lucium
1920 1762 2013 1793 natu
2035 1752 2167 1804 majo-

56 1817 144 1845 rem
159 1836 170 1855 ,
195 1804 436 1846 defunetum
458 1813 595 1844 tamen
615 1804 656 1844 in
676 1804 854 1845 minimis
877 1806 1004 1846 annis.
1061 1805 1223 1847 Romae
1240 1807 1309 1848 sub
1331 1807 1468 1847 Plotio
1488 1807 1644 1859 Grippo
1665 1806 1786 1846 literis
1810 1817 1975 1856 operam
1996 1805 2116 1845 dedit.
2146 1804 2168 1844 a

0 1866 4 1870 '
59 1857 260 1899 Cornelio
284 1857 412 1898 Gallo
432 1856 624 1898 ditissimo
643 1857 682 1898 ἃ
699 1857 931 1899 ἀοξὶῐΗῑιῃο
952 1860 1060 1911 cive,
1088 1860 1125 1900 ὅτ
1151 1860 1171 1900 a
1196 1859 1263 1901 M.
1291 1859 1476 1901 Varrone
1496 1863 1628 1901 multa
1648 1860 1766 1911 cepit.
1824 1857 2168 1900 Familiatiffimus

61 1910 135 1950 fuit
158 1911 253 1960 Julii
273 1911 424 1964 Hygini
445 1911 733 1952 Grammatici.
791 1910 968 1954 Paternis
990 1912 1157 1954 stimulis
1179 1913 1274 1954 foro
1295 1914 1543 1965 aliquamdiu
1574 1913 1769 1954 incubuit.
1801 1911 1909 1951 unde
1930 1914 2171 1963 plerumque

58 1963 260 2016 judicium
281 1963 421 2003 dixerit
443 1964 546 2003 iuter
571 1973 740 2004 centum
757 1964 880 2005 viros.
910 1966 996 2017 post
1018 1966 1189 2017 parentis
1209 1976 1388 2006 mortem
1409 1966 1458 2006 ad
1480 1967 1669 2018 po'e'ticen
1689 1966 1838 2016 integer
1859 1963 2171 2015 rediit,scripsit³

59 2029 139 2067 que
162 2017 284 2056 libros
304 2015 408 2056 duos
430 2015 665 2056 Heroi'dum
685 2015 969 2068 Epistolarum.
998 2017 1092 2058 inde
1115 2031 1213 2059 cum
1233 2019 1299 2061 M.
1323 2019 1513 2059 Varrone
1530 2020 1670 2059 Asiam
1691 2018 1814 2070 petiit.
1855 2016 1927 2056 sub
1954 2029 2038 2067 quo
2064 2017 2171 2056 mili·

56 2068 169 2110 tavit.
198 2081 330 2120 neque
351 2069 457 2120 prius
479 2070 558 2109 huc
577 2069 618 2109 se
639 2069 838 2120 contulit,
867 2083 990 2122 quam
1007 2071 1260 2123 peritiffimus
1285 2073 1491 2113 literarum
1506 2070 1761 2112 Graecarum
1781 2070 1898 2110 foret.
1927 2069 2088 2122 Scripsit
2109 2070 2170 2109 in—

57 2122 111 2163 de
132 2122 312 2174 epistolas
336 2122 528 2172 quasdam
548 2122 597 2162 ad
615 2121 770 2162 Tiberii
791 2123 919 2163 filiam
947 2124 1018 2164 sub
1037 2124 1142 2164 falso
1166 2125 1358 2172 nomine,
1385 2138 1432 2165 ac
1458 2124 1557 2165 fleto
1579 2124 1787 2164 Corinnae
1814 2122 2039 2176 inscriptas,
2067 2134 2169 2175 quac

57 2185 216 2229 propter
235 2175 392 2216 crimen
411 2175 540 2216 laesae
556 2174 771 2226 majestatis
795 2177 1027 2218 combustae
1044 2177 1220 2218 fuerunt.
1251 2178 1343 2218 inde
1364 2178 1401 2218 ἃ
1423 2177 1588 2218 exilium
1612 2175 1770 2217 meruit.

677 2309 731 2356 P.
799 2309 1195 2358 OVIDII
1274 2309 1542 2358 VITA

518 2425 608 2473 Per
630 2425 817 2473 Paulum
838 2425 1069 2488 Marsum,
1102 2423 1381 2474 Piscinatem
1400 2427 1597 2475 Poetam
1622 2424 1701 2474 Cl.

64 2554 132 2651 P
195 2551 367 2594 Ovidius
387 2550 527 2602 Naso,
555 2552 769 2607 Pelignus,
793 2553 996 2595 Sulmone
1016 2566 1063 2595 ex
1085 2554 1255 2606 equestri
1276 2562 1391 2595 natus
1413 2556 1465 2596 est
1487 2554 1652 2605 ordine,
1670 2567 1721 2596 eo
1740 2563 1946 2607 tempore,
1976 2564 2061 2604 quo
2073 2552 2168 2595 Hir-

143 2629 163 2650 ·
192 2605 268 2646 tius
292 2606 330 2647 δι
355 2605 479 2648 Pansa
500 2606 614 2651 Coss.
635 2607 862 2649 Mutinensi
895 2609 1004 2648 bello
1036 2609 1204 2660 periere,
1239 2608 1417 2649 secundo
1441 2610 1796 2660 quinquatriorum
1817 2608 1903 2659 die,
1933 2606 2049 2648 Xffl.
2073 2607 2164 2647 Cal.

70 2654 243 2705 Apriles.
282 2658 364 2700 Sub
385 2659 519 2700 Plotio
539 2661 697 2714 Grippo
722 2662 844 2702 literis
867 2674 1031 2714 operam
1050 2661 1181 2714 dedit,
1213 2660 1367 2703 Marco
1390 2662 1567 2703 Varroni
1590 2663 1627 2703 ὅτ
1648 2662 1778 2703 Corn.
1800 2662 1926 2704 Gallo
1949 2657 2167 2711 acceptiffi-

72 2717 183 2776 mus3
203 2710 423 2772 stimulante
445 2723 552 2765 patre
571 2714 666 2756 foro
690 2714 922 2768 aliquandiu
952 2716 1146 2756 incubuit.
1202 2714 1313 2756 Reos
1341 2717 1566 2767 plerunque
1593 2715 1795 2766 defendit,
1826 2715 1864 2754 ἃ
1881 2712 2086 2765 judicium
2105 2712 2167 2753 in-

68 2767 129 2799 ter
147 2761 203 2804 C.
222 2774 328 2804 verS
348 2766 456 2806 dixit.
495 2766 753 2810 Declamavit
771 2769 1086 2819 accuratissime,
1115 2769 1222 2809 unde
1243 2769 1281 2809 δε
1302 2769 1450 2809 merito
1472 2769 1574 2810 inter
1597 2770 1892 2810 declamatores
1923 2778 2019 2807 eum
2041 2765 2168 2807 Sene-

69 2824 118 2852 ca
140 2826 451 2878 commemorat.
503 2818 715 2864 Defuneto
737 2834 867 2876 patre,
897 2823 947 2864 ad
969 2823 1156 2875 po'e'ticen
1177 2822 1304 2863 rediit.
1361 2821 1558 2865 Militavit
1589 2823 1659 2863 sub
1681 2821 1748 2863 M.
1777 2820 1984 2872 Varrone,
2012 2819 2051 2860 δε
2070 2829 2168 2861 cum

67 2877 120 2905 eo
143 2868 282 2929 Asiam
300 2879 447 2920 petivit.
476 2883 549 2932 nec
567 2875 672 2924 prius
693 2877 735 2917 in
754 2877 895 2918 urbem
919 2876 1098 2917 reversus
1113 2907 1125 2928 ,
1154 2888 1278 2929 quam
1302 2874 1512 2917 Graecum
1530 2876 1763 2917 sermonem
1783 2873 2002 2916 imbibisset.
2043 2871 2170 2914 Uxo-
2190 2873 2199 2879 ‘

68 2930 129 2959 res
150 2921 256 2961 brevi
281 2924 375 2962 duas
402 2923 555 2984 habuit:
579 2929 691 2969 tertia
708 2941 843 2971 tamen
866 2931 1015 2971 diutius
1036 2930 1175 2970 secum
1195 2930 1423 2982 manfit,ex
1446 2942 1525 2981 qua
1537 2928 1728 2970 Perillam
1750 2929 1877 2970 filiam
1899 2926 2050 2982 genuit.
2080 2925 2167 2970 De-

69 2983 185 3033 mum
208 2975 256 3015 ab
276 2975 460 3038 Augusto
480 2988 521 3037 [τι
541 2977 703 3021 exilium
721 2984 855 3024 missus
877 2985 953 3036 est,
982 2996 1094 3024 anno
1115 2984 1251 3024 aetatis
1275 2984 1367 3025 suae
1397 2984 1742 3038 quinquagesimo.
1800 2981 2071 3032 Exulavitque
2099 2992 2169 3020 an·

74 3037 135 3065 ms
159 3040 323 3094 noyxem.
354 3038 466 3090 periit
489 3042 597 3092 inea
617 3031 864 3087 infelicitate,
892 3050 1001 3079 anno
1022 3036 1176 3078 Tiberii
1202 3035 1253 3077 V.
1284 3036 1363 3078 Sed
1384 3037 1502 3089 hujus
1522 3037 1628 3078 exilii
1650 3036 1768 3078 causa
1787 3036 1893 3076 varia
1910 3033 2090 3076 refertur.
2119 3033 2168 3072 de

69 3090 156 3143 qua
175 3083 272 3145 alias
294 3084 377 3144 late
392 3082 665 3144 disserturum,
691 3087 917 3132 refellentes
945 3091 1070 3132 varias
1093 3091 1130 3131 ὅτ
1150 3103 1294 3132 eorum
1326 3091 1504 3142 inprimis
1533 3090 1769 3142 opiniones,
1797 3090 1864 3142 qui
1892 3101 1988 3130 eum
2010 3085 2167 3145 Sidonii

73 3133 301 3197 testimonio
326 3135 488 3177 Liviam
509 3136 576 3177 seu
598 3138 693 3187 Julii
721 3139 907 3194 Augusti,
933 3155 1001 3186 aut
1021 3143 1173 3185 Tiberii
1195 3145 1324 3186 filiam
1353 3143 1497 3184 amasse
1525 3143 1725 3194 referunt,
1755 3142 1792 3184 ὅ(
1814 3155 1860 3183 ea
1887 3141 2004 3183 causa
2024 3140 2065 3180 in
2085 3150 2168 3199 εἶπ’·

75 3187 175 3229 hum
194 3189 379 3244 mistum,
408 3202 577 3244 eamque
598 3193 669 3234 sub
687 3192 892 3237 Corinnae
917 3197 1087 3241 nomine
1108 3199 1374 3293 celebratagi:
1404 3195 1518 3249 quod
1545 3196 1666 3241 facile
1693 3195 1822 3246 refelli
1853 3194 2003 3249 potest,
2030 3193 2056 3233 fi
2077 3192 2167 3230 d111-

1367 3263 1390 3292 2,
2070 3255 2166 3298 gen-
