2547 3708
653 128 1584 189 'PRAEFATIONES
2087 162 2187 219 zu

82 227 195 286 're'in
223 228 395 278 occulto:
431 225 487 283 δέ’
517 230 735 292 ignaviam
755 228 882 292 suam
904 232 1116 289 parietum
1150 246 1200 276 ac
1231 234 1492 282 tenebrarum
1516 233 1702 295 custodiis
1727 242 1871 298 tegere.
1939 238 2166 290 E3usm0d

79 305 279 350 trecenta
311 311 553 342 memorari
579 294 794 358 poffunt,
827 310 942 356 quae
967 294 1000 340 si
1023 298 1072 340 in
1096 294 1190 341 aliis
1214 299 1395 344 dicendi
1420 313 1613 346 virtutes
1635 299 1889 360 habentur,
1924 319 2005 348 cur
2031 309 2077 352 in
2102 310 2174 354 Ο-

76 366 202 426 vidio
232 363 344 409 vitia
377 359 698 421 existimentur
722 359 836 405 nihil
858 359 1029 405 cauffae
1055 358 1219 418 video,
1256 361 1336 409 nisi
1364 365 1410 409 in
1433 381 1488 411 eo
1514 365 1733 411 Senecam
1755 362 1945 411 voluiss‘e
1970 373 2175 418 caninam

74 437 285 476 exercere
314 424 572 472 facundiam
588 447 603 481 3
642 427 689 471 ὃ(
714 425 854 472 severi
882 423 1077 471 censoris
1111 440 1259 487 partes
1291 444 1451 491 agere,
1485 429 1608 493 quasi
1641 430 1757 475 nihil
1781 446 1984 494 unquam
2011 435 2054 478 in
2082 438 2174 482 vita

71 506 148 540 aut
171 491 348 553 scriptis
371 491 630 553 deliquerit.
699 489 845 549 Quod
870 489 970 536 sane
990 489 1104 535 m1hi
1128 491 1318 539 verbum
1347 494 1539 540 Catonis
1568 495 1615 539 in
1641 509 1841 541 mentem
1865 511 2052 544 revocat
2070 533 2084 557 ,
2109 504 2177 560 qui

71 560 220 608 mirari
225 556 275 617 se
297 557 433 617 ajebat
447 589 463 615 ,
477 572 548 602 cur
568 573 647 602 uon
672 555 863 617 Aruspex
883 557 1034 601 rideret
1048 588 1062 613 ‚
1075 570 1164 601 cum
1180 558 1419 620 Arusp'cem
1440 559 1658 623 aspiceret:
1697 561 1766 606 lta
1788 561 2007 608 Senecam
2032 566 2177 611 miror

69 621 255 673 tenuisse
286 622 422 679 risum
450 622 632 684 quoties
655 620 795 666 libros
819 619 919 665 suos
941 620 1141 682 legeret,
1179 622 1258 667 ubi
1286 638 1580 671 commendat
1606 639 1920 689 paupertatem
1945 627 2172 675 fenerato-

67 704 168 736 rum
193 689 401 733 omnium
427 683 831 747 locupletiffimuS,
870 684 918 730 &
943 686 1093 730 laudat
1117 686 1404 734 clementiam
1438 704 1711 752 praeceptor
1742 692 1959 738 Neronis.
2011 693 2172 740 Nero-

62 769 164 803 nem
190 754 247 798 de
272 751 489 799 industria
511 751 774 808 nominavi,
808 763 861 795 ut
884 765 939 795 ex
966 766 1088 808 ovo,
1111 753 1252 813 qualis
1276 768 1443 800 corvus
1465 754 1631 814 fuerit,
1659 754 1916 803 aestimetis.
1963 757 2027 804 Et
2053 774 2170 821 quo-

63 817 206 867 modo
235 817 388 863 fuisset
408 831 576 878 aequus
602 817 773 861 Seneca
799 813 1008 873 ovidio,
1042 816 1120 877 qui
1148 819 1440 877 Maecenati,
1477 821 1717 865 communi
1743 822 1984 882 poetarum
2010 838 2170 885 paren-

63 887 131 944 ti,
167 895 400 946 quotquot
432 896 568 927 aureo
607 880 688 925 illo
721 879 872 924 exorti
903 877 1007 925 sunt
1037 879 1237 943 Augusti
1264 883 1469 943 saeculo,
1504 896 1597 930 tam
1625 883 1820 931 infensus
1845 885 1960 946 fuit,
1996 901 2049 932 ut
2075 891 2171 951 ejus

61 963 238 1008 mores,
275 946 416 1004 faeta,
440 944 588 1002 dicta,
624 944 760 990 verba
782 943 980 1006 denique
1003 943 1179 1008 fingula
1206 944 1265 991 fic
1292 949 1532 1010 carpit,ut
1558 948 1764 995 videatur
1788 952 1833 996 in
1854 966 1910 996 eo
1938 952 2168 1000 mustaceo

0 1015 8 1027 “
58 1015 304 1064 laureolam
343 1025 579 1074 quaerere:
619 1009 664 1055 ὅ(
691 1010 738 1055 in
773 1010 954 1066 virum,
994 1010 1096 1072 post
1129 1010 1338 1058 homines
1363 1027 1493 1059 natos
1519 1016 1781 1076 optimum,
1816 1015 2169 1065 beneficentissi-

59 1094 311 1141 mumque,
347 1076 603 1139 malignum
640 1074 888 1137 petulantis
922 1075 1103 1137 linguae
1142 1076 1263 1122 virus
1299 1075 1518 1124 effundat.
1590 1079 1680 1124 Ista
1706 1079 1921 1127 videlicet
1944 1083 2077 1128 mella
2103 1082 2166 1129 le·

0 1177 2 1186 i
56 1146 177 1210 gerit
202 1140 432 1207 quondam
454 1143 551 1186 exul
573 1143 682 1185 inter
707 1141 860 1200 Corstci
882 1153 1000 1200 rupes
1024 1143 1167 1186 maris.
1237 1141 1284 1187 Si
1312 1142 1421 1188 haec
1445 1143 1490 1189 in
1513 1146 1733 1189 Senecam
1762 1145 1993 1204 acerbius,
2031 1148 2165 1209 igno-

0 1226 2 1231 *
55 1213 196 1266 scite,
219 1223 274 1253 eo
300 1223 372 1254 me
398 1205 645 1270 provexit,
680 1220 774 1250 non
798 1203 956 1250 odium
984 1205 1213 1262 Senecae,
1248 1205 1320 1251 sed
1346 1208 1628 1253 Maecenatis
1651 1224 1803 1256 amor:
1842 1209 1887 1255 &
1912 1212 2003 1256 Hoc
2015 1215 2059 1272 st
2084 1215 2164 1258 cri·

54 1291 145 1323 men
177 1276 282 1331 erit,
317 1285 368 1318 ut
403 1272 464 1316 ait
490 1271 789 1332 PropertiuS,
823 1272 974 1316 crimen
1007 1273 1162 1316 amoris
1191 1273 1282 1316 erit.
1356 1272 1524 1319 Nolim
1548 1273 1629 1318 illo
1653 1272 1788 1335 paeto
1814 1275 1985 1320 violare
2005 1275 2164 1323 sancti-

2 1377 5 1382 ,
52 1351 194 1388 tatem
234 1336 466 1382 manium:
505 1350 664 1381 verum
702 1352 797 1381 non
831 1347 925 1381 tam
958 1334 1024 1380 est
1056 1336 1313 1382 immanitas
1340 1354 1349 1373 'a
1370 1337 1507 1384 iolare
1531 1353 1712 1396 manes,
1748 1354 1881 1401 quam
1907 1340 2162 1388 humanitas

50 1404 246 1456 violatos
280 1416 434 1448 manes
459 1398 632 1446 ulcisci.
702 1399 958 1448 S·1tisfaciat
983 1399 1161 1447 Ovidio
1185 1402 1229 1446 δί
1257 1402 1544 1461 Maecenati,
1579 1418 1668 1466 ego
1687 1418 1793 1448 curn
1820 1404 1894 1450 illa
1917 1404 2093 1450 rediero
2118 1407 2163 1452 in

49 1470 258 1538 gratiam.
326 1465 486 1515 Sentio
522 1465 571 1511 &
603 1463 773 1528 loquor
808 1479 858 1512 ut
883 1464 1120 1513 Plautinus
1140 1467 1320 1513 Tranio
1351 1469 1395 1514 in
1422 1470 1718 1515 Mercatore:
1755 1467 1977 1530 Mhipax
1999 1470 2052 1531 est
2073 1487 2162 1518 cum

50 1538 233 1586 mortuis.

65 1600 75 1605 ’
242 1599 346 1659 Offiz
374 1600 540 1658 quieta,
568 1608 711 1655 precor
728 1630 740 1654 ‚
775 1606 870 1642 tuta
892 1596 1123 1659 requiescite
1142 1600 1186 1644 in
1207 1614 1341 1658 urna,

307 1664 371 1709 Et
380 1665 443 1725 fit
464 1662 610 1707 humus
629 1664 753 1708 cineri
773 1678 850 1709 non
873 1661 1035 1724 onerosa
1045 1661 1139 1724 fito.

32 1845 1168 1927 *TESTIMONIA
1267 1846 1437 1919 ET
1523 1845 2156 1954 Juo1c1a

1016 1977 1146 2026 DE

540 2073 1652 2138 OVIDIO.

635 2183 850 2232 Vossius
872 2183 921 2229 de
941 2182 1089 2228 Portis
1109 2182 1281 2229 Latinis
1307 2180 1424 2244 Cap.
1457 2196 1472 2227 1
1488 2195 1504 2227 1
1518 2217 1528 2227 .

230 2325 235 2327 f
338 2301 514 2367 Lymp.
553 2318 714 2349 cxcix.
750 2317 871 2348 anno
905 2315 945 2347 1.
980 2299 1181 2347 Ovidius
1202 2301 1350 2347 Po'e'ta
1385 2301 1434 2346 in
1458 2299 1600 2346 exilio
1624 2296 1745 2344 diem
1768 2296 1914 2354 obiit,
1948 2296 2149 2361 &juxta

358 2369 585 2432 oppidum
613 2371 799 2415 Tomos
820 2365 1052 2431 sepelitur.
2184 2418 2191 2424 .

429 2437 557 2481 lnter
592 2447 770 2479 caetera
805 2435 929 2494 ejus,
966 2446 1080 2493 quae
1115 2428 1281 2478 referre
1308 2430 1423 2478 nihil
1448 2431 1645 2488 attinet,
1680 2445 1787 2475 cum
1812 2429 2023 2474 omnium
2052 2443 2146 2473 ma-

361 2498 494 2546 nibus
519 2497 749 2556 versetur,
781 2496 888 2544 sunt
910 2496 1145 2559 Epistolae
1168 2496 1432 2542 Hero'i'dum
1447 2529 1463 2554 ,
1496 2494 1567 2540 sed
1589 2511 1682 2541 non
1705 2508 1862 2540 omnes
1884 2492 1985 2538 sunt
2012 2494 2145 2538 unius

353 2565 600 2627 scriptoris.
638 2564 729 2626 ipse
752 2562 833 2610 lib.
864 2576 936 2608 11.
972 2564 1200 2607 Amorum
1225 2562 1338 2625 eleg.
1368 2576 1453 2606 xvt
1474 2575 1484 2604 ι
1504 2575 1542 2606 1.
1580 2573 1630 2606 ut
1653 2559 1745 2606 suas
1769 2556 2006 2623 agnoscit,
2023 2558 2144 2604 illam

31 2627 285 2694 Penelopes
316 2631 371 2677 ad
410 2630 628 2689 Ulixem,
673 2626 898 2691 Phyllidis
941 2625 995 2674 ad
1028 2627 1476 2690 Demophoontem,
1522 2624 1722 2671 Canaces
1757 2627 1810 2670 ad
1844 2625 2143 2681 Macareum,

31 2693 315 2757 Hypsipyles
339 2694 642 2756 adJasonem,
679 2695 899 2741 Ariadnes
920 2692 975 2738 ad
996 2690 1260 2752 Theseum,
1292 2691 1519 2738 Phaedrae
1544 2692 1597 2736 ad
1623 2690 1968 2753 Hippolytum,
1997 2687 2145 2732 Didus

30 2758 87 2805 ad
115 2760 342 2819 Aeneam,
376 2763 487 2807 item
515 2760 728 2823 Sapphus
750 2760 802 2805 ad
828 2759 1079 2805 Phaonem.
1149 2758 1237 2804 Sed
1255 2757 1443 2818 Josephi
1470 2755 1691 2818 Scaligeri
1709 2754 1889 2818 judicio
1915 2764 2141 2814 praeterea

32 2825 131 2888 ejus
158 2823 372 2870 videntur
394 2825 511 2872 istae.
579 2824 790 2871 Briseidis
813 2824 870 2870 ad
896 2823 1128 2870 Achillem
1144 2856 1159 2881 ‚
1195 2826 1414 2869 Oenones
1438 2820 1492 2866 ad
1516 2821 1720 2866 Paridem
1739 2852 1753 2877 ,
1794 2818 2068 2863 Hermiones
2085 2815 2141 2862 ad

31 2889 273 2949 Orestem,
314 2891 553 2952 Dejanirae
576 2890 632 2935 ad
655 2889 939 2948 Herculem,
975 2888 1176 2935 Canaces
1199 2887 1252 2934 ad
1285 2888 1580 2943 Macareum,
1604 2883 1798 2930 Medeae
1821 2884 1876 2928 ad
1897 2881 1951 2942 Ja
1972 2897 2108 2926 onem
2123 2914 2139 2939 ,

33 2951 312 3001 Laodamiae
352 2954 405 3001 ad
430 2953 761 3014 Protesilaum,
797 2953 1189 3017 Hypermnestrae
1220 2951 1274 2999 ad
1300 2953 1473 2998 Linum
1502 2950 1592 2997 five
1616 2950 1888 3012 Lynceum,
1923 2961 2036 3008 quae
2059 2961 2138 2991 au-

30 3028 122 3065 tem
146 3019 298 3067 Sabini
327 3021 482 3084 potius
519 3019 758 3065 videantur
783 3018 968 3066 inferius
1007 3019 1203 3064 dicetur.
1271 3017 1425 3063 Etiam
1453 3014 1653 3064 Ovidius
1688 3013 1916 3061 transtulit
1943 3012 2136 3067 Aratea,

31 3087 151 3131 unde
171 3084 293 3140 duos,
313 3085 461 3132 versus
484 3083 664 3145 Probus>
687 3083 875 3131 adducit
908 3086 955 3131 in
984 3084 1164 3148 Georg.

98 3151 255 3197 Multa
286 3150 460 3214 scripsit
486 3148 686 3198 Ovidius
717 3166 831 3214 quae
864 3149 1184 3214 deperierunt,
1221 3162 1271 3196 ut
1298 3151 1400 3195 sunt
1425 3164 1488 3192 vi.
1522 3145 1760 3192 Fastorum
1792 3141 1894 3188 libri
1909 3139 2134 3205 posterio-

31 3213 132 3275 ζεῦ,
172 3215 467 3269 laudatiffima
499 3216 765 3282 Tragoedia
797 3214 967 3264 Medea
991 3249 1008 3276 ,
1050 3216 1421 3324 ΡὴειιτῐιοηιεηειἰΙἸ
1435 3212 1690 3324 fvaticinia,
1724 3208 1874 3258 laudes
1902 3202 2134 3314 Augpigie,
