2547 3708
365 121 455 226 172¹
882 152 1942 211 DEDICATI'ONESzr

489 257 674 305 Artibus
692 259 864 304 exitium
877 290 892 317 ,
917 256 1172 317 studiisque,
1204 256 1383 301 immane
1396 254 1584 315 parabas
1597 286 1612 314 ,

559 325 623 372 Et
633 323 806 385 famula
827 324 966 369 doctas
990 322 1101 380 Urbe
1112 319 1267 382 fugare
1286 320 1421 366 Deas.

490 389 651 437 Scilicet
674 389 772 434 baec
793 390 858 433 lex
880 387 934 448 est
954 389 1144 432 violentis
1166 401 1250 431 una
1271 382 1499 446 Yjarannis‚

555 455 712 516 Ingenii
733 455 862 498 claros
885 453 1022 498 tollere
1042 452 1131 497 dote
1150 452 1278 496 viros.

492 519 561 567 Sic
583 517 765 579 animosa
790 519 954 563 Parens
968 550 983 574 ,
1018 527 1057 561 te
1071 514 1371 577 proscribente,
1392 515 1534 578 fi’curi

560 581 717 628 Dillius
741 585 888 643 eloquii
908 583 1007 627 colla
1017 580 1198 643 st’canda
1223 581 1350 626 dedit.

493 648 657 708 Perque
675 650 769 706 pias
791 649 987 692 lacrimas
1007 648 1196 691 rorantia
1206 645 1409 707 stanguine
1430 644 1547 690 vidit

557 713 606 758 In
632 710 770 766 rosiris
787 712 957 771 populus
984 710 1168 773 Consulis
1193 727 1266 755 ora
1276 711 1363 772 sui.
1466 721 1469 724 '

490 777 566 822 Ne
575 776 718 836 foret,
754 776 935 836 oppreffis
955 792 1057 838 quae
1081 777 1288 822 libertatis
1310 790 1490 821 amorem

553 841 788 898 Redderet‚
821 852 898 887 aut
921 843 1084 899 odiunt,
1117 842 1256 902 lingua
1276 839 1458 901 dtss’rta,
1479 840 1589 902 jugi.

495 905 642 952 Secula
665 908 765 968 quid
769 908 943 967 jactant
965 907 1075 952 nobis
1087 904 1257 968 felicia:
1295 907 1400 951 culto

560 971 678 1033 Quis
699 971 825 1017 honor
844 973 996 1032 eloquio
1009 1003 1024 1029 ,
1057 981 1097 1016 te
1121 972 1380 1029 dominante,
1404 967 1534 1030 fuit?

494 1035 691 1096 Principe
712 1047 780 1094 te,
813 1039 924 1082 vocis
947 1035 1160 1082 Facundia
1178 1035 1365 1095 perdidit
1389 1033 1534 1095 ufitm,

555 1102 826 1164 Linguaque,
862 1116 985 1163 quam
998 1100 1157 1161 stupuit
1181 1101 1338 1157 Curia,
1372 1108 1489 1144 muta
1505 1097 1615 1159 fuit.

491 1167 589 1214 Nec
598 1166 796 1229 jugulare
821 1175 942 1227 caput
970 1167 1085 1210 vocis
1108 1175 1284 1211 contente
1293 1166 1484 1226 solutae,

533 1234 719 1277 ‘Aonias
744 1233 872 1277 Latio
889 1232 1008 1290 pellis
1030 1231 1081 1275 ab
1104 1231 1196 1275 orbe
1223 1229 1352 1290 Deas.

490 1296 695 1360 ,Quaeque
719 1298 1002 1359 Agannippeos
1024 1294 1239 1341 mutarunt
1264 1290 1469 1353 Thybride
1478 1291 1618 1354 fontes
1630 1324 1646 1348 ,

555 1362 778 1420 Barbare,
813 1360 1022 1421 Bistonias
1045 1362 1149 1422 cogis
1171 1360 1288 1406 adire
1309 1362 1440 1405 nives.

493 1424 669 1487 Caesttre
688 1436 754 1484 te,
787 1428 938 1484 Naso,
974 1427 1189 1471 Romanae
1206 1426 1342 1486 gloria
1367 1422 1532 1486 mustze‚

557 1491 666 1551 Jam
690 1491 810 1552 cliscit
835 1490 1017 1550 Scythice
1040 1492 1352 1551 Sarmaticeque
1374 1491 1498 1550 loqui.

489 1555 693 1621 ⁸Quaeque
710 1559 824 1615 prius
840 1566 1000 1618 gentem
1023 1557 1240 1616 rapiebant
1262 1556 1374 1600 culta
1399 1563 1590 1615 togatam

558 1622 762 1666 Carmina
775 1655 790 1680 ,
824 1631 999 1666 naturae
1018 1620 1275 1666 luxuriantis
1297 1633 1384 1679 opes
1396 1654 1411 1679 ‚

491 1685 719 1742 Devovet,
754 1686 808 1738 &³
824 1718 839 1744 ,
866 1697 1037 1746 patriae
1051 1687 1221 1746 perdens
1242 1687 1478 1731 commercia
1499 1685 1610 1730 vocis
1629 1716 1645 1741 ,

556 1751 779 1798 Braccatis
804 1754 952 1798 recitat
964 1751 1208 1813 stemilatina
1232 1751 1363 1812 Getis.

493 1816 667 1862 Ferreus
687 1817 890 1878 ingenium
900 1815 1068 1878 fregisti
1086 1817 1241 1873 nobile,
1277 1831 1353 1877 quo
1379 1830 1459 1861 non

559 1881 724 1926 Cultius
749 1884 794 1926 in
819 1883 943 1927 Latio
960 1880 1321 1942 fertiliusvefuit.

492 1945 590 1991 Nec
601 1946 727 2006 pudet
748 1946 853 1992 hanc
871 1945 982 2006 tristi
1001 1946 1183 2005 cauffam
1195 1945 1463 2005 praetendere
1477 1957 1629 2005 poenae
1642 1977 1659 2002 ,

554 2012 758 2057 Carmina
777 2012 885 2072 quod
902 2013 1050 2057 teneris
1070 2010 1212 2073 luserit
1236 2020 1332 2056 ante
1353 2008 1514 2056 modis?

493 2075 610 2133 Cur,
644 2077 725 2121 tibi
744 2079 815 2137 qui
836 2077 954 2122 toties
975 2078 1115 2122 vitam
1139 2074 1341 2136 moresque
1357 2076 1583 2134 probavit,

559 2140 822 2200 Projicitur,
857 2142 966 2187 nullo
988 2143 1155 2186 crimine
1180 2150 1298 2186 notus
1321 2138 1495 2200 Eques?

493 2204 657 2264 Curqae
671 2237 688 2262 ,
719 2204 828 2250 nihil
853 2206 999 2261 juveni
1022 2221 1123 2266 quae
1151 2207 1336 2250 carmina
1359 2207 1472 2249 laeta
1496 2202 1688 2249 nocebant
1706 2235 1723 2260 ,
2532 2235 2534 2261 s

555 2269 750 2314 Exilium
771 2268 912 2330 mistro
936 2270 1051 2331 triste
1072 2270 1214 2316 dedere
1224 2266 1345 2330 fini?

495 2334 586 2379 Cur
606 2335 695 2395 agis
715 2333 990 2395 insanitum,
1024 2335 1177 2380 veteris
1185 2332 1268 2395 fieb
1289 2334 1467 2393 imagine
1488 2332 1657 2390 culpae,

559 2399 753 2444 Terribili
764 2396 928 2459 fulmen
936 2399 1096 2460 saevus
1120 2400 1173 2443 ab
1194 2413 1288 2443 arce
1310 2407 1462 2456 caput3

492 2462 590 2510 Nec
607 2462 733 2519 scelus
757 2463 974 2522 objicitur,
1007 2479 1074 2507 nec
1095 2464 1161 2507 ‘lex
1186 2471 1419 2516 temerata3
1445 2459 1525 2522 sed
1544 2473 1688 2516 error,

553 2529 696 2589 Atque
719 2529 847 2572 oculos
859 2527 1022 2586 probris
1052 2526 1257 2587 inseruiffie
1277 2528 1377 2571 tuis.

492 2592 625 2656 ‚Quod
644 2602 718 2638 tua
735 2624 749 2648 ,
784 2593 855 2637 vel
866 2591 1010 2651 stirpis
1019 2590 1223 2651 spectarit
1250 2592 1427 2635 crimina
1450 2587 1638 2648 vestrae,

557 2657 795 2712 Flectitur3
830 2656 850 2700 ὂ
863 2662 1015 2716 poenae
1037 2656 1173 2716 cauffa
1189 2654 1381 2715 pudenda
1393 2652 1541 2714 ferae!

488 2722 578 2770 Res
600 2731 712 2767 caret
733 2723 923 2780 exemplo,
946 2720 1028 2782 sub
1049 2721 1152 2766 diris
1172 2719 1285 2778 triste
1308 2718 1511 2778 Tyrannis

561 2787 753 2831 Exitium
768 2788 912 2845 paucis
932 2788 1071 2847 lingua
1089 2793 1290 2845 proterva
1314 2785 1441 2830 dedi-t.

494 2851 612 2898 Huic
628 2853 762 2897 animi
781 2852 916 2897 nocuit
938 2852 1187 2896 truculentia
1199 2871 1215 2906 3
1251 2850 1420 2895 concidit
1440 2848 1576 2908 alter,

560 2917 657 2980 ρῳ·
672 2918 748 2975 pia
762 2929 839 2974 pro
862 2917 995 2973 raptis
1019 2916 1169 2976 legibus
1191 2931 1312 2960 arma
1338 2916 1451 2960 tulit.

489 2980 576 3028 Sed
592 2995 703 3025 nova
718 2979 805 3039 post
828 2980 1033 3036 homines,
1067 2981 1194 3025 oculos
1216 2979 1398 3040 habuzſje
1421 2987 1599 3024 nocentes
1613 3009 1630 3038 .·›

555 3045 750 3104 Principe
769 3054 835 3102 te,
870 3055 986 3090 natos
1009 3046 1127 3104 culpa
1150 3055 1310 3104 reperta
1322 3044 1429 3106 fuit.

496 3111 679 3156 Crimine
692 3119 890 3170 perpetua
909 3110 1132 3156 damnatus
1153 3115 1264 3156 nocte
1282 3110 1494 3170 vacaſjet,

557 3175 620 3222 Et
638 3176 785 3236 patria
807 3189 944 3223 caecus
963 3191 1042 3225 non
1064 3175 1256 3238 caruiffet
1280 3174 1417 3223 humo.

2383 3286 2465 3337 πι-
