2547 3708
855 122 880 179 I
1020 120 1067 178 B

1211 124 1396 182 IS.

422 233 531 306 Qui
557 228 743 293 dedit,
781 242 840 284 ut
865 228 1202 301 Thamyrae:
1241 227 1665 303 Demodocique
1691 242 1903 302 caput.-

217 325 320 378 275
363 305 449 363 Sic
474 306 658 374 aliquis
684 319 771 358 tua
796 303 1035 357 membra
1061 303 1234 364 secet;
1277 303 1531 360 Saturnus
1563 318 1628 360 ut.
1648 305 1760 360 illas

434 378 707 434 Subsecuit
733 389 905 448 partes
923 415 937 440 ,
979 376 1123 431 unde

71 626 159 654 xm.
176 610 447 661 ‚Metamorph
471 608 525 647 his
545 603 722 645 versibus:

122 677 272 715 Telemus
292 676 420 713 interna
437 671 587 710 Siculum
606 669 739 707 delatus
760 667 797 706 in
818 679 943 717 aequor
956 695 967 711 ,

119 728 272 766 Telemus
293 724 518 774 Eurymedes,
547 733 648 770 quem
675 719 777 756 nulla
789 717 968 765 fefellerat
985 715 1056 755 ales
1069 744 1080 761 ‚

119 779 320 817 Terribilem
354 774 577 824 Polyphemon
607 771 685 810 adit
705 798 718 817 ,
770 770 982 818 lumenque,
1015 767 1108 820 quod

121 842 343 928 Ἐνοῖῗῖἔῖνέι
364 874 499 919 media,
523 873 632 923 rapiet
649 873 715 911 eibi
730 872 822 911 dixi:
840 871 978 921 vlyffm

121 930 227 980 Rifit,
253 926 346 974 ω’,ὀ
365 934 492 966 Vatum
506 924 726 974 stolidiffime‚
736 923 874 972 falleris
886 949 898 968 ,
922 921 1051 973 inquit.

69 1017 279 1067 Appellatur
311 1021 433 1053 autem
466 1010 588 1049 Pastor
619 1008 800 1048 AEtnaeus
824 1036 835 1053 ,
863 1019 907 1046 ex
930 1007 988 1045 illa
1009 1019 1101 1046 con·

67 1069 169 1107 stanti
188 1075 354 1105 veterum
381 1063 585 1110 opinione,
613 1062 676 1109 qui
697 1060 970 1110 Polyphemum
993 1058 1101 1096 alios-

69 1131 144 1168 que
164 1117 344 1168 Cyclopas
370 1113 524 1152 AEtnam
557 1110 709 1150 tenuiffe
732 1110 963 1149 crediderunt
983 1124 994 1153 ;
1024 1109 1102 1146 Ve-

66 1181 148 1208 rum
167 1169 348 1216 Philippus
359 1164 565 1208 Cluverius,
577 1161 884 1211 Geographorum
897 1160 1103 1198 memoriae

65 1220 208 1262 nostrae
228 1217 334 1256 facile
352 1215 522 1263 Princeps
549 1213 609 1252 lib.
629 1226 654 1251 1.
683 1224 761 1261 cap.
782 1225 817 1250 2.
846 1212 942 1250 Item
971 1211 1034 1248 lib.
1054 1223 1101 1249 11.

67 1281 144 1318 cap.
168 1281 223 1318 ις.
250 1267 391 1306 Siciliae
421 1267 595 1313 antiquae
616 1291 627 1308 ,
663 1264 884 1313 Polyphemi
902 1262 1025 1300 sedem
1054 1261 1099 1300 ad

64 1320 225 1369 Erycem
248 1326 416 1357 montem
439 1344 451 1361 ,
486 1316 549 1366 qui
581 1326 689 1353 mons
709 1314 872 1363 Drepani
894 1314 1006 1363 vulgo
1029 1324 1101 1351 no-

65 1372 249 1415 minatur,
281 1367 383 1407 fuiffe
404 1365 630 1410 contendit;
688 1377 733 1403 ex
774 1365 876 1414 cujus
920 1364 1099 1402 sententia

65 1421 189 1459 nescio
210 1449 221 1465 ,
257 1432 302 1458 an
323 1415 713 1467 Polyphemicadaver
725 1415 971 1464 fuerit,quod
993 1413 1100 1452 effos-

64 1472 143 1510 sum
168 1471 216 1509 est
236 1470 280 1509 ad
302 1469 434 1508 radices
467 1468 593 1518 Erycis
622 1478 720 1511 anno
758 1467 815 1505 M.
836 1465 950 1515 CCC.
971 1465 1097 1504 XLII.

64 1530 107 1560 ut
124 1523 216 1560 infra
233 1521 400 1559 dicemus
427 1519 472 1558 ad
494 1518 636 1557 versum
660 1518 746 1567 389.
773 1529 819 1555 ex
836 1517 980 1555 Ioanne
1002 1516 1096 1554 Boc-

64 1573 168 1611 cacio
191 1573 230 1611 ὃς
247 1572 400 1610 Thoma
423 1569 579 1608 Fazello.
609 1569 834 1607 Theocritus
858 1577 982 1606 autem
995 1566 1101 1616 Idyll.

66 1634 101 1670 7.
130 1622 406 1671 Polyphemum
426 1621 471 1658 ad
488 1622 659 1668 Anapum
680 1618 833 1657 fluvium
849 1618 980 1667 posuit.
1009 1618 1100 1655 Sat-

50 1671 188 1761 'vlaerm
225 1673 269 1711 ln
289 1671 390 1711 versu
420 1671 554 1709 ultimo
583 1671 786 1719 interpretis
806 1670 914 1719 lego,
940 1668 1102 1718 surripiet

67 1736 85 1761 ο
100 1738 172 1762 am.

117 1786 199 1816 272.
237 1773 387 1811 Telemus
415 1770 660 1822 Eurymedes]
710 1771 925 1820 Eurymides.
960 1768 1100 1808 dic'ium

66 1826 224 1864 Metam.
245 1837 332 1862 xxix.
358 1824 496 1871 53:171.
520 1823 663 1862 Heius.
692 1822 897 1860 Eumenides
917 1821 1007 1860 duo.
1032 1826 1102 1859 Eu-

70 1875 187 1913 ritides
207 1887 310 1913 unus.
782 1882 785 1884 ·

122 1936 207 1973 273.
231 1931 276 1961 Ur
296 1926 361 1961 duo
383 1923 605 1975 phineidae]
634 1924 857 1974 Poiydeetor
881 1924 918 1961 &
939 1922 1104 1971 Polydo-

71 1987 130 2014 rus
158 1974 179 2013 ὲ
209 1983 307 2022 patre
332 1977 515 2012 excaecati
540 2003 550 2019 ‚
579 1984 618 2012 ut
637 1975 737 2022 supra
760 1975 899 2011 dictum
923 1974 983 2011 est.
1038 1974 1102 2010 IN-

73 2037 263 2064 Tmpnzs.
303 2024 448 2062 Horum
482 2025 634 2061 alterum
665 2024 917 2073 Polydorum,
946 2024 1100 2060 alterum

68 2076 310 2125 Polydeetora
349 2076 584 2112 nominatum
613 2074 648 2111 in
687 2075 844 2122 antiquis
883 2073 1098 2121 quibusdam

68 2126 209 2164 scholiis
232 2124 387 2173 reperio.
440 2123 510 2161 Sed
541 2124 727 2160 auftorem
749 2124 926 2161 desidero.
955 2123 1100 2170 Sopho-

72 2177 142 2215 cles
162 2184 258 2214 certe
288 2185 402 2212 unum
436 2185 480 2211 ex
503 2174 543 2210 iis
573 2173 737 2220 Orytum
770 2180 879 2210 vocat
901 2198 909 2213 ‚
947 2173 1100 2209 alterum

73 2227 258 2265 Crambin.
310 2224 504 2273 Apollonii
537 2223 716 2271 Interpres
746 2223 782 2260 in
809 2222 1009 2260 secundum
1033 2223 1102 2259 At-

72 2290 160 2327 gon.
187 2276 418 2315 Parthenium
442 2275 716 2323 nuncupat,qui
730 2274 869 2321 Orytus
884 2285 900 2309 a
916 2273 1102 2321 Sophocle

72 2327 279 2377 appellatur.
307 2325 720 2364 Cossumffimms.
748 2323 1128 2372 OrythussscCram-v

74 2380 126 2416 bis
154 2379 280 2417 Phinei
311 2378 348 2415 &
383 2378 600 2424 Cleopatrae
632 2375 694 2412 filii
719 2403 728 2419 ,

76 2430 269 2467 N-ovetcae
292 2426 601 2465 criminationibus
622 2425 796 2464 adduetus
815 2425 1008 2463 oculorum
1022 2424 1104 2462 luce

42 2524 46 2528 ,
77 2480 244 2528 privavit.
295 2478 349 2515 Ut
379 2489 423 2515 ex
457 2477 611 2525 Orpheo
635 2504 645 2520 ‚
680 2476 886 2525 Apollonio
910 2503 920 2519 ‚
958 2475 1107 2524 aliisque

79 2530 194 2618 xgxodo
221 2528 407 2567 retulimus
425 2556 437 2574 ,
473 2529 602 2577 quibus
622 2527 809 2567 addendus
832 2527 903 2575 ipse
924 2526 984 2564 lib.
1003 2538 1032 2564 1.
1060 2526 1106 2564 de

134 2588 168 2618 te
191 2590 277 2630 339·

766 2386 860 2423 quos
890 2375 994 2411 Pater
1013 2373 1104 2412 falsis

158 2668 353 2725 Qidfodis
373 2668 578 2714 immeritis,
607 2666 739 2705 Phineu
761 2695 771 2713 ,
791 2667 859 2717 fica
889 2665 1027 2703 lumina
1050 2673 1115 2698 na·

256 2729 324 2756 115?
1062 2723 1074 2731 ⁶

213 2773 320 2804 Poena
344 2770 525 2818 reversura
545 2769 588 2818 est
608 2769 646 2807 in
663 2778 761 2819 caput
780 2768 842 2819 ista
862 2779 976 2806 tuum.

89 2847 289 2886 Simos.

137 2934 209 2967 274
237 2925 281 2957 Et
304 2918 533 2969 Thamyrae]
583 2919 789 2969 Thamyras
809 2917 829 2956 a
857 2916 972 2955 Musis
988 2926 1123 2954 excae·

89 2980 220 3015 catus;
260 2969 500 3008 Demodocus
535 2972 622 3006 item
659 2981 787 3008 caecus
815 2976 1041 3006 memoratur
1072 2965 1116 3002 ab

46 3070 49 3072 μ
89 3023 274 3061 Homero.
307 3021 543 3058 [unapars.
570 3018 761 3068 Thamyrus
788 3021 825 3056 &
849 3016 1117 3067 Thamyrasssdi·

90 3075 204 3118 citur,
224 3073 285 3122 qui
315 3071 513 3109 secundum
545 3069 698 3116 primam
728 3069 1011 3106 declinationem
1045 3067 1118 3104 hoc

91 3135 229 3162 nomen
263 3122 427 3160 inclinari
456 3117 555 3169 poffe
578 3118 804 3162 inficiantur,
831 3119 962 3156 Suidae
985 3119 1022 3156 &
1042 3118 1121 3156 Ste-

93 3175 202 3221 phani
223 3173 433 3212 testimonio
446 3173 484 3210 in
504 3168 668 3208 distione
684 3167 814 3205 Dorion
834 3170 1122 3205 convincuntur.

91 3224 168 3272 Hic
183 3236 210 3264 a.
226 3222 336 3267 Musis
346 3222 543 3263 luminibus
564 3222 602 3262 &
612 3220 768 3265 citharae
789 3217 983 3268 pulsandae
995 3217 1122 3267 peritia

1153 391 1358 433 creatus
1384 391 1512 434 erat.

1271 455 1275 460 ’
2075 453 2192 510 Nee

1161 604 1319 653 privatus
1343 604 1434 648 fuit,
1461 611 1501 642 ut
1521 603 1708 644 Zenobius
1742 605 1778 643 in
1817 603 2019 654 proverbiis
2057 607 2196 646 docuit.

1163 656 1314 693 Cousr.
1342 654 1438 692 Fau.
1466 654 1784 705 Thamyras,s1ve
1806 657 2029 705 Thamyris,
2050 657 2198 697 aMusis

1162 713 1376 743 excaecatus
1390 732 1401 749 ,
1427 705 1530 754 quod
1550 706 1593 743 ab
1613 707 1654 744 iis
1672 708 1707 745 in
1730 716 1914 746 certamen
1936 709 2075 746 vocatis
2095 709 2198 757 supe-

1161 764 1256 794 ratus
1275 755 1362 793 eflet
1383 783 1394 800 .
1430 764 1471 793 ut
1501 757 1695 796 Homerus
1722 758 1838 798 scribit
1863 759 1922 798 lib.
1952 771 1997 796 11.
2031 758 2128 797 Iliad.
2156 761 2196 798 &

1161 807 1377 845 Homerum
1401 805 1536 852 secuti,
1564 807 1753 846 Diodorus
1776 810 1911 848 liban.
1940 810 2196 858 Apollodorus

1160 857 1222 896 lib.
1243 871 1271 896 1.
1300 857 1431 914 Statius
1457 856 1517 913 lib.
1558 870 1610 896 xv.
1648 859 1829 897 Thebaid.
1886 861 1986 898 Hinc
2024 860 2196 909 adagium

1162 908 1347 957 Thamyris
1375 908 1509 956 msamt
1528 935 1545 952 ,η
1577 908 1615 946 in
1635 920 1701 948 eos
1720 937 1731 953 ,
1760 911 1822 959 qui
1843 920 1984 959 praeter
2011 912 2194 949 rationem

1158 960 1295 1009 aliquid
1324 959 1443 997 facere
1472 960 1668 1004 videntur,
1706 960 1752 998 de
1780 972 1856 1009 quo
1888 961 2013 998 Suidas
2036 989 2046 1005 ‚
2075 962 2205 1010 Hesy«

1159 1010 1283 1056 chius,
1311 1008 1541 1048 Zenodotus.
1594 1010 1736 1049 Verum
1758 1010 2015 1060 longediversa
2035 1012 2081 1048 de
2093 1012 2197 1050 Tha·

1158 1073 1286 1110 myrae
1315 1061 1490 1099 caecitate
1519 1069 1666 1099 narrant
1692 1062 1882 1100 Pausanias
1902 1063 1940 1100 in
1963 1060 2197 1108 Messenius,

1150 1111 1361 1151 'Eustathius
1389 1113 1426 1150 in
1447 1112 1674 1150 Homerum.
1728 1112 1816 1159 Ejus
1848 1112 2101 1161 Theologiam
2131 1125 2199 1151 ex-

1158 1161 1265 1209 titifi‘e
1300 1163 1350 1201 ait
1396 1161 1520 1200 Suidas
1541 1190 1552 1207 ,
1586 1163 1701 1201 tribus¹
1728 1163 1884 1201 millibus
1913 1163 2081 1201 versuum
2108 1175 2200 1202 con-

1156 1213 1352 1263 scriptam,
1381 1214 1635 1262 Hymnosque
1657 1213 1749 1252 illius
1780 1213 1884 1252 Plato
1916 1226 2000 1252 cum
2027 1214 2200 1263 Orphicis

1156 1265 1323 1304 celebrat.
1378 1264 1548 1303 SALVAG.
1565 1265 1624 1302 De
1635 1264 1817 1313 Thamyri
1835 1264 1908 1302 vid.
1927 1264 1972 1302 ad
1992 1263 2044 1302 111
2065 1265 2200 1303 Amor.

1156 1317 1313 1355 v11.62.
1340 1316 1378 1353 δε
1401 1314 1459 1353 Cl.
1479 1314 1612 1353 Fabric.
1626 1315 1686 1353 lib.
1702 1328 1732 1354 1.
1759 1315 1931 1353 Biblioth.
1944 1315 2107 1353 Graecae
2119 1326 2199 1364 cap.

1154 1379 1265 1405 xxxV.
1289 1369 1371 1413 §.4.
1570 1392 1572 1395 v

1198 1424 1289 1464 274.
1318 1417 1567 1468 Demodocique
1595 1416 1735 1467 caput]
1784 1417 1869 1455 Fuit
1902 1417 1930 1455 is
1968 1416 2200 1456 citharoedus

1157 1469 1321 1519 insignis,
1342 1468 1539 1506 luminibus
1549 1469 1717 1513 orbatus,
1741 1479 1854 1517 quem
1868 1468 2059 1506 Homerus
2070 1467 2201 1517 Odyff.

1158 1532 1254 1558 vr11-
1284 1521 1320 1558 in
1341 1520 1493 1557 Alcinoi
1517 1520 1721 1557 Phaeacum
1743 1519 1852 1568 Regis
1873 1520 2052 1557 convivio
2071 1520 2203 1566 cytha-

1158 1583 1233 1608 ram
1249 1570 1450 1619 pulsantem
1471 1569 1796 1619 inducit,seipsum
1809 1569 2016 1618 intelligens
2031 1596 2041 1611 .
2068 1571 2203 1619 utqui-

1158 1621 1308 1660 busdam
1332 1621 1462 1669 placet.
1515 1621 1698 1658 Succurrit
1728 1620 1800 1658 hoc
1826 1620 1912 1657 loco
1934 1618 2139 1658 meminisse
2160 1619 2204 1657 fi·

1158 1672 1286 1710 dicinis
1314 1671 1526 1721 cujusdam,
1554 1672 1748 1710 oculorum
1763 1671 1843 1709 luce
1864 1671 2016 1719 privati,
2046 1671 2201 1708 nomine

1158 1722 1277 1772 Tony
1300 1751 1310 1767 ,
1347 1724 1409 1772 qui
1440 1723 1621 1760 memoria
1650 1721 1768 1759 nostra
1788 1749 1799 1766 ,
1830 1721 2047 1759 Demodoci
2071 1720 2202 1766 instar,

1158 1773 1201 1812 ad
1233 1774 1396 1812 mensam
1417 1773 1542 1821 magni
1562 1771 1787 1821 Lesdiguerii
1826 1771 1999 1810 Franciae
2049 1772 2204 1810 Conue-

1158 1825 1286 1863 stabilis
1315 1833 1456 1862 tantum
1484 1825 1612 1861 Heroa
1655 1833 1936 1861 conterraneum
1982 1831 2060 1861 tum
2105 1833 2202 1860 voce

1162 1884 1242 1914 tum
1283 1875 1456 1912 sambuca
1487 1875 1624 1912 mirum
1656 1875 1693 1912 in
1727 1873 1883 1911 modum
1912 1873 2090 1911 deleerare
2113 1873 2206 1910 sole·

1158 1927 1229 1964 bat.
1256 1925 1454 1963 Samen.
1482 1926 1523 1962 In
1546 1926 1620 1962 hoc
1645 1925 1799 1962 nomine
1811 1923 1953 1961 varient
1970 1923 2097 1969 scripti.
2129 1928 2201 1961 De·

1159 1977 1371 2025 molophique
1410 1975 1577 2012 Francos.
1605 1975 1643 2010 &
1684 1974 1808 2010 petav,
1856 1973 1930 2010 Alii
1971 1971 2203 2021 Demodophi-

1160 2040 1248 2074 qxre,
1277 2025 1545 2071 Demosodique,
1573 2023 1836 2072 Demophoique.
1873 2022 2088 2059 Demodoci
2112 2026 2208 2068 poe-

1157 2085 1241 2120 tae,
1270 2077 1333 2125 qui
1352 2075 1458 2111 Γλὶσυ
1470 2073 1760 2119 ἄλωσινΐςτίρΐη,
1788 2073 1890 2120 quod
1904 2084 2051 2109 carmen
2073 2073 2202 2110 Ulixes

1159 2127 1246 2163 tibia
1259 2126 1391 2162 cecinit
1417 2151 1426 2167 ,
1468 2124 1641 2160 meminit
1659 2123 1816 2160 Ptolem.
1847 2122 2203 2169 Hephaest.lib.v11.

1157 2176 1220 2223 qui
1242 2187 1286 2212 an
1302 2174 1431 2212 itidem
1449 2174 1585 2211 tibicen
1600 2173 1706 2219 fuerit
1729 2173 1862 2211 nescio.
1891 2173 2076 2211 Bonum.

1208 2237 1292 2273 275.
1320 2225 1372 2261 Sic
1390 2223 1557 2274 aliquis.]
1590 2224 1762 2262 Saturnus
1791 2224 1911 2262 Coelo
1942 2225 2035 2273 patri
2054 2222 2207 2262 abscidit-

1157 2276 1273 2314 virilia
1287 2303 1298 2320 ,
1328 2276 1425 2313 unde
1438 2275 1671 2313 Callisthenes
1689 2288 1697 2313 :

1211 2345 1382 2377 Saturnus
1402 2339 1538 2375 credens
1560 2352 1670 2376 unum
1693 2339 1810 2389 laesisse
1829 2349 2034 2388 parentem,

1265 2396 1344 2426 Tres
1354 2389 1462 2438 fimul
1485 2390 1598 2426 iratus
1616 2389 1758 2436 laeserat
1781 2391 1839 2427 ille
1856 2402 1979 2442 patres.

1215 2446 1295 2478 Non
1315 2440 1455 2489 impune
1471 2450 1612 2484 tamem
1641 2454 1725 2477 nam
1742 2452 1840 2489 parte
1858 2443 1900 2490 est
1918 2444 2024 2491 laesus
2034 2443 2179 2488 eademg

1269 2497 1486 2539 Poenumque
1508 2491 1532 2527 ὰ
1554 2502 1656 2536 nato,
1687 2505 1793 2541 quam
1815 2493 1933 2538 dedit,
1960 2494 2024 2541 ipse
2046 2494 2144 2530 tulit.

1218 2548 1337 2580 Peccat
1356 2552 1520 2591 uterqu03
1549 2541 1640 2577 male
1662 2542 1715 2579 hic
1730 2570 1739 2586 ‚
1769 2543 1861 2580 male
1875 2553 1990 2592 peccat
2010 2554 2151 2593 uterque
2164 2571 2188 2590 ,.

1273 2592 1338 2629 Hic
1350 2601 1465 2641 peccat
1480 2592 1575 2640 pejus
1590 2619 1598 2635 2
1627 2593 1687 2640 qui
1701 2593 1794 2639 prius
1812 2594 1872 2642 ista
1883 2595 1987 2640 facit.

1218 2643 1363 2683 Credere
1382 2643 1447 2679 vix
1468 2640 1577 2689 aufim
1599 2644 1653 2691 effe
1673 2649 1782 2688 Deos,
1811 2658 1864 2681 me
1879 2646 1996 2692 judtce
2019 2652 2135 2693 nempe

1271 2698 1359 2731 Tam
1379 2692 1472 2730 male
1490 2692 1550 2743 qui
1567 2703 1680 2742 peccat
1693 2722 1703 2738 ,
1731 2707 1789 2730 nec
1810 2701 1902 2732 Deus
1922 2697 1964 2742 est
1987 2708 2046 2732 nec
2067 2695 2178 2735 homo.

1170 2760 1414 2798 Inruimus.
1442 2754 1561 2793 Putidi
1590 2756 1708 2794 versus
1737 2755 1943 2794 Callistheni
1965 2757 2111 2795 cuidam
2143 2757 2210 2796 ad·

1171 2811 1301 2859 scripti.
1328 2807 1504 2845 Nicolaus
1518 2806 1689 2844 Heinsius
1702 2833 1713 2850 ,
1726 2806 1890 2845 Danielis
1902 2807 1991 2845 filius
2004 2835 2015 2852 ,
2027 2816 2130 2847 tanto
2144 2820 2207 2856 pa—

1173 2871 1226 2900 tre
1246 2858 1469 2908 dignissimus
1493 2885 1504 2901 ,
1537 2857 1647 2894 literis
1676 2857 1720 2894 ad
1745 2870 1805 2895 me
1831 2858 1966 2906 scriptis
1987 2859 2134 2907 putabat
2156 2860 2207 2896 le-

1172 2911 1333 2961 gendum
1348 2936 1359 2953 ,
1387 2907 1572 2946 saturnius
1590 2908 1670 2945 illas
1691 2918 1730 2944 ut
1749 2909 1849 2951 secuit
1864 2917 1996 2958 partes,
2027 2911 2064 2947 &
2087 2910 2209 2955 deJo-

1174 2974 1221 3000 ve
1241 2959 1541 3009 intelligendum;
1571 2958 1757 3007 ingeniose
1776 2959 1840 2997 suo
1864 2971 1979 2997 more.
2033 2960 2101 2997 Sed
2123 2961 2208 3007 quia

1171 3012 1372 3051 leffionem
1396 3009 1580 3057 vulgatam
1601 3036 1611 3052 ,
1641 3021 1724 3047 cum
1747 3021 1878 3048 omnes
1905 3010 2103 3054 editiones,
2125 3018 2207 3047 tum

1174 3062 1292 3110 scripti
1321 3060 1481 3098 Codices
1512 3059 1713 3108 agnoscunt
1741 3088 1751 3104 ‚
1787 3061 1830 3098 ab
1855 3073 1895 3098 ea
1919 3061 2098 3098 discedere
2117 3059 2211 3096 mihi

1175 3114 1303 3161 religio
1323 3107 1393 3148 est':
1422 3120 1507 3164 nam
1533 3113 1569 3147 ὅ(
1591 3110 1781 3148 Saturnum
1811 3111 1979 3159 genitalia
2002 3111 2091 3158 patri
2109 3109 2210 3146 Coe-

1175 3164 1212 3201 lo
1234 3159 1457 3201 demessuifle
1472 3159 1696 3205 fabulantur,
1727 3162 1783 3198 vel
1806 3173 1881 3199 uno
1896 3162 2078 3198 Cicerone
2102 3159 2211 3204 teste,

1174 3214 1295 3254 libai.
1323 3212 1368 3251 de
1392 3211 1531 3250 Natura
1556 3211 1738 3259 Deorum.
1771 3212 1935 3251 sarvie.

2131 3261 2220 3308 2773
