2547 3708
610 126 1519 179 PRAEFArioNEs
2028 150 2118 202 ηρ

22 234 217 288 timum,
239 225 491 291 Egnatium
508 256 523 283 ‚
544 223 593 270 &
614 222 684 270 his
710 221 874 269 fimiles
896 222 1003 268 alios
1019 255 1034 281 ,
1069 222 1147 284 qui
1170 234 1405 269 certorum
1432 222 1643 268 locorum
1667 221 1997 285 explicationes
2021 226 2117 273 edi-

21 299 151 354 dere,
185 297 332 339 minus
352 288 620 347 elaborafl‘e,
654 300 732 334 aut
756 303 850 342 non
875 300 1016 350 aeque
1039 287 1265 334 multum:
1303 302 1439 350 atque
1461 303 1567 345 eos,
1593 288 1671 349 qui
1695 287 1839 332 aliena
1864 288 2118 336 describen-

20 362 79 414 do
103 357 455 412 commentaria,
490 353 565 400 sua
588 354 634 398 in
659 351 929 398 immensum
955 367 1209 410 effluxere,
1247 351 1521 415 praestitisse.
1561 353 1687 397 Nam
1712 365 1766 398 ut
1794 351 2007 411 medicis,
2041 357 2120 416 qui

20 425 202 473 vulnera
227 434 305 468 aut
326 420 511 466 morbos
533 418 588 465 ab
614 418 707 464 aliis
730 417 912 463 relictos
933 433 985 463 ac
1007 415 1261 479 desperatos
1285 416 1741 480 qtiandossui“cipiuiit
1759 451 1772 474 ‚
1809 419 1971 478 majori
1993 430 2118 476 arte,

18 488 397 553 diligentior-eque
420 500 529 530 cura
550 483 775 529 utendum
802 482 890 528 est:
929 483 993 528 ita
1017 482 1063 528 ἃ
1091 481 1178 527 illis
1202 483 1383 528 evenire
1407 481 1580 527 necess'e
1604 481 1667 526 est
1683 515 1698 539 ,
1731 485 1807 544 qui
1835 475 1962 527 locos
1984 494 2119 527 auto-

17 570 117 602 rum
141 552 450 608 obicuriores‚
488 551 534 594 Sc
558 549 613 594 ab
641 548 736 594 aliis
762 547 972 606 relictos,
1005 563 1209 593 enarrare
1246 547 1603 611 aggrediuntur:
1639 559 1690 591 ut
1717 547 1868 592 multo
1907 546 2008 610 plus
2041 562 2119 592 ne-

19 619 136 684 gotii
158 633 209 662 ac
230 615 540 672 difficultatis,
574 629 707 676 quam
732 613 899 658 caeteri
919 613 1189 674 interpretes
1205 646 1220 670 ‚
1257 612 1336 657 fibi
1365 610 1446 673 ipsi
1473 613 1730 673 imponant.

83 682 240 738 Quare
264 682 408 743 iniqui
431 679 601 741 judices
627 677 912 723 existimandi
943 676 1070 735 sunt,
1107 678 1184 738 qui
1222 692 1326 722 cum
1355 691 1491 738 opera
1525 677 1670 721 aliena
1695 675 1905 735 censent,
1941 691 2034 721 non
2058 675 2122 722 la-

0 747 176 795 1borem
208 759 285 793 aut
323 761 535 809 operam,
570 742 641 788 sed
665 741 916 787 mensuram
946 741 995 787 &
1019 740 1384 802 magnitudinem
1410 740 1662 786 eorundem
1690 741 1945 786 intuentur.
2013 742 2124 787 Per-

16 812 120 859 inde
143 814 264 858 enim
290 809 425 856 iidem
454 809 516 855 illi
541 807 743 864 faciunt,
779 819 832 852 ut
855 806 934 869 qui
962 806 1196 868 mugitum
1230 806 1376 864 tauri,
1410 818 1487 850 aut
1520 805 1748 868 fragorem
1784 805 2006 851 tormenti
2043 806 2125 851 ali-

18 879 175 939 cujus,
211 875 511 922 concentibus
530 871 825 918 Harmonicis
847 883 1166 933 anteponunt:
1203 883 1445 933 propterea
1468 874 1590 932 quod
1614 870 1783 916 sonitus
1809 869 1993 915 illorum
2020 872 2124 917 lon-

15 942 145 1004 giore
173 940 323 1004 spacio
345 940 392 984 in
415 952 572 984 omnes
597 950 744 998 partes
774 935 1080 999 divagantur‚
1117 935 1283 981 horum
1311 947 1463 980 autem
1490 933 1748 981 modulatio
1778 950 1830 980 ac
1859 950 1996 981 voces
2017 933 2124 981 bre-

16 1003 221 1054 vioribus
248 1004 492 1050 intervallis
519 1017 570 1048 ac
596 1000 765 1048 finibus
789 1001 1112 1047 terminantur.

82 1069 359 1131 Qanquam
383 1067 510 1126 sane,
545 1066 671 1129 quod
694 1066 747 1111 ad
772 1082 890 1112 meas
907 1065 1244 1112 Annotati0ne3
1266 1064 1462 1122 attinet,
1497 1063 1552 1109 de
1575 1079 1648 1109 me
1673 1061 1769 1126 ipso
1795 1064 2020 1125 prolixius
2041 1065 2122 1110 ali-

18 1135 128 1198 quid
154 1134 392 1196 polliceri,
428 1146 504 1179 aut
529 1133 690 1178 addere
714 1147 807 1178 non
828 1131 953 1178 volo.
1021 1128 1233 1176 Fortaffis
1258 1131 1379 1175 enim
1397 1163 1412 1188 ,
1449 1143 1496 1174 ut
1524 1144 1670 1191 neque
1696 1129 1824 1174 locos
1853 1144 2010 1174 omnes
2027 1162 2040 1187 ‚
2077 1130 2125 1175 in

18 1200 182 1263 quibus
205 1198 374 1260 aliquid
396 1197 672 1244 deiideratur
687 1230 702 1255 ‚
738 1195 999 1259 persecutus
1021 1194 1116 1241 sum
1154 1195 1272 1256 (quis
1299 1196 1420 1240 enim
1448 1209 1606 1240 omnes
1630 1192 1803 1256 poffet,
1829 1193 1875 1238 in
1899 1206 2026 1238 tanta
2047 1208 2126 1238 ve-

21 1277 171 1311 terum
194 1262 468 1326 scriptorum
497 1262 686 1325 penuria
736 1277 786 1307 ac
811 1260 1088 1324 paucitate?)
1115 1261 1177 1306 ita
1198 1261 1334 1306 etiam
1360 1275 1520 1322 parum
1543 1270 1753 1304 accurate
1777 1273 1828 1303 ac
1855 1257 1987 1320 plene
2010 1273 2128 1304 non-

18 1328 169 1375 nullos
191 1328 434 1390 explicavi.
503 1327 592 1374 Sed
611 1339 767 1373 tamen
787 1339 1008 1388 quantum
1035 1340 1201 1388 operae
1225 1341 1278 1370 ac
1306 1324 1572 1388 diligentiae
1596 1323 1751 1368 eadem
1789 1322 1875 1367 hac
1902 1322 1948 1367 in
1972 1337 2019 1367 re
2041 1338 2128 1385 po·

17 1392 177 1444 suerim
193 1426 209 1451 ,
243 1407 293 1438 ca
319 1408 432 1456 quae
453 1394 499 1439 in
522 1392 647 1438 libris
661 1391 921 1450 Tristium,
957 1390 1005 1436 ὃς
1029 1389 1084 1435 de
1098 1391 1281 1448 Ponto,
1316 1390 1425 1435 item
1452 1389 1525 1434 illa
1548 1403 1661 1450 quae
1685 1388 1730 1432 in
1745 1385 2126 1433 Consolationem

20 1458 75 1505 ad
98 1459 279 1505 Liviam
295 1491 310 1516 ‚
345 1459 581 1504 enarrandi
605 1456 732 1503 causa
758 1456 935 1517 adjeci,
969 1457 1145 1518 aliaque
1177 1471 1271 1501 non
1305 1470 1477 1517 pauca,
1512 1456 1537 1498 a
1561 1452 1845 1514 superiorum
1870 1451 2127 1498 Commen-

21 1523 143 1571 tariis
162 1522 302 1586 longe
322 1522 404 1569 alia
432 1536 569 1585 atque
594 1519 791 1579 diversa,
826 1522 1064 1568 testantur.
1133 1519 1269 1577 Quae
1303 1519 1460 1565 omnia
1486 1516 1741 1578 cujuimodi
1773 1514 1889 1575 sint,
1923 1516 2130 1562 erudito-

20 1604 120 1635 rum
140 1587 318 1651 judicio
351 1587 676 1634 aestimandum
710 1587 935 1649 relinquo.
1006 1587 1082 1633 De
1108 1600 1181 1631 me
1205 1584 1394 1631 fortaffis
1411 1618 1425 1641 ‚
1462 1597 1514 1629 ut
1540 1582 1587 1629 &
1611 1582 1667 1627 de
1689 1582 1784 1627 aliis
1817 1582 1999 1640 multis,
2034 1597 2131 1627 ma-

16 1654 118 1717 jore
144 1669 251 1699 cum
277 1652 456 1712 labore,
490 1669 626 1715 quam
660 1652 1012 1710 emolumento,
1047 1652 1095 1696 in
1121 1650 1214 1697 hoc
1251 1650 1504 1697 studiorum
1540 1662 1709 1711 genere
1741 1645 1944 1706 versatis,
1978 1645 2131 1709 poste-

19 1719 114 1764 rior
137 1731 254 1764 aetas
272 1718 515 1781 judicabit.

83 1784 215 1830 Haec
237 1784 382 1846 igitur
400 1781 531 1841 sunt,
567 1797 679 1844 quae
703 1780 935 1844 praefandi
958 1779 1113 1838 causa,
1149 1796 1256 1827 cum
1287 1778 1342 1824 de
1376 1779 1461 1825 hac
1485 1790 1587 1824 tota
1611 1774 1956 1823 commentandi
1987 1775 2128 1821 ratio·-

21 1863 105 1906 ne,
138 1861 239 1893 tum
276 1864 386 1893 vero
421 1848 639 1910 privatim
674 1847 729 1892 de
765 1845 1157 1893 Annotationibus
1194 1844 1385 1902 nostris,
1421 1842 1648 1889 monenda
1683 1843 1775 1888 hoc
1811 1840 1919 1885 loco
1954 1841 2131 1903 putavi.

21 1911 158 1971 Qae
183 1911 214 1956 si
240 1914 313 1957 cui
338 1912 671 1970 alieni01·a‚aut
695 1913 831 1957 etiam
858 1910 1117 1957 molestiora
1141 1910 1444 1955 videbuntur:
1483 1908 1559 1954 ille
1583 1908 1701 1952 idem
1726 1906 1905 1967 cogitet
1922 1938 1936 1961 ,
1973 1904 2021 1950 ὃς
2044 1921 2130 1950 no-

22 1977 118 2035 bis,
153 1977 231 2038 qui
253 1977 299 2020 in
331 1977 423 2021 hoc
456 1974 678 2021 scribendi
704 1991 871 2038 genere
894 1975 1177 2020 elaboramus
1194 2008 1209 2032 ,
1245 1990 1295 2019 ea
1318 1988 1430 2035 quae
1460 1971 1515 2016 de
1541 1970 1690 2016 studio
1719 1982 1853 2031 atque
1879 1984 2018 2030 opera
2044 1985 2129 2014 no-

25 2040 112 2087 stra
146 2040 291 2102 vulgo
318 2039 574 2102 jaetantur,
608 2040 662 2084 ab
695 2041 747 2085 iis
780 2042 857 2101 qui
892 2039 1003 2085 haec
1039 2039 1110 2084 vel
1145 2054 1239 2084 non
1265 2036 1363 2083 satis
1398 2035 1693 2098 intelligunt,
1728 2034 1800 2079 vel
1835 2032 1937 2078 alias
1966 2049 2130 2096 parurn

24 2104 185 2152 dextre
213 2105 454 2166 judicant,
489 2105 718 2165 iniquiora
742 2102 925 2149 censeri.
997 2103 1124 2149 Nam
1160 2116 1212 2148 ut
1238 2102 1482 2164 indignum
1515 2114 1651 2160 atque
1676 2113 1891 2160 arrogans
1915 2097 2132 2157 quiddam

25 2169 190 2227 fuerit,
225 2168 281 2213 de
303 2170 468 2230 quibus
492 2184 588 2213 non
614 2167 978 2225 merearis‚ve11e
1004 2167 1276 2228 praedicari:
1315 2168 1377 2212 ita
1401 2163 1575 2210 rursum
1602 2164 1809 2225 iniquum
1825 2194 1840 2219 2
1856 2174 1992 2222 atque
2015 2161 2130 2207 adeo

28 2234 269 2297 indignum
294 2233 461 2291 fuerit,
492 2232 658 2297 justam
683 2249 732 2278 ac
757 2231 958 2277 debitam
983 2233 1117 2278 alicui
1141 2232 1334 2295 gratiam
1353 2264 1367 2290 ,
1403 2229 1577 2276 finistro
1602 2244 1653 2274 ac
1679 2244 1822 2291 pravo
1847 2226 1986 2273 animi
2012 2224 2131 2289 judi-

27 2300 103 2346 cio
126 2315 362 2363 perperam
385 2314 436 2345 ac
461 2312 635 2344 temere
659 2296 893 2359 derogare.

7 2380 50 2419 Ψ

45 2446 50 2450 ·
335 2429 757 2477 HERCULIS
816 2427 1170 2476 CIOFANI
1229 2424 1834 2475 SULMONENSIS

124 2526 925 2589 DEDICATIONES
997 2526 1125 2587 ET
1199 2519 2039 2588 PRAEFATIONES.

939 2642 995 2688 In
1020 2641 1059 2687 E
1100 2639 1267 2687 istolas.

285 2733 835 2781 ILLUSTRISSIMO
892 2659 1141 2791 ATQSE
1194 2718 1876 2777 EXCELLENTISSIMO

318 2822 384 2874 D.
456 2820 1044 2877 SCIPlONI
1122 2814 1843 2875 GONZAGAE‚

678 2921 948 2970 Marchioni
974 2919 1022 2967 &
1047 2920 1093 2967 S.
1119 2921 1184 2967 R.
1208 2920 1246 2966 Ι.
1272 2917 1494 2982 Principi.

172 3056 384 3106 Uantum
421 3055 654 3103 doctrinae
689 3054 737 3100 ὃς
772 3053 1021 3118 elegantiae
1050 3054 1098 3099 in
1127 3052 1197 3099 his
1226 3051 1448 3115 Epistolis
1469 3045 1731 3095 adhibuerit
1757 3046 2013 3101 Ovmms,
2046 3053 2142 3111 non

162 3135 165 3137 ’
197 3124 394 3182 invitus,
429 3120 462 3168 fi
504 3121 619 3167 mihi
653 3135 734 3183 per
769 3120 1098 3181 occupationes
1132 3118 1320 3173 liceret,
1358 3112 1675 3170 ostenderem,
1710 3110 1759 3157 &
1799 3113 1845 3158 ni
1879 3104 2142 3155 doctissimis

44 3172 286 3266 quibusque
307 3186 593 3252 perspectum
616 3198 753 3251 atque
776 3182 1068 3247 exploratum
1090 3183 1214 3232 effer..
1281 3179 1497 3292 leidzde
1516 3179 1625 3226 artis
1652 3176 1865 3241 poeticae
1889 3167 2143 3280 praeceps&
