2547 3708
768 116 828 174 P.
903 109 1310 172 OV1D11

1383 96 1913 188 NASONIS

558 217 743 278 Pastor
768 228 826 272 ut
852 213 1144 277 AEtnaeu3‚
1184 211 1271 268 cui
1297 213 1443 270 casus
1470 227 1594 272 ante
1619 213 1829 272 futuros

624 291 886 345 Telemus
910 282 1233 356 Eurymides
1258 286 1569 341 vaticinatus
1594 302 1721 341 erat.

544 363 624 419 Ut
663 362 773 418 duo
802 358 1063 416 Phinidae
1104 395 1121 424 ‚
1180 357 1372 432 quibus
1398 359 1544 417 idem
1572 360 1753 416 lumen
1777 360 1978 417 ademit

263 592 407 642 aspiciat
421 589 469 635 ,is
490 585 568 627 visu
579 584 751 631 orbetur,
778 583 933 636 quod&
950 579 1146 632 Propertio
1167 581 1304 631 placuit

261 645 323 682 iib.
343 654 395 680 iv,
417 642 519 689 Eleg.
535 651 594 678 10.
622 637 821 676 Satvacsu.

314 695 397 740 265.
425 697 479 729 De
499 691 558 728 lite
570 687 726 739 jocosa.]
756 686 937 726 Geminus
965 684 1070 724 locus
1088 684 1136 724 est
1155 683 1220 723 lib.
1238 695 1303 729 131.

261 742 518 792 Metamorph.
539 751 623 792 332.
647 739 693 778 de
712 739 842 777 eadem
864 750 924 776 re:
1168 762 1171 764 -

315 808 463 846 Arbiter
482 806 536 844 hic
553 805 661 854 igitur
673 803 835 853 sumptus
857 801 896 839 de
918 802 979 841 lite
989 801 1113 852 jocosh.

263 872 438 922 Hyginus
458 870 528 909 fab.
547 878 610 918 75.
630 867 779 916 jocosam
799 865 1058 905 altercationem
1071 864 1174 903 dixit.
1201 864 1303 902 Mar-
1321 860 1324 864 ’

263 923 355 961 tialis
376 921 537 960 similiter
560 920 745 970 Epigram.
763 930 824 956 20.
863 917 1026 965 Spedtac.
1062 914 1190 966 populi
1210 926 1303 953 con·

263 972 479 1012 troverfiam
499 971 545 1010 de
565 971 720 1019 Myrino
741 968 942 1017 gladiatore
964 970 1002 1005 &
1019 966 1209 1014 triumpho
1225 991 1236 1011 ,
1250 967 1298 1012 jo-

264 1025 375 1072 cosam
396 1024 492 1061 litem
503 1021 693 1061 vocitavit.
747 1020 800 1056 Ita
813 1030 965 1068 quoque
984 1018 1167 1066 Philippus
1190 1014 1303 1054 Gual-

264 1082 362 1114 tetus
389 1075 450 1113 lib.
473 1086 503 1113 1.
551 1069 819 1110 Alexandridos
839 1069 1003 1107 nobilem
1017 1068 1117 1106 illam
1138 1067 1304 1106 Dearum

266 1126 550 1164 contentionem
583 1122 628 1160 de
659 1120 926 1169 pulchritudine
949 1121 1099 1168 jocosam
1124 1118 1220 1154 litem
1242 1129 1308 1166 ap-

267 1176 416 1225 pellavit
443 1176 496 1212 liis
525 1172 681 1210 verfibus
704 1201 716 1216 ‚
753 1173 817 1222 qui
840 1170 954 1220 vulgo
973 1168 1238 1209 mendofiffimi
1255 1168 1309 1206 le-

267 1235 403 1275 guntur
421 1225 575 1264 in'hunc
594 1223 749 1261 modum
766 1235 774 1260 ε

317 1296 483 1339 Dumque
502 1286 686 1331 vetustatis
698 1287 831 1333 saltem
851 1285 991 1335 vestigia
1010 1283 1170 1336 quaerit,

317 1340 444 1378 sedula
459 1340 641 1390 praevenit
653 1336 802 1386 fluviali
823 1335 948 1384 confita
969 1336 1055 1374 libro

317 1391 416 1429 Plebs
430 1419 440 1435 ,
464 1388 602 1441 populus
624 1394 762 1426 Senones
782 1386 842 1425 ubi
865 1387 1053 1424 Mochitale
1073 1395 1209 1424 notata.

319 1442 453 1492 Scr1'pta
492 1442 606 1478 latent
644 1439 782 1477 Paridis
816 1438 992 1489 tenerique
1024 1437 1185 1487 leguntur
1213 1448 1309 1475 amo·

396 1507 446 1530 res
459 1508 470 1527 .-

323 1543 441 1592 Densa
456 1541 565 1590 subest
586 1540 715 1586 vallis,
745 1540 803 1577 ubi
821 1539 894 1577 litis
915 1539 1016 1588 causa
1030 1540 1159 1588 jocosas

323 1598 490 1632 Traetata
508 1593 550 1641 est
571 1619 580 1637 ,
603 1605 681 1630 cum
691 1592 868 1641 judicium
882 1590 1076 1628 temeravit
1090 1588 1242 1627 adulter.

271 1659 339 1705 Tu
359 1659 406 1698 fic
427 1671 489 1698 eos
509 1657 666 1697 emenda
694 1657 751 1695 M.
771 1656 805 1694 S.
831 1655 1061 1695 authoribus:

321 1731 489 1771 Dumque
507 1722 687 1770 vetustatis
697 1721 824 1771 saltim
843 1720 980 1770 uestigia
999 1720 1135 1770 quaerit
1148 1725 1161 1765 ,'

323 1775 467 1812 Sedulus
485 1773 644 1823 objicitur
655 1772 806 1822 fluviali
825 1771 951 1819 consita
974 1771 1066 1820 ripae

323 1826 470 1873 Populus
491 1831 660 1866 Oenones,
688 1823 746 1860 ubi
766 1822 899 1859 Moechi
911 1821 1007 1867 falce
1031 1830 1155 1858 notata

326 1877 457 1925 Scripta
478 1875 588 1911 latent
611 1873 761 1911 Paridis.

274 1940 469 1978 Gualterus
492 1941 592 1976 enim
612 1938 657 1976 de
683 1937 894 1977 Alexandro
911 1936 1073 1986 loquitur
1089 1965 1099 1981 ‚
1128 1936 1187 1975 cui
1209 1936 1245 1973 in
1261 1935 1313 1974 A-

273 1990 361 2029 fiam
390 1989 558 2038 profesto
581 2017 591 2033 ‚
628 1989 665 2024 &
697 1989 921 2036 antiquitatis
950 1987 1095 2036 vestigia
1128 1987 1314 2034 indaganti

275 2041 431 2090 populus
453 2042 631 2079 Oenones
648 2037 757 2075 obvia
775 2037 866 2075 faeta
887 2037 934 2074 est
949 2065 960 2082 ‚
988 2038 1023 2074 in
1047 2038 1147 2085 cujus
1177 2038 1315 2074 cortice

277 2092 412 2128 Paridis
435 2102 581 2129 amores
600 2089 795 2136 descriptos
818 2087 887 2127 effe
910 2087 1012 2136 fingit
1035 2087 1194 2124 Ovidius
1217 2087 1253 2124 in
1265 2086 1316 2123 E-

277 2142 402 2191 pistola
421 2141 525 2188 ipsius
539 2141 718 2177 Oenones
740 2139 785 2175 ad
795 2137 962 2176 Paridem
980 2165 989 2182 ‚
1018 2138 1185 2187 adquam
1202 2136 1315 2175 Gual-

278 2202 376 2231 tetus
396 2190 520 2229 allusit.
552 2191 722 2228 Sar-vtio.

330 2243 416 2280 266.
443 2242 569 2279 Clarus
586 2242 624 2278 in
646 2251 720 2277 arte
733 2239 876 2287 [υκαι]
907 2237 1041 2276 Senem
1071 2245 1181 2275 vocat
1201 2238 1314 2276 Tire-

276 2293 363 2333 fiam
380 2322 390 2337 ‚
418 2293 503 2341 quia
523 2291 660 2340 septem
680 2298 814 2329 aetates
833 2290 945 2333 vixit,
972 2288 1060 2327 teste
1073 2289 1316 2336 Melampode

277 2344 376 2393 apud
403 2344 576 2381 lsaacium
608 2341 789 2379 Tzetzen.
849 2340 1004 2390 Hygino
1029 2367 1040 2384 ,
1070 2339 1318 2388 Lycophroni

280 2396 489 2440 π’μπελος,
519 2393 755 2441 Apollodoro
773 2391 907 2428 libau.
929 2391 1160 2437 πολυχρόνιος
1171 2390 1314 2428 dicitur.

280 2412 450 2489 Arme.
489 2444 658 2482 Heinsius
674 2440 829 2480 malebat
852 2469 861 2484 ‚
888 2440 931 2477 ab
950 2452 1037 2478 arte.
1065 2448 1104 2479 ut
1129 2452 1182 2478 iv.
1205 2440 1316 2480 Trist.

282 2509 319 2535 x.
340 2498 396 2534 16.
426 2502 519 2533 Imus
541 2494 586 2531 ad
608 2491 745 2542 insignes
766 2492 857 2528 urhis
876 2491 920 2528 ab
943 2502 1017 2528 arte
1039 2492 1144 2528 viros.

330 2549 415 2593 267.
445 2545 572 2597 Qalis
600 2556 642 2585 εγ
671 2545 736 2593 ipse
758 2542 874 2591 suin]
913 2542 1071 2579 Phineus
1110 2541 1201 2579 filios
1237 2542 1318 2582 suos

279 2598 566 2649 Polyde&orem
589 2596 624 2632 ὅ(
646 2593 874 2642 Polydorum
890 2620 900 2637 ‚
928 2591 1093 2630 adulterii
1124 2592 1277 2631 crimine
1297 2594 1318 2632 a

283 2650 479 2698 Cleopatra
511 2656 671 2686 noverca
698 2643 881 2681 accusatos
903 2670 913 2686 ‚
942 2643 1176 2685 excaecavit;
1207 2655 1319 2691 quare

276 2699 306 2738 ’ᾗ
328 2701 418 2737 love
438 2699 511 2748 ipse
539 2703 754 2735 excaecatus
786 2692 858 2737 est,
886 2693 1034 2741 ejusque
1063 2693 1202 2731 mensas
1223 2694 1320 2733 Har-

282 2751 394 2800 pyiae
419 2748 673 2787 defoedabant.
727 2742 844 2781 Iasoni
860 2753 993 2781 autem
1022 2755 1088 2792 pro
1111 2755 1223 2782 aureo
1242 2745 1319 2783 vel-

281 2800 359 2838 lere
379 2800 422 2836 ad
444 2800 606 2837 Colchos
633 2798 730 2834 ituro
753 2823 763 2838 ,
801 2793 973 2831 columba
1003 2796 1147 2842 praevia
1169 2796 1237 2833 fuit
1255 2796 1317 2834 ad-

285 2851 436 2889 monitu
454 2850 592 2887 Phinei.
623 2845 802 2884 Palladiae
826 2845 897 2881 rati
918 2844 1005 2882 dicit
1020 2872 1029 2888 ,
1057 2847 1143 2893 quia
1165 2845 1317 2885 confilio

280 2901 454 2944 Palladis,
482 2911 575 2948 quae
597 2898 677 2935 Dea
696 2895 910 2944 sapientiae,
940 2894 1045 2931 faeta.
1074 2895 1317 2935 INTERPRES.

284 2951 464 2990 Phineum
497 2960 646 2986 caecum
677 2946 850 2984 effeetum
881 2956 1012 2982 ornnes
1058 2945 1310 2990 consentiunt;

282 3002 342 3050 sed
372 3001 472 3048 cujus
502 2999 614 3042 filius,
643 2999 680 3034 δὲ
710 3009 728 3034 a
754 2996 884 3044 quibus
917 3004 1080 3032 caecatus
1103 2995 1233 3040 fuerit,
1260 2997 1314 3035 di-

282 3052 382 3092 versa
397 3051 541 3100 opinio.
594 3048 816 3095 Apollonius
851 3055 891 3082 11
911 3047 1058 3094 Argon.
1088 3046 1124 3081 ὅ(
1151 3047 1316 3085 Hellani-

282 3115 344 3142 cus
364 3102 562 3151 Agenote2
594 3097 797 3140 Hesiodus,
828 3095 1056 3143 Asclepiades
1079 3097 1115 3133 ὃ(
1138 3097 1316 3146 Pherecy-

282 3153 345 3191 des
366 3153 551 3191 Phoenice
583 3149 763 3198 Agenoris
791 3145 867 3183 filio
894 3156 1020 3183 natum
1043 3146 1178 3184 dicunt.
1232 3149 1316 3185 Ma-

283 3212 376 3243 trem
397 3214 522 3243 autem
542 3201 618 3252 ejus
639 3200 835 3239 nominant
854 3197 1096 3247 Cassiopeam.
1123 3197 1313 3239 Praeterea

2285 434 2398 510 Qui

1359 582 1532 631 Orpheus
1552 594 1573 621 a
1593 583 1690 622 Zeto
1713 582 1751 622 St
1773 583 1901 629 Calai,
1929 583 2120 625 Diodorus
2139 596 2160 625 a
2179 586 2317 634 Borea,
2345 589 2400 629 A·

1359 633 1544 682 pollonius
1563 635 1602 672 &
1622 634 1750 673 Balbus
1774 647 1792 673 a
1813 636 1909 682 Jove
1935 636 2017 675 luce
2040 638 2223 686 privatum
2244 641 2395 687 dicunt,

1358 683 1463 743 quod
1489 685 1624 724 secreta
1653 686 1868 725 mortalibus
1898 687 2066 726 coelestia
2087 690 2254 737 aperiret.
2292 693 2403 730 Non-

1358 735 1447 775 nulli
1468 747 1487 773 a
1509 736 1594 775 Sole
1612 764 1625 782 ,
1660 737 1763 787 quod
1785 738 1933 788 longam
1955 740 2077 788 potius
2094 748 2252 780 aetatem
2275 744 2402 783 vivere

1357 786 1393 825 se
1418 786 1512 827 velle
1541 786 1705 832 dixisset,
1732 799 1844 837 quam
1875 790 1938 827 usu
1959 790 2142 829 luminum
2173 792 2257 830 frui.
2318 794 2402 834 Ister

1359 838 1466 877 asole
1482 867 1493 884 ,
1521 839 1664 877 Aeetae
1677 840 2004 888 imprecationibus
2021 852 2153 886 mot0;
2184 844 2248 891 qui
2267 844 2303 882 in
2322 845 2406 884 Phi-

1359 900 1473 928 neum
1506 890 1620 928 multa
1649 889 1780 928 dicitur
1804 892 2023 941 imprecatus
2045 921 2057 938 ‚
2083 893 2186 941 quod
2224 896 2405 934 vaticiniis

1359 940 1429 978 suis
1449 939 1529 979 filiis
1551 941 1684 990 Phryxi
1707 941 1879 990 sospitatis
1900 943 2001 981 causa
2022 943 2155 982 fuiflet.
2183 945 2264 984 sunt
2286 947 2401 997 &qui

1358 991 1455 1030 duos
1476 992 1637 1030 Phineos
1654 989 1757 1029 fuiss'e
1776 992 1924 1039 dicunt,
1952 994 2049 1033 hunc
2060 995 2105 1033 de
2117 1007 2195 1045 quo
2222 996 2406 1043 diximus;

1361 1044 1399 1080 δε
1417 1044 1570 1083 alterum
1586 1042 1638 1099 ‘ab
1659 1054 1706 1080 eo
1731 1041 1873 1081 sextum
1889 1072 1899 1088 ,
1913 1056 2025 1094 quem
2047 1058 2203 1084 coecum
2217 1048 2329 1086 etiam
2351 1050 2408 1088 ef-

1363 1092 1506 1133 fectum
1530 1093 1687 1131 scribunt
1709 1121 1719 1138 ‚
1757 1094 1861 1144 quod
1888 1094 2031 1134 infidias
2049 1097 2246 1136 tetenderit
2264 1098 2408 1140 Perseo.

1362 1154 1405 1183 ut
1414 1157 1481 1184 nos
1492 1144 1576 1183 alibi
1588 1156 1740 1194 quoque
1749 1143 1910 1184 diffufius
1922 1146 2158 1195 explicamus.
2170 1150 2409 1188 Consum.

1364 1197 1537 1236 Far-isus.
1594 1196 1751 1235 Phineus
1792 1196 2005 1247 Salmydeffi
2033 1199 2070 1236 in
2102 1198 2261 1238 Thracia
2301 1203 2407 1247 Rex,

1368 1250 1433 1298 qui
1455 1259 1540 1287 cum
1564 1247 1772 1296 Orytthum
1796 1248 1834 1285 &
1857 1248 2032 1286 Crambin
2055 1248 2148 1288 filios
2177 1261 2223 1288 ex
2244 1251 2407 1301 Cleopa-

1361 1308 1415 1337 tra
1433 1311 1550 1338 uxore
1568 1298 1666 1336 suasu
1688 1298 1803 1343 Diae,
1819 1297 1902 1336 iive
1923 1299 2033 1337 ideae
2062 1310 2246 1338 novercae
2277 1314 2409 1341 excae-

1363 1347 1498 1395 casset,
1523 1349 1586 1399 ipli
1615 1347 1635 1386 a
1659 1349 1739 1387 Diis
1768 1351 1864 1400 iratis
1886 1350 1979 1388 eruti
2000 1350 2079 1388 sunt
2101 1353 2220 1396 oculi,
2248 1354 2284 1388 ὅ(
2311 1354 2408 1391 l-lar-

1362 1403 1471 1450 pyiae
1492 1398 1695 1445 immissae,
1734 1411 1829 1450 quae
1861 1401 1961 1439 cibos
1988 1400 2213 1449 abriperent,
2243 1404 2407 1443 mensam

1364 1452 1476 1490 foeda
1509 1451 1667 1489 colluvie
1697 1451 1929 1496 infestarent,
1957 1452 2010 1490 uti
2039 1452 2202 1490 referunt
2231 1454 2405 1502 Orpheus

1366 1504 1406 1543 in
1419 1503 1702 1553 Argonauticis‚
1731 1502 1952 1551 Apollonius
1975 1502 2143 1540 Rhodius
2170 1504 2231 1542 lib.
2252 1517 2294 1542 ιι.
2332 1507 2406 1544 Ar-

1367 1563 1519 1603 gonaut.
1546 1553 1714 1591 Valerius
1734 1553 1879 1591 Flaccus
1892 1554 2097 1602 Argonaut.
2124 1555 2184 1591 lib.
2206 1567 2259 1593 xv.
2290 1556 2409 1605 Apol-

1367 1605 1519 1644 lodorus
1540 1604 1602 1642 lib.
1618 1616 1646 1642 1.
1676 1604 1877 1642 Eustathius
1898 1605 1934 1642 in
1954 1603 2170 1653 Odyffixu.
2195 1607 2289 1644 inter
2308 1606 2342 1644 se
2354 1606 2409 1645 di-

1371 1655 1474 1694 verfi.
1504 1656 1643 1693 Verum
1661 1655 1984 1693 Diodoruslib.1v.
1998 1666 2073 1692 rem
2089 1656 2244 1699 ἱςορικῶς
2265 1666 2408 1702 narrat,

1372 1707 1576 1755 Phineique
1598 1707 1636 1744 ὅ(
1657 1705 1817 1744 filiorum
1842 1706 1918 1754 ejus
1936 1707 2237 1744 excaecationem
2251 1707 2410 1756 Mytho-

1373 1757 1501 1805 logicis
1514 1756 1688 1795 adscribit.
1717 1756 1873 1795 Phineus
1883 1766 2006 1795 autern
2026 1758 2324 1806 Argonautarum
2346 1759 2410 1797 be·

1369 1807 1505 1845 neficio
1525 1808 1567 1844 ab
1591 1807 1750 1857 Harpyis
1771 1808 1939 1845 liberatus
1960 1807 2053 1855 ipsos
2075 1810 2245 1851 monuit,
2273 1818 2313 1846 ut
2342 1821 2409 1847 co-

1369 1858 1533 1896 lumbam
1558 1857 1690 1896 ducem
1716 1858 1971 1906 sequerentur,
2000 1867 2040 1896 ut
2056 1859 2152 1907 apud
2170 1859 2330 1897 eundem
2353 1861 2410 1897 A·

1371 1908 1579 1956 pollonium
1607 1908 1733 1946 videre
1762 1908 1822 1947 est.
1875 1909 1977 1947 Hinc
2016 1909 2225 1958 Propertius
2261 1911 2321 1948 lib.
2342 1922 2408 1951 ω.

1369 1959 1473 2008 Eleg.
1490 1972 1528 1999 z.

1425 2020 1514 2069 QA
1535 2021 1631 2058 rudis
1651 2025 1769 2069 Argoa
1792 2029 1895 2057 natat
1912 2020 2003 2057 inter
2016 2022 2111 2068 saxa
2132 2020 2311 2068 columba,

1475 2078 1517 2108 ln
1528 2072 1659 2118 faciem
1675 2080 1796 2121 prorae
1811 2072 1916 2120 pinus
1935 2071 2063 2107 adacta
2082 2085 2203 2109 novae.

1373 2139 1570 2177 Caeterum
1603 2139 1705 2185 Argo
1740 2138 1851 2173 navis.
1873 2137 2039 2173 Palladia
2065 2137 2160 2173 dicta
2189 2164 2198 2179 ‚
2242 2137 2344 2187 quod
2365 2151 2408 2179 ea

1369 2189 1520 2226 Palladis
1549 2187 1702 2224 consilio
1725 2186 1887 2224 extructa
1907 2185 2002 2224 effet.
2053 2186 2253 2225 SALVAGN.
2280 2190 2409 2237 Qalis

1371 2251 1414 2279 ω-
1433 2238 1490 2275 ille
1507 2238 1586 2283 suit
1606 2237 1774 2275 Francos.
1803 2239 1840 2275 &
1858 2238 1964 2274 multi
1984 2237 2055 2274 alii.
2111 2251 2125 2264 ·
2415 2238 2418 2241 '

1424 2290 1508 2337 269.
1537 2289 1675 2337 {Quique
1695 2288 1798 2324 oculis
1823 2286 1974 2337 caruit]
2006 2287 2264 2336 polymnestor
2284 2290 2410 2329 Thra·

1374 2351 1460 2377 cum
1481 2341 1561 2377 Rex
1577 2367 1587 2383 ,
1611 2349 1723 2387 quem
1746 2339 1901 2376 Hecuba
1921 2338 2041 2376 socrus
2063 2339 2113 2376 ob
2131 2340 2353 2379 trucidatum
2365 2343 2409 2381 ab

1374 2391 1451 2439 ipso
1484 2390 1711 2438 Polydorum
1743 2388 1859 2427 filium
1889 2390 1963 2426 auri
1994 2390 2071 2437 ejus
2108 2391 2279 2437 potiundi
2305 2393 2408 2432 causa

1370 2442 1485 2479 oculis
1505 2442 1604 2479 exuit
1619 2467 1629 2483 ,
1657 2451 1797 2488 eosque
1818 2440 1866 2476 sic
1898 2440 1983 2477 orba
2004 2451 2131 2487 parens
2153 2449 2240 2478 nato
2261 2443 2324 2480 suo
2352 2444 2410 2482 in-

1369 2490 1476 2530 ferias
1500 2492 1613 2529 dedit.
1666 2490 1856 2539 Euripides
1873 2490 1909 2527 in
1931 2490 2097 2528 Hecuba.
2152 2491 2314 2530 Ovidius
2335 2493 2409 2540 ipse

1371 2542 1530 2581 libitui.
1558 2542 1810 2588 Metamorph.
1822 2552 1944 2589 neque
1961 2542 2062 2578 enim
2075 2540 2245 2588 Virgilius
2255 2542 2407 2582 AEneid.

1373 2594 1432 2631 lib.
1457 2607 1484 2631 1.
1532 2590 1818 2641 Polymnestoris
1852 2591 2037 2628 excaecati
2081 2592 2262 2629 meminit.
2315 2593 2409 2631 Sat.-

1374 2655 1496 2682 vasu.

1425 2707 1509 2741 271.
1539 2693 1654 2739 Pastor
1685 2703 1724 2730 ut
1754 2689 1964 2739 AEtnaeus.]
2003 2690 2123 2729 Pastor
2159 2692 2186 2729 is
2228 2693 2275 2730 est
2296 2694 2409 2744 Poly-

1373 2746 1541 2793 phemus.
1593 2744 1778 2782 Telomus
1805 2742 1960 2791 Eurymi
1978 2739 2068 2779 filius
2099 2742 2334 2793 Polyphemo
2353 2747 2410 2796 gif

1373 2798 1473 2845 ganti
1491 2798 1564 2834 hoc
1587 2794 1832 2843 praedixerat:

1426 2865 1566 2908 Tempus
1594 2858 1659 2896 erit
1674 2885 1684 2903 ,
1707 2857 1906 2907 Polypheme
1925 2885 1936 2903 ,
1967 2866 2070 2895 tuum
2090 2871 2153 2909 quo
2174 2858 2291 2897 lumen
2311 2859 2408 2911 Vlys}

1491 2913 1548 2957 ses
1567 2937 1576 2955 ,

1420 2961 1525 3010 Qod
1541 2960 1638 2998 modo
1649 2961 1768 3007 fronte
1782 2959 1869 3009 geris
1883 2969 1985 2998 torva
1996 2986 2010 3013 ,
2034 2958 2099 2998 tibi
2105 2959 2233 3010 surripi
2260 2960 2380 3001 telam.

1371 3032 1617 3072 lamminas.

1372 3099 1648 3146 Polyphemus,
1676 3099 1733 3136 cui
1764 3097 1944 3136 Telemus
1962 3095 2117 3144 Eurymi
2139 3093 2228 3133 filius
2250 3076 2404 3134 oculum

1372 3150 1414 3185 ab
1435 3147 1560 3195 Vlysi'e
1589 3160 1735 3187 erutum
1767 3150 1808 3186 iri
1829 3149 2044 3185 vaticinatur
2073 3145 2168 3194 apud
2191 3147 2405 3184 Homerum

1373 3199 1502 3250 Odyff.
1524 3213 1576 3239 ix.
1604 3199 1720 3251 Quod
1749 3199 1792 3239 ab
1823 3198 1964 3238 Ovidio
1983 3208 2139 3248 quoque
2158 3206 2318 3237 narratur
2344 3194 2406 3233 lib.

1576 3259 1578 3263 ·
2317 3256 2407 3286 1111.
