2547 3708
330 144 390 191 22
1132 119 1648 173 P.OVID11

329 219 567 272 Dominici,
597 221 638 262 in
668 221 809 274 quibus
839 222 988 261 horum
1019 218 1239 259 nominum
1262 215 1470 272 Moniales
1502 214 1606 254 sunt.
1666 211 1712 252 In
1734 213 1814 251 hoe
1833 221 1899 253 aut
1920 211 2196 268 dialefflcam,
2224 224 2292 257 aut
2317 205 2437 262 aliam

329 274 603 326 philosophiae
622 285 774 328 partem
795 276 1114 326 interpretantur.
1173 270 1230 314 D.
1249 268 1445 317 Nicolai,
1476 267 1515 307 in
1537 279 1620 318 quo
1643 264 1811 326 Ordinis
1833 266 2003 307 minoris
2025 269 2320 318 observantiae,
2347 285 2440 323 pro-

332 340 381 378 pe
413 328 579 369 moenia
610 331 888 369 collocatum:
914 328 952 368 S.
975 326 1166 379 Spiritus,
1189 324 1307 377 quod
1329 323 1382 361 est
1404 321 1590 370 Princeps
1613 317 1941 360 Caelestinorum
1959 319 2223 363 Coenobium
2245 324 2328 365 duo
2350 326 2442 366 mil-

332 381 387 422 lia
415 380 596 433 passuum
626 382 826 422 Sulmone
857 381 997 421 distans
1029 381 1070 420 in
1099 379 1446 431 Septentrionem,
1476 373 1547 411 sub
1570 371 1755 413 Moroni‘
1778 372 1931 412 montis
1960 373 2158 415 radicibus
2188 379 2329 428 fitum,
2359 388 2441 420 tam
2494 375 2508 386 ”

333 446 487 492 magno
516 436 667 477 ambitu
689 436 727 476 ἃ
747 435 936 475 aedificiis
957 435 1009 473 ita
1031 433 1229 485 pulchris,
1253 429 1352 471 utin
1374 425 1562 466 universo
1587 423 1833 464 Christianae
1858 423 2121 476 Reipublicae
2139 430 2258 478 orbe,
2287 442 2338 470 eo
2360 443 2443 472 ma·
2496 444 2498 447 ’

328 501 420 539 Jus,
458 501 590 539 eoque
621 488 882 528 commodius
916 488 985 539 (ad
1007 487 1214 527 summum
1233 491 1448 535 quattuor,
1478 489 1544 520 aut
1567 479 1746 530 quinque
1765 479 1972 529 exceptis)
2003 479 2171 522 inventu
2193 482 2357 523 difficile
2379 485 2442 526 fit:

333 542 375 581 in
404 542 483 582 hoc
505 541 816 582 Menaenorum
845 542 1060 592 suffragio,
1090 539 1158 590 qui
1189 550 1233 576 ex
1262 534 1452 574 omnibus
1486 532 1622 572 ltaliae
1650 531 1901 572 monasteriis
1932 535 1983 571 e'o
2005 533 2045 572 se
2066 534 2289 576 conferun!
2308 537 2442 579 Abbas

334 594 458 634 divini
491 595 668 634 numinis
691 596 903 634 voluntate
926 595 1095 645 spirante
1121 591 1239 630 tertio
1264 599 1430 640 quoque
1446 598 1555 626 anuo
1579 586 1826 634 declaratur,
1857 583 1911 626 D.
1935 585 2202 640 Hieronymi,
2231 590 2344 641 quod
2365 591 2445 632 Ca-

331 649 513 700 puccini,
547 657 590 687 ut
616 650 842 699 appellant,
871 648 1084 697 incolunt,
1119 643 1235 684 mille
1268 641 1396 694 passus
1429 640 1477 680 ab
1497 640 1594 679 urbe
1617 638 1786 690 distans,
1812 640 1853 680 in
1874 639 2085 680 meridiem
2117 654 2241 694 prope
2263 643 2446 686 Cafilum
2502 670 2504 673 ·
2530 635 2547 703 3.-

334 702 613 741 monticulum
635 701 823 752 politum.
881 699 984 741 Sunt
1017 699 1055 739 δε
1087 699 1127 738 in
1151 698 1247 738 urbe
1267 696 1446 747 quinque
1465 696 1542 733 alia
1565 691 1804 746 Virginum,
1833 705 1935 744 quae
1957 691 2052 734 Deo
2069 694 2223 736 dicatae
2242 696 2357 745 sunt;
2387 696 2445 739 D.

334 754 505 795 Clarae:
537 753 595 793 D.
617 755 880 794 Gathar-inae:
911 752 964 794 D.
989 752 1216 793 Monieae:
1246 748 1304 791 D.
1328 747 1530 788 Cosmae:
1554 745 1608 788 D.
1633 746 2000 798 Antonii3aiiaque
2019 750 2317 801 quamplurima
2338 764 2446 803 pres-
2485 766 2489 770 ’
2531 767 2533 769 ’

333 809 565 859 byterorum
597 820 715 848 curae
735 806 966 853 commissa,
997 816 1041 846 ut
1063 806 1126 856 id,
1156 803 1268 856 quod
1291 801 1420 843 modo
1441 801 1545 851 dixi,
1577 799 1634 840 D.
1657 799 1816 842 Mariae
1838 801 2132 853 Annuntiata'e,
2162 803 2264 844 inter
2286 817 2388 856 quae
2406 806 2445 847 &

337 860 438 900 illud
470 861 522 900 est
544 859 659 901 divae
679 861 836 903 Mariae
855 861 906 900 <ie
925 860 1110 902 Tumba.
1135 859 1201 899 ubi
1226 856 1363 899 Ovidii
1382 855 1544 895 aedium
1564 866 1652 906 pars
1673 853 1710 894 ἃ
1731 856 1933 906 templum
1951 853 2066 895 fuiffe
2083 857 2261 897 traditur.
2318 858 2364 899 In
2387 859 2444 899 his
2493 864 2502 875 ¹

333 925 470 953 autem
495 913 576 954 fere
596 916 785 955 omnibus
813 918 967 954 multae
990 914 1079 953 sunt
1100 911 1350 953 Sanetorum
1372 908 1586 960 reliquiae,
1613 920 1714 958 quae
1737 908 1785 947 ab
1805 908 1997 948 omnibus
2023 909 2129 949 urbis
2149 909 2382 951 hominibus
2405 913 2465 954 &¹

334 967 529 1017 externis,
560 968 662 1008 statis
694 969 832 1008 diebus
856 965 1143 1021 religiofiffime
1161 966 1355 1005 visuntur.
1419 962 1641 1003 Societates
1664 961 1838 1011 septem,
1865 960 2108 1003 Sandliffimi
2126 963 2307 1015 corporis
2327 965 2446 1005 Chri·
2484 995 2486 997 .
2533 1001 2535 1009 ,

336 1020 399 1070 sti3
430 1019 705 1061 Saneliffimae
733 1021 968 1070 Trinitati53
999 1019 1096 1060 Divi
1128 1018 1269 1068 jacobi
1299 1017 1511 1070 Apostoli3
1540 1013 1674 1056 Divae
1702 1013 1862 1055 Mariae
1883 1015 2171 1069 Angelorun13
2201 1017 2333 1058 Divae
2350 1018 2447 1061 Ma-

336 1074 413 1114 riae
431 1075 480 1114 de
501 1074 719 1126 succursu,
748 1074 882 1116 Divae
904 1075 1060 1117 Mariae
1079 1072 1128 1113 de
1149 1072 1353 1124 Laureto,
1383 1070 1421 1111 &
1442 1068 1612 1111 sanetae
1630 1067 1789 1110 Crucis.
1844 1067 1892 1109 In
1913 1069 1994 1109 hoc
2012 1079 2113 1111 artes
2136 1084 2260 1123 paene
2279 1084 2446 1124 omnes,

335 1130 437 1177 quae
468 1128 516 1168 ad
546 1128 665 1169 usum
698 1131 923 1170 humanum
956 1126 1192 1169 necessariae
1220 1126 1336 1175 sunt,
1371 1124 1529 1177 vigent:
1567 1122 1777 1174 praecipue
1806 1130 1965 1173 autem,
1996 1135 2097 1174 quae
2123 1138 2212 1166 aere
2239 1128 2277 1165 ὃ(
2306 1126 2447 1167 stanno

336 1182 463 1234 fiunt,
494 1195 666 1233 quarum
698 1196 820 1236 opera
841 1183 894 1224 ita
913 1182 1135 1223 efferuntur
1160 1180 1341 1221 laudibus
1355 1209 1365 1229 ,
1392 1189 1435 1218 ut
1458 1178 1497 1218 in
1519 1175 1686 1227 Europa
1706 1176 1890 1216 universa
1911 1177 1965 1216 eis
1986 1177 2091 1229 paria
2108 1178 2278 1220 inveniri
2299 1192 2449 1234 negen-

332 1245 409 1275 tur.
467 1235 661 1288 Quorum
692 1237 909 1278 artificium
940 1237 977 1277 &
1009 1236 1251 1290 elegantiam
1277 1233 1493 1274 admiratus
1524 1228 1805 1271 erudiriffimus
1840 1230 1921 1281 vir,
1953 1231 2100 1272 Paulus
2124 1231 2363 1283 Manutius,
2395 1234 2446 1275 ad

332 1289 401 1331 Μ.
427 1290 662 1332 Antonium
697 1291 884 1343 fratrem,
915 1291 983 1342 qui
1010 1303 1173 1331 aereum
1207 1288 1364 1340 tripoda
1384 1284 1688 1326 benevolentiae
1709 1293 1950 1337 argumento
1972 1285 2023 1331 ad
2045 1298 2140 1326 eum
2164 1287 2321 1327 miserat
2343 1288 2446 1328 libro

334 1354 399 1382 xi.
427 1344 590 1384 suarum
610 1345 866 1397 epistolarum
891 1345 943 1385 ita
968 1344 1113 1387 scribit.
1173 1341 1351 1382 Vasculo
1374 1352 1505 1390 aereo,
1532 1337 1644 1390 quod
1670 1337 1718 1377 ad
1737 1350 1804 1378 me
1816 1337 2016 1379 Hercules
2035 1336 2154 1379 frater
2177 1350 2268 1381 tuus
2291 1341 2372 1380 heri
2390 1352 2450 1381 at-

333 1398 447 1447 tulit,
481 1398 577 1438 nihil
610 1400 845 1449 amabilius,
876 1411 1007 1451 neque
1038 1398 1077 1438 id
1105 1397 1177 1438 usu
1209 1396 1335 1449 magis
1354 1394 1467 1446 ipsc),
1495 1404 1618 1444 quam
1639 1392 1770 1442 operis
1789 1392 1999 1442 elegantia.
2058 1390 2262 1444 Equidem
2285 1394 2451 1435 Sulmo-

334 1451 477 1491 nenses
506 1453 694 1493 homines
715 1456 847 1494 valere
867 1452 1055 1507 ingeniO,
1085 1451 1175 1491 satis
1196 1460 1313 1490 antea
1333 1458 1611 1501 cognoveram
1626 1476 1637 1494 ,
1667 1447 1747 1485 hoc
1765 1445 1921 1486 artificii
1940 1457 2086 1497 genere
2106 1448 2246 1487 ceteris
2272 1448 2450 1488 homini-

334 1504 407 1544 bus
437 1509 698 1555 antecellere,
739 1507 800 1546 rix
834 1518 1015 1558 unquam
1042 1503 1257 1557 putassem:
1297 1514 1409 1543 nunc
1439 1498 1641 1552 perspe&a
1671 1498 1882 1549 industria,
1921 1499 2017 1538 illos
2049 1500 2196 1549 laudo,
2226 1510 2265 1541 te
2292 1501 2342 1541 de
2374 1501 2446 1542 isto

334 1570 505 1598 munere
536 1561 792 1601 vehementer
821 1573 930 1600 amo.
988 1557 1044 1600 Ea
1067 1569 1203 1599 autern
1223 1569 1344 1608 opera
1362 1556 1402 1595 in
1422 1552 1740 1605 quamplurimas
1759 1552 1797 1593 <St
1819 1552 2102 1593 remotiffimas
2124 1555 2231 1595 orbis
2253 1564 2450 1597 terrarum

335 1613 519 1665 regiones
552 1614 732 1664 quotidie
754 1622 1031 1666 exportantur.
1088 1610 1152 1652 Est
1176 1610 1213 1651 &
1231 1610 1272 1650 in
1297 1608 1381 1661 ipso
1404 1620 1500 1648 cum
1518 1607 1696 1647 aliorum
1715 1605 1948 1657 fruffi‘mum,
1978 1618 2067 1648 tum
2089 1620 2323 1660 peponum,
2352 1609 2450 1650 alia-
2498 1604 2500 1606 ’

333 1678 507 1716 rumque
535 1680 692 1716 rerum,
721 1681 822 1719 quae
854 1680 899 1708 ex
931 1667 1055 1707 hortis
1081 1664 1384 1717 producuntur,
1413 1661 1606 1701 omnium
1632 1660 1810 1700 maxima
1831 1660 1974 1711 copia3
2001 1661 2099 1701 item
2120 1663 2449 1715 amygdalarum,

334 1718 368 1758 <St
394 1731 632 1770 mororum,
653 1733 832 1772 quorum
856 1721 956 1761 folia
976 1720 1099 1760 edunt
1119 1729 1276 1758 vermes
1297 1717 1379 1765 illi,
1405 1716 1471 1767 qui
1493 1715 1665 1754 sericum
1681 1745 1692 1764 ,
1722 1713 1835 1765 quod
1855 1716 1917 1753 vel
1941 1714 2132 1755 omnium
2154 1716 2358 1766 optimum
2381 1729 2450 1756 ne-

327 1781 418 1822 ·tur,
449 1773 632 1826 gignunt.
669 1773 737 1814 De
755 1787 882 1815 croco
905 1775 945 1813 in
966 1771 1308 1814 observationibus
1329 1769 1420 1809 dixi.
1456 1768 1557 1810 Sunt
1589 1767 1918 1808 &mercimonia
1934 1771 2151 1811 nonnulla.
2191 1767 2451 1811 Tabellarius

334 1826 516 1876 publicus
540 1828 597 1868 bis
620 1827 870 1869 hebdomade
893 1826 1094 1868 Sulmone
1115 1826 1265 1867 traniit.
1297 1823 1341 1863 In
1373 1823 1490 1873 foro,
1519 1820 1631 1873 quod
1652 1820 1740 1861 satis
1761 1823 1914 1866 latum,
1935 1820 2107 1872 satisque
2138 1824 2355 1873 pulchrum
2374 1823 2452 1874 est,
2480 1844 2484 1850 =

336 1879 393 1918 bis
426 1882 669 1933 quotannis,
701 1883 779 1922 hoc
808 1883 885 1933 est,
921 1892 980 1921 tx.
1014 1881 1051 1921 ἃ
1085 1893 1204 1920 νιιι.
1235 1877 1407 1918 Kalend.
1430 1875 1530 1927 Apr.
1551 1886 1641 1915 xxx.
1662 1874 1700 1914 &
1722 1887 1868 1929 xvitt.
1900 1874 2072 1915 Kalend.
2097 1875 2300 1927 Septemb.
2334 1879 2449 1929 (quo

335 1941 519 1984 tempore
555 1935 758 1975 nundinae
786 1935 1041 1981 indicuntur,
1070 1933 1167 1973 item
1196 1944 1284 1976 111.
1309 1930 1401 1970 Kal.
1424 1929 1461 1969 &
1483 1928 1701 1969 v11.'ldus
1727 1927 1952 1978 membris)
1981 1929 2136 1968 nobiles
2160 1929 2291 1982 cives,
2321 1941 2452 1971 exter·

334 1985 458 2036 nique
488 1988 661 2037 equites,
690 1989 808 2028 armis
840 1988 990 2039 induti,
1018 1987 1150 2038 longis
1181 1984 1219 2025 &
1249 1984 1376 2025 firmis
1402 1983 1495 2022 sane
1525 1981 1638 2022 hastis
1660 1980 1890 2032 speritacula
1917 1983 2103 2022 exhibent
2125 1995 2247 2035 quam
2268 1985 2455 2035 pulcher—

334 2040 456 2080 rima:
486 2041 536 2080 ad
569 2053 672 2092 quae
703 2041 915 2094 spe&anda
944 2052 1031 2080 non
1059 2039 1168 2091 parvi
1201 2039 1305 2079 fiunt
1337 2036 1555 2077 hominum
1585 2036 1825 2075 concursus.
1883 2035 1999 2075 Haec
2024 2046 2159 2078 autem
2178 2037 2376 2088 postrema
2395 2037 2451 2088 is,

336 2104 460 2142 quem
491 2095 621 2134 modo
644 2095 876 2145 nominavi,
904 2094 1023 2135 frater
1051 2105 1167 2134 meus
1186 2102 1316 2133 ech.
1347 2090 1614 2140 carminibus,
1645 2101 1745 2140 quae
1770 2088 1827 2129 ld.
1849 2087 2093 2140 Septembris
2119 2102 2228 2130 anno
2249 2088 2453 2140 superiore
2504 2083 2507 2097 ¹

335 2144 520 2186 Romam
550 2148 599 2187 ad
626 2160 693 2187 me
720 2149 846 2199 milit,
874 2160 961 2188 non
992 2148 1127 2188 minus
1158 2144 1304 2197 done,
1334 2156 1459 2196 quam
1489 2145 1690 2195 eleganter
1709 2143 1761 2182 est
1782 2142 2024 2191 persecutus.
2083 2142 2175 2182 Fuit
2199 2144 2295 2182 haec
2316 2144 2452 2184 nostra

336 2197 492 2239 Civitas
513 2199 696 2241 Ladissao
719 2199 846 2254 Regi,
875 2213 972 2240 cum
999 2200 1094 2239 inibi
1126 2200 1241 2248 esset,
1271 2208 1315 2238 ut
1344 2209 1515 2250 regnum
1545 2196 1766 2243 amitteret,
1797 2196 1883 2244 ejus
1904 2194 2057 2246 egregia
2076 2195 2112 2234 in
2137 2198 2246 2235 bello
2269 2209 2390 2248 opera
2409 2197 2450 2238 &
2497 2216 2501 2226 ·

336 2253 484 2293 robore
514 2254 631 2305 usus,
662 2253 812 2295 fidelis:
840 2254 1111 2307 quamobrem
1136 2252 1272 2304 postea
1294 2250 1477 2302 jucunde
1504 2248 1626 2296 vixit3
1652 2247 1792 2286 multis
1825 2258 1967 2287 ornata
1986 2248 2216 2301 privilegiis,
2248 2262 2349 2301 quae
2370 2264 2452 2292 una

337 2318 435 2346 curn
455 2306 542 2347 aliis
563 2307 762 2349 veteribus
780 2307 1061 2349 monumentis
1084 2307 1124 2346 in
1145 2304 1294 2357 palatio
1315 2302 1373 2348 D,
1398 2300 1558 2343 Mariae
1571 2300 1847 2340 Annuntiatae
1866 2299 2161 2355 diligentissime
2180 2301 2450 2346 asservantur:
2510 2322 2519 2328 -

337 2360 568 2412 egenosque
597 2361 637 2402 ὅτ
663 2373 852 2414 pauperes
884 2361 1057 2413 hospitio
1079 2359 1246 2411 accepit.
1305 2356 1412 2397 Illud
1433 2353 1649 2395 constantis
1672 2353 1709 2394 ὅ(
1733 2355 1849 2405 ruane
1868 2355 2031 2407 ingenui
2055 2356 2202 2405 animi,
2230 2358 2311 2397 hoc
2332 2351 2472 2410 pieta-⁹

337 2413 387 2452 tis
415 2425 464 2454 ac
494 2415 699 2469 religionis
738 2417 792 2456 est
812 2424 1069 2470 argumento.
1128 2412 1348 2453 Testantur
1371 2418 1589 2469 utrumque
1616 2407 1813 2468 cum-alia
1837 2411 1990 2458 multa,
2020 2419 2110 2450 tum
2129 2409 2169 2450 in
2193 2411 2329 2463 primis
2350 2411 2456 2453 disti-

338 2467 448 2508 chon
470 2468 594 2520 illud,
625 2469 737 2521 quod
757 2469 798 2510 in
820 2478 938 2521 porta
957 2467 999 2508 S.
1022 2466 1259 2521 Augustini,
1286 2465 1334 2505 acl
1357 2463 1555 2510 viatorem
1575 2471 1630 2501 ita
1648 2461 1821 2501 incrsum
1844 2462 2012 2516 legitur:

513 2535 686 2577 SVLMO.
716 2548 872 2578 FIDEM-
904 2547 1027 2578 REGI.
1058 2545 1220 2576 VtTAM.
1252 2545 1349 2575 SIBI.
1381 2542 1615 2573 PRAESTAT.
1645 2543 1895 2573 AMOENAM.

516 2587 812 2633 PAVPEROEVS.
844 2601 1065 2641 REQVIEM.
1096 2598 1301 2629 VENJENS.
1327 2597 1412 2629 1-113.
1438 2596 1664 2626 CONSPICE.
1695 2596 1897 2629 PLENAM.

339 2653 474 2696 Numi
496 2657 623 2704 olim,
652 2672 746 2699 cum
770 2659 839 2700 sub
861 2671 977 2700 mero
998 2656 1162 2712 Regum
1181 2656 1359 2708 Imperio
1386 2653 1480 2695 esset
1508 2654 1672 2707 (quippe
1692 2655 1805 2695 annis
1827 2655 1969 2695 abhinc
1990 2656 2078 2707 plus
2100 2654 2233 2694 minus
2256 2653 2454 2706 quinqua—

338 2709 450 2761 ginta
474 2709 762 2764 Lannojorum
791 2712 1023 2765 Principum
1052 2711 1171 2752 misto
1200 2720 1307 2763 paret
1338 2709 1530 2761 imperiO,
1561 2721 1740 2759 quorum
1774 2722 1885 2749 nunc
1908 2709 2184 2754 Ronanus,
2216 2707 2384 2759 ejusque
2406 2707 2452 2748 fi-

340 2763 416 2802 lius
441 2764 678 2807 Pnrmppus
702 2765 792 2807 sunt
811 2766 1052 2819 superstites)
1082 2775 1166 2806 tam
1185 2764 1310 2814 aerei,
1347 2775 1471 2815 quam
1496 2763 1695 2815 argentei,
1726 2774 1845 2812 atque
1865 2763 1995 2814 aurei,
2025 2774 2204 2814 quorum
2226 2763 2455 2801 nonnullos

343 2815 462 2856 hodie
480 2819 638 2870 reperiri
659 2819 864 2869 videmus,
894 2819 1099 2861 Sulmone
1121 2818 1380 2860 cudebantur.
1439 2814 1567 2857 Unde
1586 2816 1716 2868 ipsum
1738 2816 1758 2856 a
1784 2815 1984 2870 Regibus,
2003 2816 2071 2867 qui
2091 2816 2231 2856 aestate
2252 2815 2316 2855 bic
2337 2826 2455 2854 com-

343 2872 626 2923 morabantur,
655 2872 809 2924 semper
828 2875 993 2926 plurimi
1014 2872 1090 2914 effe
1107 2872 1262 2914 faElum
1280 2871 1367 2923 quis
1387 2883 1473 2911 non
1496 2870 1709 2920 opinetur?
1741 2869 1787 2911 L.
1810 2870 1959 2911 Florus
1983 2870 2032 2910 de
2052 2871 2160 2910 bello
2184 2868 2376 2911 Mariano
2399 2867 2453 2908 fic

341 2922 392 2961 de
412 2922 614 2966 Sulmone
635 2927 773 2967 litteris
798 2927 1061 2981 consignavit.
1116 2926 1258 2967 Pofitis
1273 2957 1283 2977 ,
1314 2925 1466 2976 inquit,
1500 2924 1750 2974 singulorum
1772 2924 1988 2964 hominum
2009 2923 2092 2964 fere
2112 2921 2275 2975 poenis,
2306 2919 2454 2960 Muni-

343 2975 445 3027 cipia
476 2977 610 3020 ltaliae
640 2979 948 3032 splendidiffima
975 2981 1046 3021 sub
1073 2980 1178 3021 hasta
1208 2979 1446 3021 venierunt:
1477 2975 1732 3029 Spoletium,
1767 2977 2019 3027 Interamna,
2048 2975 2270 3025 Praeneste,
2301 2973 2454 3014 Fluen-

342 3029 409 3070 tia.
467 3028 584 3072 Nam
606 3032 871 3085 Sulmonem,
899 3044 1013 3075 vetus
1049 3034 1219 3086 opidum
1253 3033 1412 3074 socium
1444 3042 1562 3082 atque
1582 3032 1761 3071 amicum
1793 3030 1974 3081 (facinus
1994 3029 2234 3081 indignum)
2264 3027 2454 3068 nondum

343 3093 640 3138 expugnatum,
664 3097 708 3128 ut
727 3088 878 3128 obfides
896 3088 988 3140 jure
1010 3088 1104 3128 belli
1124 3088 1276 3136 modo,
1305 3086 1342 3128 ὅ(
1364 3095 1498 3126 morte
1520 3084 1697 3125 danmati
1720 3085 1813 3126 duci
1828 3085 2042 3136 jubentur,
2069 3083 2121 3131 fic
2143 3081 2376 3122 damnatam
2396 3080 2454 3120 ci-

343 3135 511 3178 vitatem
533 3138 638 3188 juffit
658 3139 769 3193 Sylla
792 3142 926 3181 deleri.
986 3143 1126 3194 Atque
1148 3143 1226 3182 hoc
1246 3142 1298 3182 est
1321 3137 1502 3189 fortasse,
1525 3139 1637 3192 quod
1660 3139 1711 3181 ait
1733 3140 1858 3192 po'e‘ta
1877 3138 2005 3180 noster
2031 3133 2224 3178 nstin.
2246 3134 2390 3176 dolens
2411 3132 2452 3174 se
2482 3174 2506 3179 ,,

339 3202 403 3231 res
422 3193 545 3246 gestas
570 3191 862 3239 Romanorum
880 3195 916 3237 ἃ
938 3195 1088 3239 Patriae
1109 3208 1195 3239 non
1217 3192 1502 3246 conscripfiffe.
2304 3252 2305 3256 Ἰ
2360 3251 2415 3294 N
2458 3245 2461 3249 ἡ

2228 3270 2231 3273 <
2408 3265 2455 3294 on
