<?xml version="1.0" encoding="UTF-8"?>
<!DOCTYPE html PUBLIC "-//W3C//DTD XHTML 1.0 Transitional//EN"
    "http://www.w3.org/TR/xhtml1/DTD/xhtml1-transitional.dtd">
<html xmlns="http://www.w3.org/1999/xhtml" xml:lang="en" lang="en">
 <head>
  <title>
</title>
<meta http-equiv="Content-Type" content="text/html;charset=utf-8" />
  <meta name='ocr-system' content='tesseract 3.04.00' />
  <meta name='ocr-capabilities' content='ocr_page ocr_carea ocr_par ocr_line ocrx_word'/>
</head>
<body>
  <div class='ocr_page' id='page_1' title='image "./publiiovidiinaso04ovid_0269.png"; bbox 0 0 2547 3708; ppageno 0'>
   <div class='ocr_carea' id='block_1_1' title="bbox 98 98 2135 281">
    <p class='ocr_par' dir='ltr' id='par_1_1' title="bbox 99 98 2135 281">
     <span class='ocr_line' id='line_1_1' title="bbox 142 98 2135 196; baseline 0.01 -40"><span class='ocrx_word' id='word_1_1' title='bbox 142 193 145 196; x_wconf 8' lang='grc' dir='ltr'><em>Δ</em></span> <span class='ocrx_word' id='word_1_2' title='bbox 690 98 934 176; x_wconf 54' lang='lat' dir='ltr'><em>fak]-</em></span> <span class='ocrx_word' id='word_1_3' title='bbox 980 110 1042 163; x_wconf 85' lang='lat' dir='ltr'><strong>M</strong></span> <span class='ocrx_word' id='word_1_4' title='bbox 1077 116 1120 165; x_wconf 90' lang='lat' dir='ltr'>A</span> <span class='ocrx_word' id='word_1_5' title='bbox 1157 115 1199 166; x_wconf 83' lang='lat' dir='ltr'><em>s.</em></span> <span class='ocrx_word' id='word_1_6' title='bbox 1225 115 1256 167; x_wconf 86' lang='lat' dir='ltr'>s</span> <span class='ocrx_word' id='word_1_7' title='bbox 1290 118 1340 168; x_wconf 91' lang='lat' dir='ltr'>o</span> <span class='ocrx_word' id='word_1_8' title='bbox 1369 116 1446 167; x_wconf 76' lang='grc' dir='ltr'><em>Ν,</em></span> <span class='ocrx_word' id='word_1_9' title='bbox 2073 120 2135 176; x_wconf 79' lang='lat'><em>89</em></span> 
     </span>
     <span class='ocr_line' id='line_1_2' title="bbox 98 202 2134 281; baseline 0 -24"><span class='ocrx_word' id='word_1_10' title='bbox 98 211 376 269; x_wconf 74' lang='lat' dir='ltr'><strong>Inmcuum</strong></span> <span class='ocrx_word' id='word_1_11' title='bbox 381 216 538 273; x_wconf 72' lang='lat' dir='ltr'><strong>tamen</strong></span> <span class='ocrx_word' id='word_1_12' title='bbox 549 202 743 271; x_wconf 86' lang='lat' dir='ltr'><strong>semper</strong></span> <span class='ocrx_word' id='word_1_13' title='bbox 764 204 805 253; x_wconf 88' lang='lat' dir='ltr'><em>se</em></span> <span class='ocrx_word' id='word_1_14' title='bbox 831 204 1053 270; x_wconf 83' lang='lat' dir='ltr'><strong>praestare</strong></span> <span class='ocrx_word' id='word_1_15' title='bbox 1086 209 1269 257; x_wconf 85' lang='lat' dir='ltr'><strong>nititur</strong></span> <span class='ocrx_word' id='word_1_16' title='bbox 1304 209 1446 259; x_wconf 87' lang='lat' dir='ltr'>Unde</span> <span class='ocrx_word' id='word_1_17' title='bbox 1468 204 1617 281; x_wconf 83' lang='lat' dir='ltr'><em>Trist.</em></span> <span class='ocrx_word' id='word_1_18' title='bbox 1637 205 1748 257; x_wconf 84' lang='lat' dir='ltr'><em>Lib.</em></span> <span class='ocrx_word' id='word_1_19' title='bbox 1772 206 1839 258; x_wconf 86' lang='lat'><em>11.</em></span> <span class='ocrx_word' id='word_1_20' title='bbox 1871 208 1996 259; x_wconf 77' lang='lat' dir='ltr'><strong>canit</strong></span> <span class='ocrx_word' id='word_1_21' title='bbox 2018 226 2134 262; x_wconf 79' lang='lat' dir='ltr'><strong>vers,</strong></span> 
     </span>
    </p>
   </div>
   <div class='ocr_carea' id='block_1_2' title="bbox 30 291 1397 1239">
    <p class='ocr_par' dir='ltr' id='par_1_2' title="bbox 35 291 1380 1239">
     <span class='ocr_line' id='line_1_3' title="bbox 82 291 1363 399; baseline 0 -12"><span class='ocrx_word' id='word_1_22' title='bbox 82 370 86 372; x_wconf 15' lang='grc' dir='ltr'>ἡ</span> <span class='ocrx_word' id='word_1_23' title='bbox 108 291 297 388; x_wconf 73' lang='lat' dir='ltr'><em>¹0Deme</em></span> <span class='ocrx_word' id='word_1_24' title='bbox 309 334 424 384; x_wconf 76' lang='lat' dir='ltr'><em>mihi</em></span> <span class='ocrx_word' id='word_1_25' title='bbox 433 335 647 399; x_wconf 83' lang='lat' dir='ltr'><em>studium,</em></span> <span class='ocrx_word' id='word_1_26' title='bbox 682 335 805 382; x_wconf 88' lang='lat' dir='ltr'><strong>vitae</strong></span> <span class='ocrx_word' id='word_1_27' title='bbox 827 350 981 398; x_wconf 82' lang='lat' dir='ltr'><em>quoque</em></span> <span class='ocrx_word' id='word_1_28' title='bbox 1003 335 1198 385; x_wconf 77' lang='lat' dir='ltr'><strong>crimina</strong></span> <span class='ocrx_word' id='word_1_29' title='bbox 1218 323 1363 387; x_wconf 78' lang='lat' dir='ltr'><em>demes</em></span> 
     </span>
     <span class='ocr_line' id='line_1_4' title="bbox 222 400 1114 465; baseline 0.001 -16"><span class='ocrx_word' id='word_1_30' title='bbox 222 400 545 465; x_wconf 68' lang='lat' dir='ltr'><em>Acceptumq‘</em></span> <span class='ocrx_word' id='word_1_31' title='bbox 469 416 515 447; x_wconf 80' lang='lat' dir='ltr'><em>r</em></span> <span class='ocrx_word' id='word_1_32' title='bbox 533 417 600 448; x_wconf 90' lang='lat' dir='ltr'><em>ero</em></span> <span class='ocrx_word' id='word_1_33' title='bbox 609 401 837 462; x_wconf 69' lang='lat' dir='ltr'><em>veifibus,</em></span> <span class='ocrx_word' id='word_1_34' title='bbox 867 402 943 462; x_wconf 68' lang='lat' dir='ltr'><em>ff</em></span> <span class='ocrx_word' id='word_1_35' title='bbox 961 417 1114 450; x_wconf 81' lang='lat' dir='ltr'><em>nocens.</em></span> 
     </span>
     <span class='ocr_line' id='line_1_5' title="bbox 30 420 1397 547; baseline 0 -33"><span class='ocrx_word' id='word_1_36' title='bbox 30 420 176 547; x_wconf 49' lang='lat' dir='ltr'>Q</span> <span class='ocrx_word' id='word_1_37' title='bbox 153 461 230 525; x_wconf 73' lang='lat' dir='ltr'><em>II</em></span> <span class='ocrx_word' id='word_1_38' title='bbox 257 481 315 513; x_wconf 82' lang='lat' dir='ltr'><em>ex</em></span> <span class='ocrx_word' id='word_1_39' title='bbox 335 465 475 517; x_wconf 88' lang='lat' dir='ltr'><strong>Pont.</strong></span> <span class='ocrx_word' id='word_1_40' title='bbox 498 465 595 529; x_wconf 92' lang='lat' dir='ltr'><em>Ep</em></span> <span class='ocrx_word' id='word_1_41' title='bbox 612 464 704 512; x_wconf 92' lang='lat' dir='ltr'><em>IX.</em></span> <span class='ocrx_word' id='word_1_42' title='bbox 727 464 874 528; x_wconf 88' lang='lat' dir='ltr'><strong>Cotyi</strong></span> <span class='ocrx_word' id='word_1_43' title='bbox 898 465 1058 530; x_wconf 86' lang='lat' dir='ltr'><strong>Regi,</strong></span> <span class='ocrx_word' id='word_1_44' title='bbox 1092 481 1205 514; x_wconf 87' lang='lat' dir='ltr'><strong>vers.</strong></span> <span class='ocrx_word' id='word_1_45' title='bbox 1227 474 1313 530; x_wconf 87' lang='lat'><strong><em>67·-</em></strong></span> <span class='ocrx_word' id='word_1_46' title='bbox 1317 473 1397 530; x_wconf 83' lang='lat'><em>76</em></span> 
     </span>
     <span class='ocr_line' id='line_1_6' title="bbox 39 522 1230 600; baseline 0.001 -22"><span class='ocrx_word' id='word_1_47' title='bbox 39 557 98 600; x_wconf 38' lang='grc' dir='ltr'><em>Ψ.</em></span> <span class='ocrx_word' id='word_1_48' title='bbox 137 522 264 592; x_wconf 87' lang='lat' dir='ltr'><em>Non</em></span> <span class='ocrx_word' id='word_1_49' title='bbox 285 545 352 593; x_wconf 88' lang='lat' dir='ltr'><em>ego</em></span> <span class='ocrx_word' id='word_1_50' title='bbox 369 530 493 576; x_wconf 84' lang='lat' dir='ltr'><strong>caede</strong></span> <span class='ocrx_word' id='word_1_51' title='bbox 510 544 648 576; x_wconf 69' lang='lat' dir='ltr'><em>locens</em></span> <span class='ocrx_word' id='word_1_52' title='bbox 669 533 714 576; x_wconf 88' lang='lat' dir='ltr'><em>in</em></span> <span class='ocrx_word' id='word_1_53' title='bbox 736 530 916 577; x_wconf 81' lang='lat' dir='ltr'><em>Pontica</em></span> <span class='ocrx_word' id='word_1_54' title='bbox 935 531 1081 577; x_wconf 77' lang='lat' dir='ltr'><em>littora</em></span> <span class='ocrx_word' id='word_1_55' title='bbox 1105 534 1203 579; x_wconf 75' lang='lat' dir='ltr'><em>veui</em></span> <span class='ocrx_word' id='word_1_56' title='bbox 1214 566 1230 588; x_wconf 92' lang='lat'><em>,</em></span> 
     </span>
     <span class='ocr_line' id='line_1_7' title="bbox 55 593 1168 658; baseline -0.001 -14.968"><span class='ocrx_word' id='word_1_57' title='bbox 55 623 123 658; x_wconf 46' lang='lat' dir='ltr'><em>Q-..</em></span> <span class='ocrx_word' id='word_1_58' title='bbox 153 643 159 645; x_wconf 82' lang='grc'><em>,</em></span> <span class='ocrx_word' id='word_1_59' title='bbox 226 595 303 642; x_wconf 93' lang='grc' dir='ltr'><strong><em>Μ</em></strong></span> <span class='ocrx_word' id='word_1_60' title='bbox 287 595 421 656; x_wconf 82' lang='lat' dir='ltr'><em>stave</em></span> <span class='ocrx_word' id='word_1_61' title='bbox 428 593 533 657; x_wconf 74' lang='lat' dir='ltr'><em>fient</em></span> <span class='ocrx_word' id='word_1_62' title='bbox 557 594 691 656; x_wconf 77' lang='lat' dir='ltr'><em>nostra</em></span> <span class='ocrx_word' id='word_1_63' title='bbox 714 595 810 645; x_wconf 82' lang='lat' dir='ltr'><em>dira</em></span> <span class='ocrx_word' id='word_1_64' title='bbox 833 610 992 642; x_wconf 80' lang='lat' dir='ltr'><em>venenu</em></span> <span class='ocrx_word' id='word_1_65' title='bbox 1011 611 1168 644; x_wconf 83' lang='lat' dir='ltr'><em>manu:</em></span> 
     </span>
     <span class='ocr_line' id='line_1_8' title="bbox 115 651 1206 722; baseline 0.002 -16"><span class='ocrx_word' id='word_1_66' title='bbox 115 656 117 658; x_wconf 61' lang='grc'>’</span> <span class='ocrx_word' id='word_1_67' title='bbox 159 661 256 707; x_wconf 82' lang='lat' dir='ltr'><em>Nec</em></span> <span class='ocrx_word' id='word_1_68' title='bbox 276 675 366 706; x_wconf 79' lang='lat' dir='ltr'><em>meu</em></span> <span class='ocrx_word' id='word_1_69' title='bbox 375 658 564 722; x_wconf 60' lang='lat' dir='ltr'><em>subjecta</em></span> <span class='ocrx_word' id='word_1_70' title='bbox 585 651 774 705; x_wconf 55' lang='lat' dir='ltr'><em>convicia</em></span> <span class='ocrx_word' id='word_1_71' title='bbox 796 658 853 719; x_wconf 83' lang='lat' dir='ltr'><em>est</em></span> <span class='ocrx_word' id='word_1_72' title='bbox 866 675 1030 720; x_wconf 77' lang='lat' dir='ltr'><strong>gemma</strong></span> <span class='ocrx_word' id='word_1_73' title='bbox 1051 662 1206 708; x_wconf 76' lang='lat' dir='ltr'><em>tabella</em></span> 
     </span>
     <span class='ocr_line' id='line_1_9' title="bbox 224 720 1002 784; baseline -0.001 -13"><span class='ocrx_word' id='word_1_74' title='bbox 224 723 471 770; x_wconf 82' lang='lat' dir='ltr'><em>Mendacem</em></span> <span class='ocrx_word' id='word_1_75' title='bbox 490 725 584 771; x_wconf 73' lang='lat' dir='ltr'><em>linis</em></span> <span class='ocrx_word' id='word_1_76' title='bbox 604 720 828 784; x_wconf 74' lang='lat' dir='ltr'><em>impefiuffi’</em></span> <span class='ocrx_word' id='word_1_77' title='bbox 846 733 1002 770; x_wconf 78' lang='lat' dir='ltr'><em>uotam.</em></span> 
     </span>
     <span class='ocr_line' id='line_1_10' title="bbox 159 785 1357 854; baseline 0.001 -19"><span class='ocrx_word' id='word_1_78' title='bbox 159 789 259 836; x_wconf 91' lang='lat' dir='ltr'><em>Nec</em></span> <span class='ocrx_word' id='word_1_79' title='bbox 276 789 525 854; x_wconf 74' lang='lat' dir='ltr'><em>quidquam,</em></span> <span class='ocrx_word' id='word_1_80' title='bbox 552 787 667 849; x_wconf 79' lang='lat' dir='ltr'><em>quod</em></span> <span class='ocrx_word' id='word_1_81' title='bbox 683 785 787 850; x_wconf 88' lang='lat' dir='ltr'><strong>lege</strong></span> <span class='ocrx_word' id='word_1_82' title='bbox 809 799 940 834; x_wconf 89' lang='lat' dir='ltr'><strong>veter</strong></span> <span class='ocrx_word' id='word_1_83' title='bbox 958 795 1234 846; x_wconf 70' lang='lat' dir='ltr'><em>committere,</em></span> <span class='ocrx_word' id='word_1_84' title='bbox 1256 789 1357 850; x_wconf 82' lang='lat' dir='ltr'><em>feci</em></span> 
     </span>
     <span class='ocr_line' id='line_1_11' title="bbox 162 850 1271 914; baseline -0.001 -14"><span class='ocrx_word' id='word_1_85' title='bbox 162 858 167 860; x_wconf 58' lang='grc'><em>“</em></span> <span class='ocrx_word' id='word_1_86' title='bbox 223 853 289 900; x_wconf 81' lang='lat' dir='ltr'><em>Et</em></span> <span class='ocrx_word' id='word_1_87' title='bbox 309 863 448 900; x_wconf 87' lang='lat' dir='ltr'><em>tamen</em></span> <span class='ocrx_word' id='word_1_88' title='bbox 464 850 532 898; x_wconf 91' lang='lat' dir='ltr'><em>his</em></span> <span class='ocrx_word' id='word_1_89' title='bbox 549 852 729 914; x_wconf 77' lang='lat' dir='ltr'><em>gravior</em></span> <span class='ocrx_word' id='word_1_90' title='bbox 749 866 858 898; x_wconf 80' lang='lat' dir='ltr'><em>noxa</em></span> <span class='ocrx_word' id='word_1_91' title='bbox 870 850 1054 914; x_wconf 77' lang='lat' dir='ltr'><em>fatenda</em></span> <span class='ocrx_word' id='word_1_92' title='bbox 1078 853 1185 900; x_wconf 86' lang='lat' dir='ltr'><em>mihi</em></span> <span class='ocrx_word' id='word_1_93' title='bbox 1202 852 1271 914; x_wconf 86' lang='lat' dir='ltr'><em>est.</em></span> 
     </span>
     <span class='ocr_line' id='line_1_12' title="bbox 161 915 1354 980; baseline 0 -15"><span class='ocrx_word' id='word_1_94' title='bbox 161 918 288 966; x_wconf 87' lang='lat' dir='ltr'><em>Neve</em></span> <span class='ocrx_word' id='word_1_95' title='bbox 303 932 415 979; x_wconf 85' lang='lat' dir='ltr'><em>roges</em></span> <span class='ocrx_word' id='word_1_96' title='bbox 430 916 532 979; x_wconf 79' lang='lat' dir='ltr'><em>quid</em></span> <span class='ocrx_word' id='word_1_97' title='bbox 537 919 630 978; x_wconf 94' lang='lat' dir='ltr'><em>s</em></span> <span class='ocrx_word' id='word_1_98' title='bbox 566 925 627 962; x_wconf 88' lang='lat' dir='ltr'><em>t</em></span> <span class='ocrx_word' id='word_1_99' title='bbox 655 915 833 978; x_wconf 83' lang='lat' dir='ltr'><em>stultum</em></span> <span class='ocrx_word' id='word_1_100' title='bbox 851 916 1060 980; x_wconf 64' lang='lat' dir='ltr'><em>conscrips</em></span> <span class='ocrx_word' id='word_1_101' title='bbox 1044 933 1151 966; x_wconf 88' lang='lat' dir='ltr'><em>mus</em></span> <span class='ocrx_word' id='word_1_102' title='bbox 1174 918 1354 966; x_wconf 81' lang='lat' dir='ltr'>Artem</span> 
     </span>
     <span class='ocr_line' id='line_1_13' title="bbox 221 980 1097 1043; baseline 0.001 -15"><span class='ocrx_word' id='word_1_103' title='bbox 221 982 433 1030; x_wconf 68' lang='lat' dir='ltr'><em>Innocuas</em></span> <span class='ocrx_word' id='word_1_104' title='bbox 444 981 556 1028; x_wconf 84' lang='lat' dir='ltr'><em>uobis</em></span> <span class='ocrx_word' id='word_1_105' title='bbox 575 980 676 1027; x_wconf 86' lang='lat' dir='ltr'><em>haec</em></span> <span class='ocrx_word' id='word_1_106' title='bbox 696 991 818 1028; x_wconf 80' lang='lat' dir='ltr'><em>vetut</em></span> <span class='ocrx_word' id='word_1_107' title='bbox 835 982 912 1043; x_wconf 75' lang='lat' dir='ltr'><em>effi&gt;</em></span> <span class='ocrx_word' id='word_1_108' title='bbox 934 998 1097 1030; x_wconf 82' lang='lat' dir='ltr'><em>manus.</em></span> 
     </span>
     <span class='ocr_line' id='line_1_14' title="bbox 159 1046 1164 1109; baseline 0.001 -16"><span class='ocrx_word' id='word_1_109' title='bbox 159 1046 329 1109; x_wconf 85' lang='lat' dir='ltr'><em>Ecquid</em></span> <span class='ocrx_word' id='word_1_110' title='bbox 337 1056 555 1107; x_wconf 82' lang='lat' dir='ltr'><em>praeterea</em></span> <span class='ocrx_word' id='word_1_111' title='bbox 570 1049 804 1105; x_wconf 83' lang='lat' dir='ltr'><em>peccarim,</em></span> <span class='ocrx_word' id='word_1_112' title='bbox 839 1061 1032 1108; x_wconf 77' lang='lat' dir='ltr'><em>quaerere</em></span> <span class='ocrx_word' id='word_1_113' title='bbox 1055 1050 1164 1096; x_wconf 79' lang='lat' dir='ltr'><em>noli:</em></span> 
     </span>
     <span class='ocr_line' id='line_1_15' title="bbox 224 1108 1081 1173; baseline 0.001 -15"><span class='ocrx_word' id='word_1_114' title='bbox 224 1112 288 1158; x_wconf 75' lang='lat' dir='ltr'><em>Ut</em></span> <span class='ocrx_word' id='word_1_115' title='bbox 302 1121 453 1172; x_wconf 84' lang='lat' dir='ltr'><em>pateat</em></span> <span class='ocrx_word' id='word_1_116' title='bbox 472 1108 565 1157; x_wconf 85' lang='lat' dir='ltr'><strong>sola</strong></span> <span class='ocrx_word' id='word_1_117' title='bbox 586 1113 706 1171; x_wconf 82' lang='lat' dir='ltr'><em>culpa</em></span> <span class='ocrx_word' id='word_1_118' title='bbox 718 1110 802 1173; x_wconf 76' lang='lat' dir='ltr'><em>fieb</em></span> <span class='ocrx_word' id='word_1_119' title='bbox 827 1112 944 1158; x_wconf 82' lang='lat' dir='ltr'><strong>Arte</strong></span> <span class='ocrx_word' id='word_1_120' title='bbox 964 1126 1081 1161; x_wconf 78' lang='lat' dir='ltr'><em>mea.</em></span> 
     </span>
     <span class='ocr_line' id='line_1_16' title="bbox 38 1173 1324 1239; baseline 0 -14"><span class='ocrx_word' id='word_1_121' title='bbox 38 1173 172 1239; x_wconf 85' lang='lat' dir='ltr'><em>Lege</em></span> <span class='ocrx_word' id='word_1_122' title='bbox 188 1173 247 1222; x_wconf 86' lang='lat'><em>-&amp;</em></span> <span class='ocrx_word' id='word_1_123' title='bbox 266 1175 412 1222; x_wconf 84' lang='lat' dir='ltr'><em>Trist</em></span> <span class='ocrx_word' id='word_1_124' title='bbox 433 1173 543 1222; x_wconf 91' lang='lat' dir='ltr'><em>Lib.</em></span> <span class='ocrx_word' id='word_1_125' title='bbox 567 1174 660 1222; x_wconf 92' lang='lat' dir='ltr'><em>IV.</em></span> <span class='ocrx_word' id='word_1_126' title='bbox 689 1175 764 1221; x_wconf 92' lang='lat' dir='ltr'><em>El.</em></span> <span class='ocrx_word' id='word_1_127' title='bbox 786 1174 876 1224; x_wconf 92' lang='lat' dir='ltr'><em>IV.</em></span> <span class='ocrx_word' id='word_1_128' title='bbox 899 1191 1012 1224; x_wconf 84' lang='lat' dir='ltr'><strong>vers.</strong></span> <span class='ocrx_word' id='word_1_129' title='bbox 1043 1189 1100 1239; x_wconf 81' lang='lat'><em>35</em></span> <span class='ocrx_word' id='word_1_130' title='bbox 1104 1189 1207 1239; x_wconf 85' lang='lat'>·.44</span> <span class='ocrx_word' id='word_1_131' title='bbox 1230 1175 1324 1225; x_wconf 73' lang='grc' dir='ltr'><strong>δῖε.</strong></span> 
     </span>
    </p>
   </div>
   <div class='ocr_carea' id='block_1_3' title="bbox 33 1235 2137 1354">
    <p class='ocr_par' dir='ltr' id='par_1_3' title="bbox 33 1235 2137 1354">
     <span class='ocr_line' id='line_1_17' title="bbox 96 1235 2137 1303; baseline -0.001 -16"><span class='ocrx_word' id='word_1_132' title='bbox 96 1240 229 1298; x_wconf 84' lang='lat' dir='ltr'><em>Qin</em></span> <span class='ocrx_word' id='word_1_133' title='bbox 259 1241 398 1287; x_wconf 82' lang='lat' dir='ltr'><strong>etiam</strong></span> <span class='ocrx_word' id='word_1_134' title='bbox 431 1238 480 1286; x_wconf 86' lang='lat'>&amp;</span> <span class='ocrx_word' id='word_1_135' title='bbox 512 1237 652 1303; x_wconf 84' lang='lat' dir='ltr'>ipsam</span> <span class='ocrx_word' id='word_1_136' title='bbox 677 1243 832 1287; x_wconf 86' lang='lat' dir='ltr'><em>Artem</em></span> <span class='ocrx_word' id='word_1_137' title='bbox 855 1243 1128 1289; x_wconf 81' lang='lat' dir='ltr'><em>Amutorium</em></span> <span class='ocrx_word' id='word_1_138' title='bbox 1152 1241 1271 1290; x_wconf 91' lang='lat' dir='ltr'><strong>totis</strong></span> <span class='ocrx_word' id='word_1_139' title='bbox 1303 1241 1479 1292; x_wconf 82' lang='lat' dir='ltr'><em>viribus</em></span> <span class='ocrx_word' id='word_1_140' title='bbox 1509 1240 1537 1287; x_wconf 71' lang='lat'><em>3.</em></span> <span class='ocrx_word' id='word_1_141' title='bbox 1570 1237 1764 1288; x_wconf 85' lang='lat' dir='ltr'><strong>crimine</strong></span> <span class='ocrx_word' id='word_1_142' title='bbox 1795 1235 2000 1287; x_wconf 79' lang='lat' dir='ltr'><strong>vindicat</strong></span> <span class='ocrx_word' id='word_1_143' title='bbox 2030 1235 2137 1285; x_wconf 85' lang='lat' dir='ltr'><em>Lib</em></span> 
     </span>
     <span class='ocr_line' id='line_1_18' title="bbox 33 1303 1159 1354; baseline 0.002 -2"><span class='ocrx_word' id='word_1_144' title='bbox 33 1303 271 1352; x_wconf 84' lang='lat' dir='ltr'><em>Trist.11.</em></span> <span class='ocrx_word' id='word_1_145' title='bbox 303 1303 385 1352; x_wconf 87' lang='lat' dir='ltr'><em>ubi</em></span> <span class='ocrx_word' id='word_1_146' title='bbox 411 1319 520 1351; x_wconf 88' lang='lat' dir='ltr'><em>cum</em></span> <span class='ocrx_word' id='word_1_147' title='bbox 543 1319 660 1352; x_wconf 83' lang='lat' dir='ltr'><strong>vers,</strong></span> <span class='ocrx_word' id='word_1_148' title='bbox 687 1319 795 1352; x_wconf 83' lang='lat'><em>211.</em></span> <span class='ocrx_word' id='word_1_149' title='bbox 821 1319 929 1353; x_wconf 72' lang='grc' dir='ltr'><em>ιη.</em></span> <span class='ocrx_word' id='word_1_150' title='bbox 945 1305 1159 1354; x_wconf 83' lang='lat' dir='ltr'><strong>dixisset:</strong></span> 
     </span>
    </p>
   </div>
   <div class='ocr_carea' id='block_1_4' title="bbox 142 1369 1277 1498">
    <p class='ocr_par' dir='ltr' id='par_1_4' title="bbox 142 1369 1277 1498">
     <span class='ocr_line' id='line_1_19' title="bbox 159 1369 1277 1446; baseline 0.002 -30"><span class='ocrx_word' id='word_1_151' title='bbox 159 1370 317 1446; x_wconf 79' lang='lat' dir='ltr'><em>Altera</em></span> <span class='ocrx_word' id='word_1_152' title='bbox 331 1382 437 1431; x_wconf 82' lang='lat' dir='ltr'><em>pars</em></span> <span class='ocrx_word' id='word_1_153' title='bbox 445 1369 628 1432; x_wconf 77' lang='lat' dir='ltr'><em>ficperest</em></span> <span class='ocrx_word' id='word_1_154' title='bbox 641 1403 658 1430; x_wconf 85' lang='lat'>‚</span> <span class='ocrx_word' id='word_1_155' title='bbox 692 1386 774 1432; x_wconf 82' lang='lat' dir='ltr'><em>qua</em></span> <span class='ocrx_word' id='word_1_156' title='bbox 799 1372 915 1432; x_wconf 83' lang='lat' dir='ltr'><em>turpi</em></span> <span class='ocrx_word' id='word_1_157' title='bbox 933 1373 1118 1418; x_wconf 81' lang='lat' dir='ltr'><em>Crimine</em></span> <span class='ocrx_word' id='word_1_158' title='bbox 1138 1375 1277 1420; x_wconf 64' lang='lat' dir='ltr'><em>tucius</em></span> 
     </span>
     <span class='ocr_line' id='line_1_20' title="bbox 142 1433 996 1498; baseline 0 -15"><span class='ocrx_word' id='word_1_159' title='bbox 142 1437 148 1441; x_wconf 74' lang='grc'><strong>“</strong></span> <span class='ocrx_word' id='word_1_160' title='bbox 200 1436 397 1498; x_wconf 85' lang='lat' dir='ltr'><em>Arguor</em></span> <span class='ocrx_word' id='word_1_161' title='bbox 417 1433 592 1497; x_wconf 87' lang='lat' dir='ltr'><em>obscoeni</em></span> <span class='ocrx_word' id='word_1_162' title='bbox 610 1436 751 1482; x_wconf 69' lang='lat' dir='ltr'><em>doc&#39;tor</em></span> <span class='ocrx_word' id='word_1_163' title='bbox 774 1436 996 1483; x_wconf 85' lang='lat' dir='ltr'><em>adulterii:</em></span> 
     </span>
    </p>
   </div>
   <div class='ocr_carea' id='block_1_5' title="bbox 28 1497 2165 1634">
    <p class='ocr_par' dir='ltr' id='par_1_5' title="bbox 28 1497 2165 1629">
     <span class='ocr_line' id='line_1_21' title="bbox 35 1497 2165 1570; baseline -0.001 -24"><span class='ocrx_word' id='word_1_164' title='bbox 35 1511 184 1570; x_wconf 64' lang='lat' dir='ltr'><strong>atque</strong></span> <span class='ocrx_word' id='word_1_165' title='bbox 195 1497 485 1565; x_wconf 74' lang='lat' dir='ltr'><em>sequentibus</em></span> <span class='ocrx_word' id='word_1_166' title='bbox 508 1499 675 1548; x_wconf 85' lang='lat' dir='ltr'><strong>caussas</strong></span> <span class='ocrx_word' id='word_1_167' title='bbox 703 1499 974 1564; x_wconf 86' lang='lat' dir='ltr'><strong>enarrasset,</strong></span> <span class='ocrx_word' id='word_1_168' title='bbox 1005 1517 1095 1549; x_wconf 88' lang='lat' dir='ltr'><em>cur</em></span> <span class='ocrx_word' id='word_1_169' title='bbox 1114 1500 1332 1568; x_wconf 87' lang='lat' dir='ltr'><strong>Augusto</strong></span> <span class='ocrx_word' id='word_1_170' title='bbox 1356 1517 1453 1551; x_wconf 85' lang='lat' dir='ltr'><em>non</em></span> <span class='ocrx_word' id='word_1_171' title='bbox 1473 1499 1669 1552; x_wconf 83' lang='lat' dir='ltr'><strong>vacasset</strong></span> <span class='ocrx_word' id='word_1_172' title='bbox 1689 1501 1844 1550; x_wconf 86' lang='lat' dir='ltr'><em>Artem</em></span> <span class='ocrx_word' id='word_1_173' title='bbox 1872 1498 1998 1548; x_wconf 86' lang='lat' dir='ltr'><strong>illam</strong></span> <span class='ocrx_word' id='word_1_174' title='bbox 2021 1497 2165 1562; x_wconf 55' lang='lat' dir='ltr'><strong>legen-</strong></span> 
     </span>
     <span class='ocr_line' id='line_1_22' title="bbox 28 1552 771 1634; baseline -0.007 -19"><span class='ocrx_word' id='word_1_175' title='bbox 28 1552 273 1634; x_wconf 51' lang='lat' dir='ltr'><strong>refu-idda</strong></span> <span class='ocrx_word' id='word_1_176' title='bbox 295 1580 410 1611; x_wconf 89' lang='lat' dir='ltr'><strong>vers.</strong></span> <span class='ocrx_word' id='word_1_177' title='bbox 442 1579 494 1629; x_wconf 80' lang='lat'><em>23</em></span> <span class='ocrx_word' id='word_1_178' title='bbox 503 1580 550 1620; x_wconf 92' lang='lat'>9</span> <span class='ocrx_word' id='word_1_179' title='bbox 579 1564 628 1614; x_wconf 86' lang='lat'>&amp;</span> <span class='ocrx_word' id='word_1_180' title='bbox 649 1563 771 1629; x_wconf 84' lang='lat' dir='ltr'>seqq.</span> 
     </span>
    </p>
   </div>
   <div class='ocr_carea' id='block_1_6' title="bbox 31 1624 2155 2859">
    <p class='ocr_par' dir='ltr' id='par_1_6' title="bbox 31 1624 2155 2859">
     <span class='ocr_line' id='line_1_23' title="bbox 114 1624 1209 1694; baseline 0.003 -17.126"><span class='ocrx_word' id='word_1_181' title='bbox 114 1631 277 1678; x_wconf 88' lang='lat' dir='ltr'><em>At</em></span> <span class='ocrx_word' id='word_1_182' title='bbox 233 1632 279 1692; x_wconf 88' lang='lat' dir='ltr'><em>s</em></span> <span class='ocrx_word' id='word_1_183' title='bbox 312 1630 449 1693; x_wconf 84' lang='lat' dir='ltr'><em>(quod</em></span> <span class='ocrx_word' id='word_1_184' title='bbox 457 1628 641 1687; x_wconf 83' lang='lat' dir='ltr'><em>mallem)</em></span> <span class='ocrx_word' id='word_1_185' title='bbox 675 1646 835 1678; x_wconf 82' lang='lat' dir='ltr'><em>vacuus</em></span> <span class='ocrx_word' id='word_1_186' title='bbox 841 1624 1022 1694; x_wconf 71' lang='lat' dir='ltr'><em>fortaffi’</em></span> <span class='ocrx_word' id='word_1_187' title='bbox 1042 1631 1209 1694; x_wconf 78' lang='lat' dir='ltr'><em>fuiffis,</em></span> 
     </span>
     <span class='ocr_line' id='line_1_24' title="bbox 40 1691 1150 1761; baseline 0.003 -19.984"><span class='ocrx_word' id='word_1_188' title='bbox 40 1728 97 1750; x_wconf 37' lang='grc' dir='ltr'><strong><em>ἱ</em></strong></span> <span class='ocrx_word' id='word_1_189' title='bbox 227 1694 434 1742; x_wconf 90' lang='lat' dir='ltr'><strong>Nullum</strong></span> <span class='ocrx_word' id='word_1_190' title='bbox 452 1691 611 1761; x_wconf 75' lang='lat' dir='ltr'><em>legiſjes</em></span> <span class='ocrx_word' id='word_1_191' title='bbox 632 1696 810 1745; x_wconf 88' lang='lat' dir='ltr'><em>crimen</em></span> <span class='ocrx_word' id='word_1_192' title='bbox 835 1698 878 1742; x_wconf 84' lang='lat' dir='ltr'><em>in</em></span> <span class='ocrx_word' id='word_1_193' title='bbox 904 1697 1021 1744; x_wconf 88' lang='lat' dir='ltr'><strong>Arte</strong></span> <span class='ocrx_word' id='word_1_194' title='bbox 1042 1713 1150 1744; x_wconf 80' lang='lat' dir='ltr'><em>mea.</em></span> 
     </span>
     <span class='ocr_line' id='line_1_25' title="bbox 121 1757 1158 1827; baseline 0.005 -21.211"><span class='ocrx_word' id='word_1_195' title='bbox 121 1757 249 1808; x_wconf 86' lang='lat' dir='ltr'><em>-Illa</em></span> <span class='ocrx_word' id='word_1_196' title='bbox 277 1761 440 1825; x_wconf 87' lang='lat' dir='ltr'><em>quidem</em></span> <span class='ocrx_word' id='word_1_197' title='bbox 452 1758 601 1824; x_wconf 82' lang='lat' dir='ltr'><em>fateor</em></span> <span class='ocrx_word' id='word_1_198' title='bbox 611 1759 777 1824; x_wconf 83' lang='lat' dir='ltr'><em>frontis</em></span> <span class='ocrx_word' id='word_1_199' title='bbox 797 1776 877 1809; x_wconf 84' lang='lat' dir='ltr'><em>non</em></span> <span class='ocrx_word' id='word_1_200' title='bbox 892 1762 968 1824; x_wconf 77' lang='lat' dir='ltr'><em>effe</em></span> <span class='ocrx_word' id='word_1_201' title='bbox 972 1761 1158 1827; x_wconf 82' lang='lat' dir='ltr'><em>severae</em></span> 
     </span>
     <span class='ocr_line' id='line_1_26' title="bbox 134 1823 553 1891; baseline 0.012 -23"><span class='ocrx_word' id='word_1_202' title='bbox 134 1863 138 1868; x_wconf 93' lang='lat'>.</span> <span class='ocrx_word' id='word_1_203' title='bbox 197 1823 426 1891; x_wconf 72' lang='lat' dir='ltr'><em>Scripta,</em></span> <span class='ocrx_word' id='word_1_204' title='bbox 459 1824 553 1873; x_wconf 84' lang='lat' dir='ltr'><em>&amp;c.</em></span> 
     </span>
     <span class='ocr_line' id='line_1_27' title="bbox 34 1887 732 1954; baseline 0.001 -17"><span class='ocrx_word' id='word_1_205' title='bbox 34 1887 198 1938; x_wconf 69' lang='lat' dir='ltr'><strong>&#39;Fan&#39;d</strong></span> <span class='ocrx_word' id='word_1_206' title='bbox 256 1889 585 1954; x_wconf 76' lang='lat' dir='ltr'><em>¹-ve1·s.345.&amp;</em></span> <span class='ocrx_word' id='word_1_207' title='bbox 608 1889 732 1954; x_wconf 90' lang='lat' dir='ltr'>seqq.</span> 
     </span>
     <span class='ocr_line' id='line_1_28' title="bbox 222 1953 1544 2019; baseline 0.002 -19"><span class='ocrx_word' id='word_1_208' title='bbox 222 1969 290 2000; x_wconf 83' lang='lat' dir='ltr'><em>aec</em></span> <span class='ocrx_word' id='word_1_209' title='bbox 324 1953 528 2019; x_wconf 81' lang='lat' dir='ltr'><strong>[littera]</strong></span> <span class='ocrx_word' id='word_1_210' title='bbox 565 1957 645 2001; x_wconf 80' lang='lat' dir='ltr'><em>tibi</em></span> <span class='ocrx_word' id='word_1_211' title='bbox 659 1971 724 2001; x_wconf 90' lang='lat' dir='ltr'><strong>me</strong></span> <span class='ocrx_word' id='word_1_212' title='bbox 748 1955 931 2018; x_wconf 83' lang='lat' dir='ltr'><em>invisum</em></span> <span class='ocrx_word' id='word_1_213' title='bbox 953 1955 1128 2015; x_wconf 67' lang='lat' dir='ltr'><em>luliivia</em></span> <span class='ocrx_word' id='word_1_214' title='bbox 1137 1956 1274 2019; x_wconf 82' lang='lat' dir='ltr'><em>fecit,</em></span> <span class='ocrx_word' id='word_1_215' title='bbox 1308 1958 1356 2003; x_wconf 87' lang='lat' dir='ltr'><em>ob</em></span> <span class='ocrx_word' id='word_1_216' title='bbox 1377 1956 1544 2013; x_wconf 67' lang='lat' dir='ltr'><strong>Artes,</strong></span> 
     </span>
     <span class='ocr_line' id='line_1_29' title="bbox 232 2019 1161 2083; baseline 0.003 -19"><span class='ocrx_word' id='word_1_217' title='bbox 232 2020 360 2083; x_wconf 74' lang='lat' dir='ltr'><em>Qus</em></span> <span class='ocrx_word' id='word_1_218' title='bbox 377 2028 497 2066; x_wconf 84' lang='lat' dir='ltr'><em>ratus</em></span> <span class='ocrx_word' id='word_1_219' title='bbox 518 2033 586 2077; x_wconf 89' lang='lat' dir='ltr'><em>es,</em></span> <span class='ocrx_word' id='word_1_220' title='bbox 618 2021 770 2066; x_wconf 86' lang='lat' dir='ltr'><em>vetitos</em></span> <span class='ocrx_word' id='word_1_221' title='bbox 779 2019 1017 2082; x_wconf 69' lang='lat' dir='ltr'><em>sollicitaffi’</em></span> <span class='ocrx_word' id='word_1_222' title='bbox 1039 2032 1161 2067; x_wconf 86' lang='lat' dir='ltr'><em>toros.</em></span> 
     </span>
     <span class='ocr_line' id='line_1_30' title="bbox 38 2083 1281 2149; baseline 0 -19"><span class='ocrx_word' id='word_1_223' title='bbox 38 2134 40 2136; x_wconf 54' lang='grc'><em>,</em></span> <span class='ocrx_word' id='word_1_224' title='bbox 68 2144 70 2146; x_wconf 10' lang='grc' dir='ltr'><strong>Υ</strong></span> <span class='ocrx_word' id='word_1_225' title='bbox 134 2083 254 2134; x_wconf 89' lang='lat' dir='ltr'><em>Sed</em></span> <span class='ocrx_word' id='word_1_226' title='bbox 272 2097 398 2144; x_wconf 82' lang='lat' dir='ltr'><em>neque</em></span> <span class='ocrx_word' id='word_1_227' title='bbox 416 2099 480 2130; x_wconf 85' lang='lat' dir='ltr'><strong>me</strong></span> <span class='ocrx_word' id='word_1_228' title='bbox 504 2092 656 2144; x_wconf 82' lang='lat' dir='ltr'><em>nuptae</em></span> <span class='ocrx_word' id='word_1_229' title='bbox 677 2083 906 2131; x_wconf 83' lang='lat' dir='ltr'><em>didicerunt</em></span> <span class='ocrx_word' id='word_1_230' title='bbox 916 2083 1047 2147; x_wconf 84' lang='lat' dir='ltr'><em>furta</em></span> <span class='ocrx_word' id='word_1_231' title='bbox 1067 2084 1281 2149; x_wconf 79' lang='lat' dir='ltr'><em>magistro;</em></span> 
     </span>
     <span class='ocr_line' id='line_1_31' title="bbox 31 2141 1230 2213; baseline 0.003 -20"><span class='ocrx_word' id='word_1_232' title='bbox 31 2141 141 2199; x_wconf 52' lang='grc' dir='ltr'><em>’ἓρ</em></span> <span class='ocrx_word' id='word_1_233' title='bbox 232 2147 438 2213; x_wconf 74' lang='lat' dir='ltr'><em>Qodque</em></span> <span class='ocrx_word' id='word_1_234' title='bbox 453 2161 608 2208; x_wconf 83' lang='lat' dir='ltr'><em>parum</em></span> <span class='ocrx_word' id='word_1_235' title='bbox 629 2150 748 2194; x_wconf 87' lang='lat' dir='ltr'><em>novit</em></span> <span class='ocrx_word' id='word_1_236' title='bbox 761 2181 777 2207; x_wconf 91' lang='lat'><em>,</em></span> <span class='ocrx_word' id='word_1_237' title='bbox 809 2164 924 2195; x_wconf 80' lang='lat' dir='ltr'><em>nemo</em></span> <span class='ocrx_word' id='word_1_238' title='bbox 944 2149 1080 2195; x_wconf 84' lang='lat' dir='ltr'><em>docere</em></span> <span class='ocrx_word' id='word_1_239' title='bbox 1089 2149 1230 2210; x_wconf 86' lang='lat' dir='ltr'><em>potest.</em></span> 
     </span>
     <span class='ocr_line' id='line_1_32' title="bbox 54 2210 1135 2276; baseline 0 -17"><span class='ocrx_word' id='word_1_240' title='bbox 54 2210 104 2266; x_wconf 50' lang='lat'><em>‘35‘</em></span> <span class='ocrx_word' id='word_1_241' title='bbox 169 2212 240 2268; x_wconf 84' lang='lat' dir='ltr'><em>Sic</em></span> <span class='ocrx_word' id='word_1_242' title='bbox 259 2228 326 2276; x_wconf 86' lang='lat' dir='ltr'><em>ego</em></span> <span class='ocrx_word' id='word_1_243' title='bbox 346 2212 538 2272; x_wconf 79' lang='lat' dir='ltr'><em>delicias,</em></span> <span class='ocrx_word' id='word_1_244' title='bbox 573 2212 628 2264; x_wconf 65' lang='grc' dir='ltr'><em>ὅς’</em></span> <span class='ocrx_word' id='word_1_245' title='bbox 655 2214 796 2258; x_wconf 80' lang='lat' dir='ltr'><em>mollia</em></span> <span class='ocrx_word' id='word_1_246' title='bbox 818 2215 1008 2259; x_wconf 78' lang='lat' dir='ltr'><em>carmina</em></span> <span class='ocrx_word' id='word_1_247' title='bbox 1019 2213 1135 2275; x_wconf 87' lang='lat' dir='ltr'><em>feci,</em></span> 
     </span>
     <span class='ocr_line' id='line_1_33' title="bbox 233 2275 1172 2338; baseline -0.001 -13"><span class='ocrx_word' id='word_1_248' title='bbox 233 2278 461 2326; x_wconf 78' lang='lat' dir='ltr'><em>Strinxerit</em></span> <span class='ocrx_word' id='word_1_249' title='bbox 486 2287 535 2323; x_wconf 87' lang='lat' dir='ltr'><em>ut</em></span> <span class='ocrx_word' id='word_1_250' title='bbox 554 2291 695 2324; x_wconf 82' lang='lat' dir='ltr'><em>nomen</em></span> <span class='ocrx_word' id='word_1_251' title='bbox 705 2275 862 2338; x_wconf 76' lang='lat' dir='ltr'><em>fabula</em></span> <span class='ocrx_word' id='word_1_252' title='bbox 885 2278 1001 2323; x_wconf 82' lang='lat' dir='ltr'><em>nullu</em></span> <span class='ocrx_word' id='word_1_253' title='bbox 1023 2294 1172 2324; x_wconf 83' lang='lat' dir='ltr'><strong>meum.</strong></span> 
     </span>
     <span class='ocr_line' id='line_1_34' title="bbox 166 2315 1304 2406; baseline -0.002 -16"><span class='ocrx_word' id='word_1_254' title='bbox 166 2315 263 2390; x_wconf 84' lang='lat' dir='ltr'><em>Nec</em></span> <span class='ocrx_word' id='word_1_255' title='bbox 280 2341 514 2406; x_wconf 89' lang='lat' dir='ltr'><strong>quisquam</strong></span> <span class='ocrx_word' id='word_1_256' title='bbox 535 2340 591 2403; x_wconf 88' lang='lat' dir='ltr'><em>est</em></span> <span class='ocrx_word' id='word_1_257' title='bbox 610 2341 710 2388; x_wconf 80' lang='lat' dir='ltr'><em>adeo</em></span> <span class='ocrx_word' id='word_1_258' title='bbox 731 2341 867 2388; x_wconf 80' lang='lat' dir='ltr'><em>media</em></span> <span class='ocrx_word' id='word_1_259' title='bbox 888 2342 936 2387; x_wconf 87' lang='lat' dir='ltr'><em>de</em></span> <span class='ocrx_word' id='word_1_260' title='bbox 954 2343 1070 2402; x_wconf 86' lang='lat' dir='ltr'><em>plebe</em></span> <span class='ocrx_word' id='word_1_261' title='bbox 1091 2343 1304 2399; x_wconf 82' lang='lat' dir='ltr'><strong>maritus,</strong></span> 
     </span>
     <span class='ocr_line' id='line_1_35' title="bbox 235 2406 1046 2469; baseline 0 -16"><span class='ocrx_word' id='word_1_262' title='bbox 235 2408 299 2453; x_wconf 88' lang='lat' dir='ltr'><em>Ut</em></span> <span class='ocrx_word' id='word_1_263' title='bbox 321 2406 487 2454; x_wconf 90' lang='lat' dir='ltr'><em>dubius</em></span> <span class='ocrx_word' id='word_1_264' title='bbox 509 2409 616 2453; x_wconf 87' lang='lat' dir='ltr'><em>vitio</em></span> <span class='ocrx_word' id='word_1_265' title='bbox 625 2409 668 2469; x_wconf 92' lang='lat' dir='ltr'><em>s</em></span> <span class='ocrx_word' id='word_1_266' title='bbox 653 2417 687 2453; x_wconf 88' lang='lat' dir='ltr'><em>t</em></span> <span class='ocrx_word' id='word_1_267' title='bbox 707 2419 837 2469; x_wconf 77' lang='lat' dir='ltr'><strong>pater</strong></span> <span class='ocrx_word' id='word_1_268' title='bbox 858 2408 926 2453; x_wconf 86' lang='lat' dir='ltr'><em>ille</em></span> <span class='ocrx_word' id='word_1_269' title='bbox 947 2423 1046 2453; x_wconf 82' lang='lat' dir='ltr'><em>meo.</em></span> 
     </span>
     <span class='ocr_line' id='line_1_36' title="bbox 171 2471 1256 2533; baseline -0.001 -14"><span class='ocrx_word' id='word_1_270' title='bbox 171 2473 299 2519; x_wconf 86' lang='lat' dir='ltr'><em>Crede</em></span> <span class='ocrx_word' id='word_1_271' title='bbox 322 2472 450 2519; x_wconf 87' lang='lat' dir='ltr'><em>mihi·</em></span> <span class='ocrx_word' id='word_1_272' title='bbox 437 2507 455 2529; x_wconf 92' lang='lat'><em>‚</em></span> <span class='ocrx_word' id='word_1_273' title='bbox 491 2487 639 2518; x_wconf 86' lang='lat' dir='ltr'><strong>mores</strong></span> <span class='ocrx_word' id='word_1_274' title='bbox 663 2471 818 2531; x_wconf 76' lang='lat' dir='ltr'><em>distant</em></span> <span class='ocrx_word' id='word_1_275' title='bbox 839 2473 868 2518; x_wconf 80' lang='grc' dir='ltr'><em>ὰ</em></span> <span class='ocrx_word' id='word_1_276' title='bbox 890 2473 1094 2518; x_wconf 87' lang='lat' dir='ltr'><strong>carmine</strong></span> <span class='ocrx_word' id='word_1_277' title='bbox 1112 2471 1256 2533; x_wconf 81' lang='lat' dir='ltr'><em>nostro.</em></span> 
     </span>
     <span class='ocr_line' id='line_1_37' title="bbox 214 2534 2012 2601; baseline -0.002 -16.968"><span class='ocrx_word' id='word_1_278' title='bbox 214 2536 349 2584; x_wconf 88' lang='lat' dir='ltr'><strong>Vita</strong></span> <span class='ocrx_word' id='word_1_279' title='bbox 375 2536 635 2585; x_wconf 85' lang='lat' dir='ltr'><strong>verecunda</strong></span> <span class='ocrx_word' id='word_1_280' title='bbox 658 2536 739 2598; x_wconf 87' lang='lat' dir='ltr'><em>est,</em></span> <span class='ocrx_word' id='word_1_281' title='bbox 771 2534 905 2598; x_wconf 77' lang='lat' dir='ltr'><em>Musa</em></span> <span class='ocrx_word' id='word_1_282' title='bbox 917 2537 1057 2601; x_wconf 75' lang='lat' dir='ltr'><em>jocosa</em></span> <span class='ocrx_word' id='word_1_283' title='bbox 1081 2537 1217 2594; x_wconf 79' lang='lat' dir='ltr'><em>mihi,</em></span> <span class='ocrx_word' id='word_1_284' title='bbox 1252 2534 1345 2582; x_wconf 59' lang='lat' dir='ltr'><em>&amp;a</em></span> <span class='ocrx_word' id='word_1_285' title='bbox 2010 2558 2012 2561; x_wconf 35' lang='lat' dir='ltr'>v</span> 
     </span>
     <span class='ocr_line' id='line_1_38' title="bbox 60 2570 2153 2665; baseline 0 -18"><span class='ocrx_word' id='word_1_286' title='bbox 60 2601 154 2647; x_wconf 80' lang='lat' dir='ltr'>V</span> <span class='ocrx_word' id='word_1_287' title='bbox 161 2600 199 2648; x_wconf 91' lang='lat'>1</span> <span class='ocrx_word' id='word_1_288' title='bbox 235 2601 358 2650; x_wconf 92' lang='lat' dir='ltr'><em>Sed</em></span> <span class='ocrx_word' id='word_1_289' title='bbox 343 2617 435 2665; x_wconf 77' lang='lat' dir='ltr'><strong>Jam</strong></span> <span class='ocrx_word' id='word_1_290' title='bbox 460 2601 562 2648; x_wconf 88' lang='lat' dir='ltr'><strong>satis</strong></span> <span class='ocrx_word' id='word_1_291' title='bbox 593 2600 651 2647; x_wconf 91' lang='lat' dir='ltr'><strong>de</strong></span> <span class='ocrx_word' id='word_1_292' title='bbox 684 2601 895 2649; x_wconf 81' lang='lat' dir='ltr'>CAUSSA</span> <span class='ocrx_word' id='word_1_293' title='bbox 931 2617 1142 2648; x_wconf 85' lang='lat' dir='ltr'>POENAE</span> <span class='ocrx_word' id='word_1_294' title='bbox 1176 2570 1441 2659; x_wconf 83' lang='lat' dir='ltr'><em>diximus,</em></span> <span class='ocrx_word' id='word_1_295' title='bbox 1447 2613 1572 2645; x_wconf 86' lang='lat' dir='ltr'><strong>nunc</strong></span> <span class='ocrx_word' id='word_1_296' title='bbox 1598 2596 1655 2644; x_wconf 90' lang='lat' dir='ltr'><strong>de</strong></span> <span class='ocrx_word' id='word_1_297' title='bbox 1686 2596 1920 2645; x_wconf 78' lang='lat' dir='ltr'>GENERE</span> <span class='ocrx_word' id='word_1_298' title='bbox 1954 2596 2153 2659; x_wconf 84' lang='lat' dir='ltr'><strong>ejusdem</strong></span> 
     </span>
     <span class='ocr_line' id='line_1_39' title="bbox 44 2662 2155 2728; baseline -0 -17"><span class='ocrx_word' id='word_1_299' title='bbox 44 2681 189 2728; x_wconf 81' lang='lat' dir='ltr'><strong>pauca</strong></span> <span class='ocrx_word' id='word_1_300' title='bbox 212 2667 406 2714; x_wconf 87' lang='lat' dir='ltr'><strong>veniunt</strong></span> <span class='ocrx_word' id='word_1_301' title='bbox 427 2665 844 2714; x_wconf 88' lang='lat' dir='ltr'><strong>animadvertenda.</strong></span> <span class='ocrx_word' id='word_1_302' title='bbox 900 2665 1128 2724; x_wconf 81' lang='lat' dir='ltr'><strong>Quamvis</strong></span> <span class='ocrx_word' id='word_1_303' title='bbox 1151 2679 1304 2712; x_wconf 86' lang='lat' dir='ltr'><strong>autem</strong></span> <span class='ocrx_word' id='word_1_304' title='bbox 1327 2664 1368 2710; x_wconf 89' lang='lat' dir='ltr'><em>se</em></span> <span class='ocrx_word' id='word_1_305' title='bbox 1393 2662 1548 2727; x_wconf 85' lang='lat' dir='ltr'><strong>paffim</strong></span> <span class='ocrx_word' id='word_1_306' title='bbox 1584 2662 1835 2712; x_wconf 78' lang='lat' dir='ltr'>EXSULEM</span> <span class='ocrx_word' id='word_1_307' title='bbox 1853 2696 1868 2720; x_wconf 92' lang='lat'><em>,</em></span> <span class='ocrx_word' id='word_1_308' title='bbox 1901 2679 1952 2709; x_wconf 89' lang='lat' dir='ltr'><strong>ac</strong></span> <span class='ocrx_word' id='word_1_309' title='bbox 1974 2663 2019 2708; x_wconf 83' lang='lat' dir='ltr'><em>in</em></span> <span class='ocrx_word' id='word_1_310' title='bbox 2055 2664 2155 2710; x_wconf 83' lang='lat' dir='ltr'><em>Fx-</em></span> 
     </span>
     <span class='ocr_line' id='line_1_40' title="bbox 47 2727 2154 2792; baseline -0 -17"><span class='ocrx_word' id='word_1_311' title='bbox 47 2744 226 2777; x_wconf 73' lang='lat' dir='ltr'><em>SILIUM</em></span> <span class='ocrx_word' id='word_1_312' title='bbox 258 2730 344 2778; x_wconf 83' lang='lat' dir='ltr'><em>effe</em></span> <span class='ocrx_word' id='word_1_313' title='bbox 379 2731 562 2779; x_wconf 84' lang='lat' dir='ltr'><strong>miffum</strong></span> <span class='ocrx_word' id='word_1_314' title='bbox 595 2730 743 2778; x_wconf 86' lang='lat' dir='ltr'><strong>dicat:</strong></span> <span class='ocrx_word' id='word_1_315' title='bbox 791 2743 995 2778; x_wconf 86' lang='lat' dir='ltr'><strong>attamen</strong></span> <span class='ocrx_word' id='word_1_316' title='bbox 1024 2742 1159 2778; x_wconf 87' lang='lat' dir='ltr'><strong>cavet</strong></span> <span class='ocrx_word' id='word_1_317' title='bbox 1193 2746 1251 2777; x_wconf 90' lang='lat' dir='ltr'><em>ne</em></span> <span class='ocrx_word' id='word_1_318' title='bbox 1286 2727 1550 2787; x_wconf 85' lang='lat' dir='ltr'><strong>credamus,</strong></span> <span class='ocrx_word' id='word_1_319' title='bbox 1584 2744 1688 2775; x_wconf 90' lang='lat' dir='ltr'><em>eum</em></span> <span class='ocrx_word' id='word_1_320' title='bbox 1733 2728 1918 2792; x_wconf 72' lang='lat' dir='ltr'><strong>propiie</strong></span> <span class='ocrx_word' id='word_1_321' title='bbox 1957 2728 2154 2789; x_wconf 80' lang='lat' dir='ltr'><em>Exsulem</em></span> 
     </span>
     <span class='ocr_line' id='line_1_41' title="bbox 44 2785 2154 2859; baseline -0.001 -18"><span class='ocrx_word' id='word_1_322' title='bbox 44 2793 202 2853; x_wconf 84' lang='lat' dir='ltr'><strong>fuisse,</strong></span> <span class='ocrx_word' id='word_1_323' title='bbox 235 2809 342 2840; x_wconf 88' lang='lat' dir='ltr'><em>cum</em></span> <span class='ocrx_word' id='word_1_324' title='bbox 369 2791 753 2859; x_wconf 69' lang='lat' dir='ltr'><strong>AugustiEdi&amp;o</strong></span> <span class='ocrx_word' id='word_1_325' title='bbox 776 2797 1108 2845; x_wconf 75' lang='lat' dir='ltr'><strong>RELEGATts</strong></span> <span class='ocrx_word' id='word_1_326' title='bbox 1143 2808 1326 2843; x_wconf 87' lang='lat' dir='ltr'><strong>tantum</strong></span> <span class='ocrx_word' id='word_1_327' title='bbox 1351 2795 1598 2841; x_wconf 87' lang='lat' dir='ltr'><strong>diceretur</strong></span> <span class='ocrx_word' id='word_1_328' title='bbox 1634 2795 1756 2841; x_wconf 88' lang='lat' dir='ltr'><em>Rem</em></span> <span class='ocrx_word' id='word_1_329' title='bbox 1781 2805 1992 2840; x_wconf 85' lang='lat' dir='ltr'><strong>accurate</strong></span> <span class='ocrx_word' id='word_1_330' title='bbox 2007 2785 2154 2839; x_wconf 87' lang='lat' dir='ltr'><em>Trist.</em></span> 
     </span>
    </p>
   </div>
   <div class='ocr_carea' id='block_1_7' title="bbox 45 2856 2157 2987">
    <p class='ocr_par' dir='ltr' id='par_1_7' title="bbox 45 2856 2157 2987">
     <span class='ocr_line' id='line_1_42' title="bbox 45 2856 2157 2926; baseline 0.001 -20"><span class='ocrx_word' id='word_1_331' title='bbox 45 2859 154 2926; x_wconf 85' lang='lat' dir='ltr'><em>Lib</em></span> <span class='ocrx_word' id='word_1_332' title='bbox 183 2859 245 2905; x_wconf 91' lang='grc' dir='ltr'><em>ΙΙ.</em></span> <span class='ocrx_word' id='word_1_333' title='bbox 272 2858 594 2922; x_wconf 88' lang='lat' dir='ltr'><strong>prosequitur,</strong></span> <span class='ocrx_word' id='word_1_334' title='bbox 627 2861 707 2908; x_wconf 88' lang='lat' dir='ltr'><em>ubi</em></span> <span class='ocrx_word' id='word_1_335' title='bbox 728 2862 948 2925; x_wconf 88' lang='lat' dir='ltr'><strong>primurn</strong></span> <span class='ocrx_word' id='word_1_336' title='bbox 960 2859 1159 2908; x_wconf 86' lang='lat' dir='ltr'><strong>Caesaris</strong></span> <span class='ocrx_word' id='word_1_337' title='bbox 1186 2861 1480 2908; x_wconf 87' lang='lat' dir='ltr'><strong>clementiam</strong></span> <span class='ocrx_word' id='word_1_338' title='bbox 1505 2858 1687 2919; x_wconf 85' lang='lat' dir='ltr'><strong>laudat,</strong></span> <span class='ocrx_word' id='word_1_339' title='bbox 1720 2875 1812 2923; x_wconf 77' lang='lat' dir='ltr'><em>qua</em></span> <span class='ocrx_word' id='word_1_340' title='bbox 1833 2856 1915 2906; x_wconf 85' lang='lat' dir='ltr'><em>fibi</em></span> <span class='ocrx_word' id='word_1_341' title='bbox 1941 2858 2038 2907; x_wconf 87' lang='lat' dir='ltr'><strong>vita</strong></span> <span class='ocrx_word' id='word_1_342' title='bbox 2058 2873 2157 2908; x_wconf 81' lang='lat' dir='ltr'><em>non</em></span> 
     </span>
     <span class='ocr_line' id='line_1_43' title="bbox 48 2913 797 2987; baseline 0.005 -18"><span class='ocrx_word' id='word_1_343' title='bbox 48 2913 186 2971; x_wconf 85' lang='lat' dir='ltr'><strong>fuerit</strong></span> <span class='ocrx_word' id='word_1_344' title='bbox 206 2937 392 2987; x_wconf 86' lang='lat' dir='ltr'><strong>erepta,</strong></span> <span class='ocrx_word' id='word_1_345' title='bbox 427 2939 541 2970; x_wconf 87' lang='lat' dir='ltr'><strong>vers.</strong></span> <span class='ocrx_word' id='word_1_346' title='bbox 570 2939 681 2982; x_wconf 80' lang='lat'>125-</span> <span class='ocrx_word' id='word_1_347' title='bbox 662 2924 797 2973; x_wconf 82' lang='lat'>-.128</span> 
     </span>
    </p>
   </div>
   <div class='ocr_carea' id='block_1_8' title="bbox 100 2989 2158 3298">
    <p class='ocr_par' dir='ltr' id='par_1_8' title="bbox 100 2989 2158 3298">
     <span class='ocr_line' id='line_1_44' title="bbox 100 2989 1274 3053; baseline 0.003 -18"><span class='ocrx_word' id='word_1_348' title='bbox 100 3023 114 3027; x_wconf 85' lang='lat'><em>-</em></span> <span class='ocrx_word' id='word_1_349' title='bbox 175 2989 306 3050; x_wconf 87' lang='lat' dir='ltr'><em>Cujus</em></span> <span class='ocrx_word' id='word_1_350' title='bbox 327 2991 373 3035; x_wconf 84' lang='lat' dir='ltr'><em>in</em></span> <span class='ocrx_word' id='word_1_351' title='bbox 391 2998 541 3035; x_wconf 86' lang='lat' dir='ltr'><em>eventu</em></span> <span class='ocrx_word' id='word_1_352' title='bbox 562 3003 734 3052; x_wconf 87' lang='lat' dir='ltr'><strong>poenae</strong></span> <span class='ocrx_word' id='word_1_353' title='bbox 759 2990 1022 3038; x_wconf 85' lang='lat' dir='ltr'><strong>Clementia</strong></span> <span class='ocrx_word' id='word_1_354' title='bbox 1047 3001 1171 3040; x_wconf 78' lang='lat' dir='ltr'><em>tanta</em></span> <span class='ocrx_word' id='word_1_355' title='bbox 1191 2990 1274 3053; x_wconf 84' lang='lat' dir='ltr'><em>est,</em></span> 
     </span>
     <span class='ocr_line' id='line_1_45' title="bbox 245 3052 995 3129; baseline 0.005 -29"><span class='ocrx_word' id='word_1_356' title='bbox 245 3055 306 3101; x_wconf 91' lang='lat' dir='ltr'><em>Ut</em></span> <span class='ocrx_word' id='word_1_357' title='bbox 317 3052 457 3117; x_wconf 84' lang='lat' dir='ltr'><em>fuerit</em></span> <span class='ocrx_word' id='word_1_358' title='bbox 477 3052 606 3129; x_wconf 80' lang='lat' dir='ltr'><em>nostro</em></span> <span class='ocrx_word' id='word_1_359' title='bbox 625 3055 751 3100; x_wconf 86' lang='lat' dir='ltr'><em>lenior</em></span> <span class='ocrx_word' id='word_1_360' title='bbox 771 3057 848 3102; x_wconf 75' lang='lat' dir='ltr'><em>illa</em></span> <span class='ocrx_word' id='word_1_361' title='bbox 869 3066 995 3103; x_wconf 84' lang='lat' dir='ltr'><em>metu.</em></span> 
     </span>
     <span class='ocr_line' id='line_1_46' title="bbox 138 3114 1311 3186; baseline 0.004 -22.138"><span class='ocrx_word' id='word_1_362' title='bbox 138 3114 292 3166; x_wconf 87' lang='lat' dir='ltr'><strong>Vita</strong></span> <span class='ocrx_word' id='word_1_363' title='bbox 314 3119 417 3166; x_wconf 81' lang='lat' dir='ltr'><em>duta</em></span> <span class='ocrx_word' id='word_1_364' title='bbox 437 3118 492 3181; x_wconf 85' lang='lat' dir='ltr'><em>est</em></span> <span class='ocrx_word' id='word_1_365' title='bbox 507 3152 522 3179; x_wconf 95' lang='lat'><em>,</em></span> <span class='ocrx_word' id='word_1_366' title='bbox 556 3121 740 3181; x_wconf 78' lang='lat' dir='ltr'><em>citraque</em></span> <span class='ocrx_word' id='word_1_367' title='bbox 763 3134 895 3167; x_wconf 85' lang='lat' dir='ltr'><strong>necem</strong></span> <span class='ocrx_word' id='word_1_368' title='bbox 919 3131 994 3168; x_wconf 75' lang='lat' dir='ltr'><em>tua</em></span> <span class='ocrx_word' id='word_1_369' title='bbox 1014 3116 1193 3186; x_wconf 82' lang='lat' dir='ltr'><em>constitit</em></span> <span class='ocrx_word' id='word_1_370' title='bbox 1217 3124 1311 3181; x_wconf 77' lang='lat' dir='ltr'><em>ira,</em></span> 
     </span>
     <span class='ocr_line' id='line_1_47' title="bbox 152 3184 2157 3298; baseline 0.003 -68"><span class='ocrx_word' id='word_1_371' title='bbox 152 3224 190 3250; x_wconf 19' lang='grc' dir='ltr'><em>,ΔΙ</em></span> <span class='ocrx_word' id='word_1_372' title='bbox 237 3184 285 3248; x_wconf 85' lang='lat' dir='ltr'><strong>O</strong></span> <span class='ocrx_word' id='word_1_373' title='bbox 307 3184 506 3248; x_wconf 77' lang='lat' dir='ltr'><em>Princeps</em></span> <span class='ocrx_word' id='word_1_374' title='bbox 517 3197 645 3247; x_wconf 82' lang='lat' dir='ltr'><em>parce</em></span> <span class='ocrx_word' id='word_1_375' title='bbox 664 3185 826 3235; x_wconf 82' lang='lat' dir='ltr'><em>viribus</em></span> <span class='ocrx_word' id='word_1_376' title='bbox 846 3184 912 3249; x_wconf 75' lang='lat' dir='ltr'><em>use</em></span> <span class='ocrx_word' id='word_1_377' title='bbox 931 3187 1040 3267; x_wconf 85' lang='lat' dir='ltr'><em>tuis!</em></span> <span class='ocrx_word' id='word_1_378' title='bbox 1266 3249 1328 3298; x_wconf 83' lang='lat' dir='ltr'>M</span> <span class='ocrx_word' id='word_1_379' title='bbox 2014 3244 2072 3294; x_wconf 76' lang='lat' dir='ltr'>H</span> <span class='ocrx_word' id='word_1_380' title='bbox 2154 3246 2157 3249; x_wconf 31' lang='grc'><em>,</em></span> 
     </span>
     <span class='ocr_line' id='line_1_48' title="bbox 653 3257 2158 3294; baseline 0.003 -7"><span class='ocrx_word' id='word_1_381' title='bbox 653 3282 660 3287; x_wconf 91' lang='grc'><strong>.</strong></span> <span class='ocrx_word' id='word_1_382' title='bbox 2072 3257 2158 3294; x_wconf 70' lang='lat' dir='ltr'><em>ane</em></span> 
     </span>
    </p>
   </div>
  </div>
 </body>
</html>
