2547 3708
3 0 12 59 1

7 63 11 94 1

8 99 10 131 5
599 103 1520 188 PRAEFArloNEa
2031 155 2113 210 m,

8 235 128 292 veri>
155 233 358 286 bubulco
390 229 520 280 fuiss‘e
540 244 708 278 vocem
724 262 740 288 ,
774 239 827 274 ut
850 240 997 275 totam
1023 224 1102 272 suo
1133 225 1335 273 clamore
1360 229 1666 278 concitaverit
1691 228 1950 299 Etruriam,
1987 257 2122 290 nemo

24 318 216 370 unquam
239 300 320 349 nifi
358 299 491 363 plane
521 294 672 343 fatuus
701 292 960 340 affirmavit.
1028 290 1102 338 Ut
1135 305 1288 337 autem
1323 293 1427 339 alias
1463 295 1589 341 istius
1626 298 1816 361 ineptias
1855 306 2122 355 omittamus

22 370 140 435 quod
171 366 437 429 subjicitur,
471 377 625 408 nonne
658 359 793 406 istum
829 360 1010 421 penitus
1037 356 1227 419 ingenio
1255 373 1408 403 carere
1439 359 1672 408 ostendit?
1709 364 1820 411 Inde
1846 367 1995 430 inquit
2020 388 2120 417 aru-

5 410 183 499 lspicina
213 424 398 492 sumpsit
428 441 572 474 artem
612 426 660 473 &
697 424 992 487 principium.
1061 424 1108 468 Si
1150 421 1437 485 haruspicina
1458 424 1522 470 est
1560 443 1653 486 ars,
1686 444 1778 491 quo
1805 433 1948 478 modo
1979 449 2121 483 artem

6 498 193 546 'aliunde
227 495 399 542 sumere
435 489 626 556 potest?
673 490 738 536 Et
774 502 986 553 putamus
1023 486 1160 533 istum
1194 486 1315 533 16616
1348 487 1627 549 Quintiliani
1665 492 1804 541 finem
1840 498 2121 561 exposuisse,

4 564 92 627 ,qui
118 561 189 610 vel
213 561 259 606 in
285 560 486 605 minimis
509 553 763 620 quibusque
794 568 889 600 tam
915 552 1151 616 pueriliter
1176 551 1384 599 labatur?
1421 553 1510 601 Sed
1542 571 1599 601 ne
1632 557 1745 604 illud
1777 561 1961 623 quidem
1978 598 1992 622 ‚
2027 581 2120 627 quo

4 628 161 691 'prima
183 625 309 672 istius
331 623 564 687 expositio
588 620 819 678 eluditur,
854 618 1036 681 ineptiis
1061 630 1207 664 vacat.
1244 617 1420 665 Plinius
1443 632 1596 667 tamen
1626 624 1778 685 inquit
1809 642 1901 674 non
1927 629 2122 693 Tagen,

4 682 85 739 sed
106 691 328 754 Delphon
360 688 488 735 fuiffe
521 685 691 733 scribit.
729 685 799 744 Ut
832 684 954 728 enim
989 696 1162 728 taceam
1197 681 1324 744 quod
1358 685 1544 747 agrestis
1578 687 1642 733 est
1676 689 1754 735 ista
1788 690 1980 739 locutio.
2025 695 2120 741 Pli-

16 753 136 803 nium
154 788 169 815 ‚
192 758 322 818 cuius
347 753 484 801 verba
508 751 590 797 iste
611 764 706 796 non
737 748 962 811 percipit,
988 745 1013 793 a
1040 746 1268 792 Cicerone
1300 747 1589 812 Lucanoque
1623 751 1853 801 dissentire
1886 758 1974 818 ait,
2010 775 2117 807 cum

16 814 185 869 Plinius
213 812 438 884 Delphon
463 817 663 881 primu-m
691 811 1000 875 haruspicinae
1027 813 1317 858 inventorem
1352 812 1481 860 fuisse
1512 814 1692 864 scribat.
1758 820 1928 869 Cicero
1959 836 2116 872 autem

11 886 58 932 δί
78 886 294 932 Lucanus
315 882 529 931 Thuscos
550 881 678 926 illa-m
697 876 723 924 a
745 879 882 940 Tage
903 876 1125 938 accepisse
1146 876 1316 922 dicant.
1384 879 1467 924 Illa
1486 895 1595 927 vero
1609 915 1624 941 ,
1645 898 1756 946 quae
1780 885 2021 948 subjicitur
2040 905 2119 936 ex-

2 949 180 1014 ipofitio
195 983 210 1009 ,
232 950 364 996 facile
387 945 669 994 demonstrat
691 942 828 989 istum
858 958 914 988 ne
943 942 1315 993 rudimentorum
1341 943 1526 1004 quidem
1550 943 1870 1009 grammatices
1894 952 1978 998 esse
1999 956 2118 1014 pesi-

14 1024 125 1062 tum.
161 1014 410 1078 Indigenae
432 1012 584 1073 inquit
609 1007 772 1073 popu-li
796 1008 945 1071 gen-iti
968 1022 1024 1052 ex
1039 1006 1239 1052 Etruria.
1276 1008 1410 1052 Pueri
1427 1023 1552 1055 certe
1574 1018 1866 1073 quantumvis
1879 1017 2008 1063 rudes
2022 1035 2117 1066 non

11 1086 65 1137 ex
85 1079 295 1137 Etruria,
317 1078 387 1124 sed
409 1079 456 1123 in
472 1077 657 1122 Etruria
669 1073 881 1137 genitum
907 1072 994 1118 effe
1016 1071 1212 1134 aliquem
1236 1070 1443 1118 dicerent
1459 1106 1473 1131 ‚
1487 1073 1568 1120 nisi
1594 1075 1779 1124 forsitan
1801 1079 1882 1125 iste
1908 1082 1988 1128 fibi
2014 1099 2116 1145 per-

13 1142 140 1191 suasit
167 1144 373 1190 homines
399 1155 452 1188 ut
487 1152 634 1187 mures
666 1136 901 1185 interdum
936 1152 994 1182 ex
1032 1148 1151 1181 terra
1187 1137 1321 1198 gigni
1353 1136 1507 1183 solere.
1577 1140 1739 1199 Quid?
1774 1144 1883 1190 illud
1913 1148 2038 1208 quod
2062 1147 2117 1193 de

13 1207 158 1255 hastae
187 1208 385 1256 Romuli
413 1206 541 1271 jacstu
562 1221 618 1251 ex
645 1202 883 1251 Plutarchi
907 1199 1128 1247 sententia
1160 1200 1346 1259 scribit,
1381 1219 1534 1249 nonne
1562 1220 1717 1268 aperte
1741 1212 1954 1271 coarguit
1977 1212 2112 1258 istum

14 1268 107 1321 non
132 1273 274 1319 modo
300 1273 561 1319 litterarum:
591 1269 676 1315 effe
711 1279 948 1330 expertem
971 1300 986 1326 ,
1021 1281 1178 1312 verum
1217 1268 1458 1312 communi
1492 1285 1679 1332 quoque
1703 1270 1824 1318 sensu
1859 1276 2125 1322 carentem?

13 1336 270 1397 Romulus,
293 1334 538 1400 inquit,ut
563 1334 720 1381 scribi-t
741 1332 1041 1390 Plutarchus,
1063 1331 1265 1376 lanceam
1290 1346 1503 1378 corneam
1525 1335 1749 1396 jaculatus
1767 1337 1832 1383 est
1854 1340 2121 1402 experiendi

12 1402 184 1469 ingenii
200 1403 362 1466 gratia.
431 1401 553 1460 Qis
585 1414 785 1463 unquam
822 1399 994 1461 ingenii
1031 1395 1305 1459 experiundi
1331 1397 1476 1459 gratia
1508 1398 1706 1461 aliquem
1744 1401 1915 1448 hastam
1951 1405 2117 1465 jacula-

12 1472 107 1514 tum
129 1464 215 1513 effe
237 1466 442 1513 diceret?
477 1464 695 1513 Profecto
720 1474 857 1509 nemo
891 1461 979 1508 nifi-
1002 1476 1188 1519 vecors,
1224 1476 1331 1506 cum
1369 1461 1630 1524 praesertim
1667 1465 1789 1528 apud
1811 1461 2118 1516 Plutarchum

14 1531 201 1596 legatur.
261 1534 340 1579 Sui
365 1530 639 1595 experiundi
665 1530 836 1592 gratia:
873 1527 966 1574 hoc
994 1526 1059 1572 est
1083 1525 1260 1572 suarum
1283 1526 1466 1573 virium.
1525 1527 1645 1574 Illud
1667 1547 1853 1593 quoque
1878 1531 1934 1577 de
1959 1534 2114 1581 eadem

13 1597 167 1654 arbore
197 1597 355 1644 insulse
378 1596 433 1643 ab
469 1595 555 1642 isto
589 1595 679 1642 fuit
716 1594 956 1655 scriptum.
1025 1592 1211 1638 Interiit
1243 1603 1395 1636 autem
1434 1608 1541 1638 cum
1578 1592 1637 1639 C.
1662 1594 1822 1641 Caesar
1856 1599 2116 1661 propinqua

12 1660 155 1722 arbori
184 1661 287 1708 loca
322 1662 419 1709 fodi
454 1660 700 1707 mandaret.
774 1659 947 1721 Neque
977 1658 1098 1703 enim
1140 1668 1264 1702 tunc·
1287 1657 1465 1703 exaruit
1498 1657 1634 1704 arbor
1668 1660 1771 1718 illa,
1807 1676 1913 1707 cum
1952 1662 2116 1710 Caesar

12 1725 239 1779 m'andavit
268 1727 364 1774 illic
398 1726 564 1790 gradus
588 1725 636 1772 &
660 1722 861 1770 ascensus
886 1720 1186 1768 instruendos.
1257 1719 1345 1767 Sed
1380 1737 1487 1766 cum
1524 1723 1693 1770 radices
1718 1722 1744 1770 a
1765 1723 1897 1772 fabris
1929 1727 2123 1775 fuerunt

11 1790 193 1838 excisae.
258 1792 437 1839 Verum
462 1791 555 1838 hoc
580 1789 706 1836 istius
729 1788 934 1835 tarditati
961 1787 1239 1833 remittatur.
1309 1785 1437 1832 Illam
1470 1786 1713 1835 leelionem
1742 1791 1839 1852 quis
1872 1791 1918 1836 in
1955 1793 2115 1854 paeda-

11 1863 136 1920 gogo
160 1873 324 1921 pueros
352 1857 550 1903 docente
577 1853 723 1900 ferat?
761 1854 887 1899 Cum
913 1851 1077 1898 Caesar
1104 1851 1207 1905 loca
1229 1849 1326 1897 fodi
1350 1850 1597 1899 mandaret.
1646 1853 1789 1900 Certe
1820 1854 1901 1900 nifi
1927 1858 2119 1918 p'o‘etica'

12 1919 194 1978 licentia
213 1920 255 1967 se
281 1934 492 1979 tueatur,
527 1918 794 1967 verberibus
831 1934 956 1964 error
983 1917 1064 1963 iste
1100 1917 1223 1963 forte
1256 1915 1558 1978 castigandus.
1627 1919 1807 1965 Mando
1843 1929 2038 1979 namque
2066 1936 2116 1968 ut

10 1985 356 2043 cures,&hanc
380 2001 478 2031 rem
506 1983 750 2030 curandam
778 1982 1216 2043 mando,eleganter
1241 1980 1467 2043 latineque
1487 1981 1724 2044 loquentes
1749 1982 1925 2031 dicunt.
1963 1984 2117 2043 Quid?

10 2047 83 2095 illa
112 2065 266 2095 nonne
297 2049 361 2095 est
395 2049 442 2095 &
469 2048 722 2110 impropria
744 2047 792 2092 &
824 2046 941 2092 falsa.
978 2046 1150 2092 Stabat.
1185 2045 1341 2090 Firma
1375 2058 1484 2091 erat.
1520 2047 1647 2092 Stare
1681 2063 1876 2111 namque
1909 2065 2003 2095 non
2037 2049 2114 2095 fir-

11 2127 162 2172 mum,
186 2113 258 2159 sed
281 2113 483 2160 ereetum
508 2113 595 2159 effe
620 2109 882 2176 fignificat,
919 2111 1048 2157 Stare.
1070 2108 1289 2172 siquidem
1316 2108 1365 2154 ἅτ
1396 2111 1638 2156 columnae
1665 2110 1713 2157 &
1735 2111 1914 2158 arbores
1950 2113 2115 2160 dicun-

11 2184 106 2239 tur:
141 2177 361 2241 tantisper
382 2179 491 2224 dum
518 2194 612 2223 non
637 2176 823 2223 cadunt.
891 2174 1011 2223 Illud
1045 2174 1236 2220 minime
1257 2173 1514 2220 mirandum
1551 2176 1598 2221 in
1633 2175 1720 2221 isto
1747 2190 2115 2225 commentatore

11 2239 130 2291 n'ovo
155 2242 305 2302 foret,
341 2243 467 2305 quod
495 2258 607 2305 quae
627 2240 730 2287 sunt
754 2242 802 2285 in
826 2238 1102 2285 carminibus
1124 2238 1367 2301 depravata
1388 2255 1482 2285 non
1505 2240 1703 2302 corrigit
1719 2273 1734 2298 ,
1769 2240 1852 2287 nifi
1878 2242 2022 2288 multa
2045 2255 2114 2289 te-

12 2304 193 2354 nierarie
216 2309 501 2370 depravaret.
550 2306 648 2353 Hic
672 2306 795 2351 enim
822 2304 986 2351 versus.
1023 2304 1088 2349 At
1116 2302 1190 2348 sua
1209 2302 1427 2349 fulminea
1453 2305 1532 2367 qui
1554 2303 1672 2351 vidit
1696 2305 1877 2369 Cippus
1900 2307 1946 2352 in
1969 2308 2114 2364 unda,

0 2368 436 2437 mendoselegitur:
474 2386 622 2434 neque
644 2370 699 2417 ab
733 2369 821 2415 isto
853 2367 1123 2415 emendatur
1152 2367 1276 2430 quod
1302 2368 1485 2429 quidem
1516 2371 1717 2431 primum
1753 2370 2028 2432 expositoris
2049 2372 2114 2418 est

11 2427 229 2486 officium.
295 2435 503 2483 'I'ametfi
537 2451 734 2499 namque
772 2435 819 2480 in
850 2432 1186 2497 exemplaribus
1221 2442 1268 2477 at
1300 2431 1522 2494 scriptum
1561 2433 1644 2493 fit,
1679 2433 1787 2480 loco
1814 2449 1966 2481 tamen
1999 2435 2116 2482 illius

9 2500 76 2547 hoc·
97 2501 360 2548 adverbium
392 2516 443 2548 ut
467 2501 531 2547 est
555 2499 871 2563 reponendum
886 2533 902 2558 ,
926 2499 987 2544 ita
1008 2499 1227 2560 exigente
1251 2495 1500 2555 sententia,
1523 2513 1659 2560 quam
1685 2499 1766 2545 iste
1791 2500 1992 2546 nondum
2012 2514 2112 2561 per-

9 2564 141 2628 cepit.
185 2567 272 2613 'De
297 2566 456 2630 Cippo
481 2582 590 2613 vero
616 2582 673 2612 ne
694 2581 838 2610 unum
865 2563 1050 2627 quidem
1077 2561 1268 2608 verbum
1295 2561 1430 2619 facit,
1454 2562 1642 2626 perinde
1664 2576 1799 2626 atque
1827 2563 1857 2610 fi
1889 2563 2114 2610 notiflima

9 2628 191 2677 historia
222 2631 371 2678 foret:
408 2648 460 2678 ac
500 2646 592 2687 non
619 2629 666 2677 &
698 2644 871 2675 nomen
896 2629 943 2674 δε
968 2627 1219 2691 appellatio
1244 2625 1427 2690 Cippus
1454 2627 1589 2686 esset,
1624 2627 1669 2673 id
1705 2628 1830 2691 quod
1855 2627 1880 2674 a
1903 2629 2117 2691 diligenti

9 2692 322 2741 Grammatico
348 2695 492 2743 fuerat
515 2694 875 2742 admonendum.
925 2693 1012 2740 Sed
1039 2691 1149 2755 quid
1172 2692 1221 2737 in
1244 2706 1299 2737 eo
1324 2691 1612 2754 diligentiam
1637 2693 1778 2756 exigo
1795 2727 1809 2752 ,
1833 2695 1910 2756 qui
1937 2693 2026 2755 ipsa
2049 2692 2117 2738 est'

9 2759 309 2822 negligentia:
345 2760 401 2806 Id
424 2777 535 2807 vero
562 2759 695 2806 facile
730 2775 786 2806 ex
814 2775 869 2805 eo
893 2758 1161 2821 colligitur,
1196 2754 1321 2818 quod
1354 2755 1411 2801 de
1438 2759 1592 2801 Roma
1619 2755 1787 2804 scribit.
1859 2758 1985 2802 Nam
2008 2758 2112 2803 Ro-

0 2830 77 2890 ¹m'a
108 2824 154 2868 in
180 2823 319 2869 Latio
353 2837 461 2870 erat.
528 2825 642 2872 Erat
668 2825 847 2887 inquit,
880 2822 1002 2886 quasi
1026 2837 1148 2868 nune
1178 2821 1223 2866 in
1239 2821 1378 2866 Latio
1402 2836 1494 2865 non
1518 2820 1572 2866 fit
1598 2822 1782 2877 Roma3
1817 2821 1888 2867 sed
1913 2821 1957 2866 in
1981 2822 2111 2882 Apu-

0 2884 109 2945 {l'raifl
130 2888 464 2951 commigrarit.
531 2890 658 2934 Finis
683 2905 777 2935 non
799 2889 888 2934 erit
905 2921 920 2946 ,
958 2887 988 2933 11
1015 2886 1170 2932 omnia
1194 2884 1320 2931 istius
1353 2897 1497 2930 errata
1529 2884 1733 2947 persequi
1759 2886 1956 2931 libuerit.
2015 2886 2111 2931 Ve-

9 2952 106 2998 nith
128 2952 237 2999 illud
263 2967 448 3015 quoque
471 2965 626 3014 aperte
647 2952 875 3010 ostendit,
891 2962 1027 3014 quam
1056 2950 1110 2997 fit
1136 2962 1269 3010 aptus
1286 2949 1570 3010 exponendis
1585 2949 1845 2995 au&oribus
1873 2950 2111 3012 imperitus

8 3014 84 3066 ist‘e
117 3017 420 3081 paedagogus.
489 3015 747 3063 Succinffis
786 3017 971 3079 pinetis.
1041 3013 1208 3062 Denfis
1231 3014 1381 3076 inquit
1418 3013 1465 3059 δί
1492 3013 1687 3077 alligatis
1723 3015 1901 3076 pinetis.
1971 3014 2112 3059 Nova

10 3077 88 3141 iste*
113 3096 344 3145 exponens
382 3083 623 3144 importat.
693 3079 857 3127 Nemo
885 3079 1105 3143 liquidem
1136 3077 1563 3125 Grammaticorum
1587 3094 1787 3140 unquam
1813 3078 1997 3124 asseruit·
2015 3077 2112 3124 suc-

10 3145 205 3192 cinetum
238 3147 424 3194 densum
457 3143 733 3210 fignifieare.
806 3145 1054 3193 Succineta
1089 3159 1285 3206 namque
1319 3143 1474 3206 pineta
1509 3140 1754 3201 dicuntur,
1788 3142 1911 3205 quod
1949 3140 2041 3187 fere
2063 3141 2112 3186 δε

11 3211 194 3279 procera
227 3210 314 3260 fint
349 3211 398 3260 &
418 3213 558 3277 juxta
581 3224 803 3260 cacumen
829 3225 985 3258 ramos
1003 3211 1234 3258 emittant.
1303 3208 1376 3256 Ut
1397 3205 1616 3253 succinc‘ti
1641 3207 1808 3255 milites
1829 3206 2117 3314 appellaptjur·

1980 3285 2001 3314 a
2025 3282 2112 3314 tius
