2547 3708
899 113 926 171 Ι
1083 113 1130 171 Β

1281 112 1304 172 1
1450 117 1621 174 ε.»
2199 126 2275 201 ‘45

333 242 433 291 170
502 218 741 288 Respuet
768 215 989 270 invisum
1013 215 1144 287 justa
1167 217 1393 274 cadaver
1419 221 1626 278 humus.

426 292 702 364 Unguibus
726 291 779 342 ἃ
809 290 979 344 rostro
1005 289 1182 344 tardus
1209 291 1381 345 trahet
1404 295 1489 348 ilia
1516 295 1726 357 vulturi*

495 367 567 421 ht
591 363 831 418 scindent
856 363 1039 416 avidae
1063 362 1263 433 perfida
1291 366 1456 420 corda
1483 383 1654 421 canes,

420 440 613 511 Deque
640 451 736 490 tuo
761 435 852 488 fiet
892 435 1046 498 (licet
1070 434 1166 489 hac
1192 434 1252 488 sis
1275 436 1433 492 laude
1457 439 1739 511 superbus)

500 506 876 568 Insatiabilibus
901 523 1130 580 corpore
1157 509 1270 564 rixa
1292 509 1440 583 lupis⁰

195 725 261 770 167
284 716 473 768 Trahlris]
490 712 613 754 Fereris
623 711 822 751 Vaticanus
834 721 925 750 mox
930 726 942 757 3
960 721 974 750 1
983 723 1001 760 7
1013 721 1041 752 t.
1050 712 1169 764 sequi.

137 787 202 816 tur
212 775 340 814 trahet.
359 770 494 808 trahere
509 766 665 803 Moreri.

192 827 277 867 268.
308 822 499 869 Infixusque
510 818 578 854 tuis
596 814 709 865 offibus
729 827 836 851 uncus
845 813 947 864 erit.]
977 815 1091 853 Unco
1102 815 1166 854 sci-

137 879 223 917 licet
244 875 379 926 gutturi
398 868 559 918 impacto
581 865 814 904 trahebantur
833 867 869 902 in
888 877 1070 904 carcerem
1084 894 1094 911 ,
1110 866 1169 904 vel

138 929 184 968 ad
205 924 406 966 Gemonias
427 920 542 959 Scalas
556 946 566 963 ‚
596 917 653 954 vel
673 917 709 954 in
732 917 901 954 Tiberim
925 944 936 959 ‚
963 917 1061 954 unde
1081 917 1169 955 illud

139 978 304 1018 Suetonii
325 977 361 1014 in
381 972 536 1011 Tiberio
550 997 559 1013 ‚
588 979 664 1016 cap.
684 979 743 1014 75.
770 974 886 1004 Morte
905 968 1036 1017 ejusita
1059 968 1170 1005 laeta-

139 1041 195 1068 tus
213 1029 255 1076 est
275 1025 413 1078 populus
428 1051 438 1065 ‚
465 1033 505 1058 ut
531 1020 578 1057 ad
601 1021 758 1068 primum
785 1019 951 1055 nuntium
974 1018 1165 1066 discurren-

139 1091 211 1125 tes,
234 1088 313 1128 pars
333 1076 504 1112 Tiberium
514 1071 552 1106 in
565 1070 713 1106 Tiberim
734 1070 979 1112 clamitarent3
1003 1080 1086 1116 pars
1097 1081 1166 1106 ter-

135 1145 216 1169 ram
235 1140 383 1168 matrem
405 1131 554 1172 Deosque
574 1134 690 1156 manes
711 1131 849 1156 orarent
863 1147 874 1164 ‚
903 1133 943 1156 ne
973 1122 1166 1169 mortuofi’-

135 1182 215 1219 dem
245 1179 357 1215 ullam
388 1174 452 1223 nifi
479 1176 568 1210 inter
597 1171 715 1220 impios
744 1170 890 1213 darent;
919 1171 984 1208 alii
1004 1184 1106 1209 uncos
1124 1184 1167 1211 ω’

131 1232 320 1270 Gemonias
339 1225 503 1264 cadaveri
519 1222 751 1259 minarentur.
786 1223 831 1259 Et
851 1221 937 1258 illud
962 1223 1168 1271 Lampridii

133 1284 175 1321 in
197 1279 442 1320 Commodo:
471 1281 598 1322 Corpus
616 1276 686 1321 ejus
706 1284 745 1310 ut
763 1285 846 1310 unco
859 1273 1055 1310 traheretur
1068 1302 1078 1319 ‚
1107 1284 1164 1311 at-

137 1347 202 1383 que
214 1335 251 1370 in
271 1330 416 1369 Tiberim
430 1328 629 1364 mitteretur
645 1352 656 1366 ‚
672 1331 816 1362 Senatus
839 1335 882 1363 cy
895 1324 1038 1373 populus
1053 1326 1163 1374 postu-

133 1386 240 1423 lavit.
265 1381 449 1430 Juvenalis
477 1378 535 1414 Sat
558 1387 587 1412 1.
613 1375 996 1413 Seianusduciturunco
1012 1378 1165 1424 [pestan-

134 1437 210 1475 dus.
261 1434 339 1482 Qui
355 1429 444 1469 vero
469 1427 655 1465 trahebant
687 1426 963 1463 Hamotrahones
991 1427 1164 1465 diceban-

133 1496 206 1526 tur.
251 1485 370 1523 Festus
391 1477 667 1518 Hamotrahones
681 1507 691 1522 ‚
708 1479 772 1514 alii
786 1478 965 1526 piscatores
978 1505 988 1522 ,
1017 1478 1082 1515 alii
1098 1478 1160 1527 qui

132 1551 219 1575 unco
240 1536 415 1574 cadavera
434 1529 597 1568 trahunt.
624 1528 824 1567 SALVAGN.
847 1537 937 1576 puto
953 1555 962 1572 ,
983 1530 1162 1575 faucibus.

133 1587 286 1627 Gutturi
324 1587 424 1622 enim
470 1579 712 1628 infigebantur
745 1580 841 1618 unci.
880 1590 952 1628 qua
974 1579 1019 1617 de
1044 1592 1081 1618 re
1106 1581 1160 1618 di-

134 1639 235 1678 ctum
276 1634 448 1677 nonnihil
483 1634 615 1669 Amor.
652 1632 712 1671 hb.
738 1643 766 1669 1.
812 1629 915 1680 Eleg.
936 1641 991 1667 vr.
1019 1631 1073 1675 jes,
1103 1632 1162 1670 26,

131 1691 584 1796 ΗΞιΙόΝςῗ.ς,θψιαεεανρηῃῑ.]
614 1741 715 1787 Qae
730 1743 867 1786 carpent
886 1733 1081 1780 Mentelii‘‚
1122 1735 1162 1774 &

129 1793 247 1832 redte:
278 1792 322 1830 de
343 1801 436 1839 rogo
455 1803 553 1828 enlm
575 1793 660 1838 agit.

183 1855 266 1892 170.
293 1842 594 1889 Respuetinvifum
607 1840 699 1889 justa
712 1837 1039 1889 cadaverhumus.]
1070 1840 1161 1879 Hoc

129 1895 216 1932 loco
238 1894 429 1942 praeterire
447 1904 522 1930 non
536 1891 677 1940 possum
691 1919 701 1934 ‚
727 1890 830 1939 quod
854 1891 1025 1938 Agathias
1041 1891 1090 1929 lib
1114 1905 1160 1931 11.

129 1944 334 1982 memoriae
352 1942 535 1990 prodidit,
573 1943 714 1978 Graece
743 1941 802 1977 ille
831 1940 982 1988 quidem
1000 1969 1010 1985 ‚
1035 1942 1094 1980 sed
1122 1944 1159 1981 in

126 1996 224 2033 hanc
243 1993 459 2031 sententiam
483 2004 492 2028 z
532 1991 722 2039 Philosophi
740 2004 808 2025 non
825 1992 925 2037 pauci
943 1992 987 2026 ab
1011 1998 1160 2039 Impera·

125 2045 255 2081 toribus
283 2042 491 2086 Christianis
506 2041 618 2087 solum
641 2051 774 2076 vertere
805 2040 910 2075 coacti
938 2042 986 2076 ad
1010 2043 1159 2080 Parthos

120 2096 344 2144 profugerant
368 2119 378 2134 ,
415 2103 458 2130 <J
477 2091 516 2126 in
537 2092 687 2126 cadaver
716 2091 858 2135 ejeo‘lum
881 2100 924 2128 Θ·
951 2091 1159 2138 insepultum

123 2159 201 2182 cum
221 2142 407 2192 incidissent
421 2167 431 2185 ,
465 2139 599 2188 glebam
621 2140 819 2182 injecerant.
872 2145 975 2174 Terra
998 2151 1113 2187 corpus
1134 2144 1160 2178 d

113 2197 154 2245 se
173 2196 293 2242 rejecit·
352 2192 422 2229 Illis
441 2191 568 2228 iterum
579 2189 718 2240 sepelire
733 2186 930 2226 volentibus
944 2216 955 2235 ,
982 2190 1106 2227 datum
1120 2192 1158 2229 in

116 2247 245 2295 somnis
257 2243 446 2282 oraculum
460 2254 469 2278 t

175 2308 235 2351 M»)
250 2305 394 2361 &cisitu-i·
414 2305 566 2356 ἅθοιπἺον,
593 2302 635 2345 ’ἔοι
654 2306 730 2344 uve-i
752 2303 811 2357 mig
828 2306 1003 2355 μαγενέεζ
1016 2333 1028 2351 ‚

173 2364 340 2416 Ηῆμῆτκς
360 2360 484 2401 πάντων
495 2362 711 2413 μητςοφθόρω
725 2359 873 2409 ἕκόέχετ’
893 2359 1009 2413 litigat.

166 2428 358 2465 Privatum
378 2426 536 2472 tumulo,
563 2425 661 2463 haud
681 2425 824 2463 ramula
836 2451 846 2468 ,
876 2423 1085 2472 canibusque
1099 2433 1152 2457 re·

215 2477 332 2528 linque
347 2503 357 2519 ‚
992 2525 1000 2532 ¹

168 2529 232 2566 Nil
243 2528 306 2566 tibi
318 2538 412 2566 terra
430 2540 553 2579 parens
567 2542 642 2566 cum
657 2537 848 2576 corruptore
863 2535 1030 2576 parentts.

116 2595 282 2632 Satvrio.
309 2594 433 2644 respuet
455 2594 640 2644 indignum
660 2594 848 2633 Petavian.

169 2684 208 2717 17
220 2686 249 2710 t.
275 2673 449 2722 Unguibus
468 2684 511 2712 &¹
533 2672 632 2720 rostro
644 2672 768 2709 tardus
781 2672 897 2710 trahet
910 2673 975 2711 ilia
987 2670 1145 2722 vultur]

113 2721 277 2766 Tardus,
304 2725 423 2773 inquit
446 2724 659 2766 Domitius,
684 2724 784 2761 idem
806 2724 853 2761 est
876 2735 918 2761 ac
938 2724 1145 2773 producens

112 2772 298 2814 morsuum
326 2785 395 2821 ego
416 2774 464 2812 {ic
485 2782 575 2822 puto
595 2773 734 2811 dirftum
752 2801 762 2818 ,
790 2774 892 2824 quod
905 2783 1031 2813 natura
1042 2785 1144 2822 prae-

112 2833 236 2871 petem
263 2823 425 2861 volatum
443 2836 519 2862 non
540 2824 692 2868 habeat,
718 2825 816 2863 unde
829 2825 977 2863 vulturis
997 2836 1139 2863 nornen

113 2874 133 2911 a
155 2873 280 2911 volatu
294 2872 409 2910 tardo.
436 2873 819 2925 lfidorusEtymolog.
845 2876 990 2914 libam.
1018 2887 1141 2922 cap.7.

111 2925 241 2962 Vultur
259 2923 284 2960 ὰ
313 2922 436 2960 volatu
459 2924 558 2961 tardo
587 2926 787 2964 nominatus
804 2937 972 2972 putatur,
1001 2928 1137 2975 magni-

110 2974 234 3014 tudine
260 2974 380 3023 quippe
415 2983 579 3021 praepetes
603 2976 744 3014 volatus
761 2991 828 3014 non
850 2977 966 3016 habet.
1017 2978 1135 3025 Quod

109 3029 218 3065 etiam
251 3025 384 3062 Plinius
404 3025 525 3062 innuit
550 3025 609 3062 lib.
631 3037 665 3064 x.
691 3039 768 3074 cap.
793 3028 852 3077 38.
877 3029 916 3066 in
945 3029 1021 3066 his:
1054 3028 1135 3065 Vul-

105 3090 198 3117 tures
208 3077 284 3123 sere
298 3075 475 3124 graviores
488 3103 498 3120 ,
526 3073 640 3123 nifiex
653 3079 833 3125 procursu,
860 3089 925 3116 aut
946 3080 1065 3117 altiore
1075 3090 1149 3121 tu-‚

107 3128 202 3168 mulo
226 3140 294 3163 non
317 3126 471 3163 evolant.
526 3126 638 3163 Unde
667 3138 784 3176 quum
812 3131 875 3168 vix
901 3130 1013 3168 tertio
1036 3158 1046 3174 ,
1071 3138 1134 3169 aut

106 3178 346 3227 frequentiori
367 3177 444 3214 nisu
460 3176 532 3214 sese
559 3177 597 3215 in
619 3176 734 3217 altum
755 3179 919 3224 attollat,
945 3181 1048 3228 saepe
1069 3180 1133 3225 fit,

102 3236 145 3276 ut
157 3235 353 3280 antequam
373 3228 410 3266 in
432 3227 586 3268 sublime
600 3229 755 3276 feratur,
773 3229 818 3268 ab
836 3240 978 3280 aucupe
996 3231 1135 3271 latente

2207 592 2265 647 In

1223 714 1397 763 capiatur.
1453 715 1667 766 Aliquando
1689 718 1790 756 enim
1811 718 1939 756 vivum
1957 718 2032 757 hoc
2051 718 2169 757 modo
2190 718 2210 757 a
2232 720 2267 758 se

1223 774 1371 813 captum
1402 768 1472 806 effe
1502 769 1649 806 testatur
1669 769 1839 808 Albertus
1865 769 1928 810 lib.
1946 783 2010 808 111.
2038 771 2082 810 de
2105 771 2267 818 Anima<

1220 816 1323 854 libus.
1376 819 1546 857 SALVAG.

1279 879 1359 914 172.
1388 870 1506 907 Avidi
1521 869 1658 918 canen]
1688 871 1834 908 Avidae
1853 871 2047 910 Moteti&
2068 872 2183 911 Servii
2197 886 2263 912 co-

1223 917 1337 957 dices.
1373 921 1433 959 Sic
1456 922 1559 968 saepe
1575 922 1720 960 Noster.
1749 922 1822 959 vid.
1840 922 2003 960 Pont.1t.
2026 924 2131 972 meg.
2150 926 2258 968 trois,

1223 981 1284 1015 40.
1313 972 1456 1010 Hesus.
1484 973 1653 1010 scindant
1680 984 1771 1011 unus
1804 973 1941 1022 Regius
1963 1001 1973 1018 ,
2011 975 2074 1023 qui
2096 978 2133 1012 ὃς
2157 977 2262 1015 versu

1222 1023 1487 1068 praecedente,
1514 1024 1650 1061 trahat.

1279 1084 1360 1121 173.
1390 1080 1509 1125 Deque
1528 1084 1586 1110 tuo
1601 1073 1660 1119 fiet
1675 1101 1685 1117 ,
1713 1073 1790 1113 licet
1808 1074 1874 1112 hac
1885 1073 1932 1124 fis
1959 1074 2062 1111 laude
2072 1075 2260 1126 superbus,

1224 1123 1492 1169 Insatiabilibus
1514 1125 1731 1174 corporerixa
1742 1126 1859 1174 lupis-J
1891 1126 1931 1164 Id
1945 1126 1992 1163 est
2008 1153 2017 1169 ‚
2043 1126 2107 1174 ipfi
2122 1128 2263 1176 lupisu-

1224 1174 1433 1221 perlaniatu
1446 1176 1628 1214 cadaveris
1639 1177 1693 1214 tui
1711 1176 1959 1221 contendent,
1987 1179 2155 1225 quamvis
2167 1190 2265 1216 non-

1225 1225 1318 1262 nihil
1348 1227 1511 1274 glorieris
1537 1255 1547 1271 ,
1582 1226 1681 1276 quasi
1703 1229 1797 1265 tanti
1819 1227 1861 1265 sis
1884 1255 1895 1271 ‚
1932 1236 1969 1265 ut
1993 1228 2052 1265 vel
2072 1237 2134 1266 tua
2157 1230 2261 1267 causa

1223 1276 1389 1316 rixentur
1404 1280 1620 1316 animantes.
1674 1277 1729 1315 Ita
1749 1279 1924 1316 Martialis
1950 1278 2014 1316 lib.
2030 1290 2066 1316 x.
2092 1279 2262 1329 Epigr.5‚

1271 1348 1317 1380 Et
1338 1358 1416 1382 cum
1427 1349 1606 1395 supremae
1620 1347 1686 1396 fila
1702 1347 1863 1384 venerim
1883 1347 2004 1393 horae,

1274 1395 1426 1447 Diesque
1445 1398 1569 1436 tardus
1586 1399 1715 1446 sentiat
1735 1411 1862 1436 canum
1880 1398 2001 1444 litem,

1270 1446 1470 1500 Abigatque
1490 1460 1579 1487 moto
1601 1450 1726 1488 noxias
1745 1462 1830 1487 aves
1841 1459 1972 1499 panno.

1214 1510 1417 1552 sarviae,

1270 1586 1355 1624 175.
1383 1582 1424 1613 In
1443 1576 1515 1613 loca
1528 1575 1571 1612 ab
1594 1574 1716 1626 Elysiis
1737 1575 1876 1624 diversa
1899 1576 2063 1626 fugabere
2090 1581 2259 1631 cambia]

1218 1626 1427 1665 Enimvero
1447 1629 1593 1675 piorum
1625 1628 1723 1665 sedes
1756 1628 1853 1676 apud
1876 1628 2012 1666 inferos
2035 1629 2101 1667 alia
2119 1632 2260 1681 semper

1216 1677 1483 1780 Ιὸἒὲῑειηᾳυεω
1512 1679 1727 1727 impiorum.
1777 1678 1880 1718 Hinc
1909 1679 2091 1721 Horatius
2128 1682 2190 1723 lib.
2211 1696 2262 1733 xta

1455 1801 1614 1840 Vidimus
1632 1806 1785 1840 AEacum
1797 1829 1808 1847 ,

1273 1851 1433 1903 Sedesque
1451 1853 1614 1901 discretas
1627 1854 1777 1903 piorum.

1215 1928 1333 1980 quue
1350 1931 1446 1968 Cato
1463 1931 1523 1969 ille
1542 1930 1726 1968 Uticenfis
1745 1929 1948 1978 persuasum
1968 1929 2124 1968 habebat
2140 1958 2150 1974 ,
2170 1942 2257 1971 cum

1215 1981 1311 2026 apud
1334 1981 1525 2018 Salustium
1545 1984 1583 2017 in
1616 1981 1873 2027 conjuratione
1902 1981 2073 2017 Catilinae
2091 1981 2258 2031 loquitur

1215 2032 1252 2067 in
1271 2031 1369 2067 hunc
1392 2032 1547 2067 modurn
1565 2042 1573 2066 :
1601 2035 1690 2066 Bene
1707 2041 1750 2068 ey*
1769 2028 1939 2077 composite
1966 2036 2007 2066 C.
2025 2033 2154 2079 Caesar
2166 2042 2260 2081 pau·

1215 2080 1246 2116 lo
1268 2092 1350 2116 ante
1371 2081 1409 2117 in
1429 2082 1488 2116 hoc
1498 2081 1614 2117 ordine
1634 2080 1673 2115 de
1695 2078 1779 2115 vita
1796 2091 1840 2118 Θ*
1861 2091 1968 2116 morte
1982 2080 2135 2128 disseruit
2148 2110 2158 2125 ‚
2186 2096 2258 2120 cre-

1214 2131 1256 2165 do
1267 2132 1364 2176 falsa
1384 2130 1585 2176 existimans
1606 2142 1645 2165 ea
1658 2157 1668 2173 ,
1680 2142 1768 2176 quae
1789 2133 1830 2165 de
1846 2128 1970 2174 *inferis
1987 2144 2254 2179 memorantur,

1213 2180 1348 2228 diverfh
1377 2180 1501 2218 itinere
1531 2178 1641 2217 malos
1668 2178 1693 2216 οὶ
1716 2178 1810 2216 bonis
1837 2179 1910 2216 loca
1943 2191 2035 2218 tetra
2056 2209 2066 2225 ‚
2094 2183 2252 2228 inculta,

1201 2231 1306 2276 foeda
1319 2259 1328 2274 ,
1357 2242 1462 2281 atque
1474 2230 1701 2278 formidolosa
1716 2230 1849 2268 habere.
1901 2231 1962 2269 Ad
1980 2243 2094 2281 quem
2114 2233 2255 2273 Salustii

1208 2281 1335 2370 kocum
1353 2280 1547 2370 1respexisse
1563 2282 1705 2320 videtur
1718 2281 1891 2333 Virgilius
1918 2282 1979 2323 lib.
1997 2283 2254 2325 vuLAEneids

1236 2333 1264 2370 is
1288 2345 1347 2371 ver
1365 2334 1465 2372 ibus:

1441 2398 1532 2435 Hinc
1545 2397 1664 2448 procul
1684 2396 1787 2435 addit

1263 2453 1448 2487 Tartareas
1466 2450 1575 2486 etiam
1592 2449 1686 2499 sedes
1697 2477 1707 2493 ,
1718 2450 1795 2486 alta
1807 2447 1888 2496 ostia
1901 2448 2016 2496 Ditis„

1263 2504 1310 2536 Et
1321 2500 1489 2547 scelerum
1502 2510 1625 2548 poenas
1637 2528 1647 2543 ,
1674 2513 1717 2540 (9¹
1736 2512 1768 2537 te
1789 2500 1949 2538 Catilina
1967 2503 2100 2540 minaci

1261 2551 1472 2588 Pendentem
1490 2551 1618 2598 scopulo
1637 2551 1891 2599 Furiarumque
1903 2565 1961 2588 ora
1984 2555 2167 2592 timentem
2178 2580 2191 2598 2

1261 2607 1470 2652 secretosque
1488 2603 1572 2652 pios,
1606 2603 1659 2639 hi,-
1679 2602 1822 2640 dantem
1836 2604 1922 2651 jura
1933 2609 2114 2643 Catonem.

2067 2435 2076 2461 x
2119 2419 2126 2421 .

1176 2668 1296 2707 'ideo
1315 2669 1415 2706 enim
1447 2667 1644 2716 praeficitur
1672 2666 1769 2706 Cato
1793 2666 1973 2705 Uticensis
1996 2668 2070 2715 juri
2099 2671 2243 2709 infeross

1202 2731 1283 2757 rum
1299 2747 1308 2763 ,
1338 2719 1423 2770 quia
1435 2730 1493 2756 eas
1510 2730 1649 2768 poenas
1671 2729 1770 2755 veras
1783 2717 1951 2766 putabat,
1974 2731 2062 2768 quas
2077 2722 2181 2759 multi
2193 2724 2240 2759 ri—

1200 2771 1333 2808 debant
1354 2799 1365 2814 ,
1394 2781 1478 2808 cum
1501 2769 1596 2818 apud
1617 2768 1807 2808 Salustium
1822 2768 1982 2817 suggillat
2003 2772 2028 2807 1.
2044 2772 2239 2811 Caesarem

1199 2833 1292 2868 vana
1321 2822 1379 2860 illa
1406 2824 1596 2869 putantem
1612 2849 1622 2865 ,
1643 2831 1729 2870 quae
1748 2820 1794 2857 de
1814 2821 1938 2858 inferis
1957 2822 2207 2868 praedicantur
2222 2851 2233 2867 2

1196 2883 1235 2910 ut
1256 2873 1432 2910 Galeotus
1452 2872 1679 2910 Martiuslib.
1706 2871 1750 2909 de
1762 2871 1967 2916 Dosttina,
1995 2883 2145 2920 cap.27.
2176 2887 2231 2911 re-

1195 2923 1252 2962 cte
1282 2923 1479 2972 Virgilium
1507 2921 1683 2961 enarrasse
1712 2923 1804 2960 mihi
1828 2922 1982 2960 videtur.
2020 2924 2229 2962 Sententiae

1192 2987 1281 3012 vero
1303 2974 1460 3012 Caesaris
1479 2973 1690 3021 suffragatur
1708 2974 1889 3012 Timaeus
1911 2975 2051 3012 Locrus
2078 2975 2229 3018 libano?
2252 3013 2255 3015 ,

1190 3026 1317 3073 ψυχᾶς
1335 3026 1466 3069 κόσμου
1487 3026 1547 3062 καὶ
1567 3028 1689 3069 φύσιος
1702 3053 1712 3069 ,
1741 3025 1780 3062 de
1799 3025 1922 3062 anima
1947 3026 2072 3062 mundi
2097 3037 2140 3064 (9·
2159 3038 2226 3061 na-

1188 3087 1282 3116 tura.
1337 3077 1500 3114 Scribens
1535 3076 1718 3115 malorum
1743 3087 1905 3124 poenam
1929 3077 2106 3114 comitem
2128 3074 2224 3120 effe,

1189 3136 1269 3165 tum
1291 3139 1375 3177 quae
1391 3127 1528 3174 legibus
1540 3125 1716 3173 sancitur,
1744 3137 1824 3165 turn
1844 3139 1938 3175 quae
1951 3126 2227 3163 rationibusdis-

1191 3179 1350 3217 cernitur
1389 3179 1653 3216 vehementem
1685 3180 1866 3216 incutiens
1888 3185 2063 3214 terrorem
2088 3203 2098 3218 ‚
2134 3187 2224 3216 cum·

1192 3229 1412 3276 caelestium,
1438 3238 1519 3269 tum
1539 3230 1763 3316 infernlaqrurn
1786 3240 1904 3267 rerum
1928 3254 1939 3273 ,
1975 3226 2078 3276 quod
2097 3226 2229 3284 suppli-

1677 3292 1682 3301 ι
1721 3289 1735 3320 z
2168 3290 2229 3318 ecia
