2547 3708
797 179 859 237 P.
932 171 1345 236 OVIDII

301 207 399 247 120

1416 174 1947 235 NASONIS

595 281 908 355 Praedaque
931 280 992 334 sis
1018 277 1151 341 iilis,
1189 275 1380 350 quibus
1407 277 1482 332 est
1506 277 1738 332 Latonia
1767 278 1933 335 Delos

449 357 554 429 480

666 360 812 410 Ante
841 353 1015 417 diem,
1060 364 1213 421 rapto
1236 366 1345 406 non
1371 349 1617 405 adeunda
1640 350 1840 406 Thaso,

597 430 816 503 Quique
841 422 1179 481 verecundae
1207 424 1562 495 speculantem
1589 423 1728 477 labra
1753 422 1993 492 Dianae,'

677 500 896 572 Quique
925 496 1299 565 Crotopiaden
1326 496 1594 566 diripuere
1621 492 1816 550 Linon.

304 739 372 779 ion
393 739 501 778 filiam
526 739 709 776 Damonis
731 749 814 776 cuni
834 734 1015 775 sororibus
1028 733 1141 772 fuiffe.
1196 733 1341 772 Harum

309 790 469 840 hospitio
493 791 630 837 Jupiter
650 789 852 837 susceptus,
881 798 966 825 cum
986 786 1197 824 Thelonios
1213 813 1223 829 ,
1250 797 1346 835 quo-

309 852 390 878 rum
417 843 474 878 hic
497 841 623 877 Damo
645 840 814 887 Princeps
836 846 911 877 erat
933 865 943 881 ‚
981 846 1262 885 corrumpentes
1283 847 1345 873 ve-

309 893 412 929 nenis
437 889 611 929 successus
636 891 809 928 omniurn
843 888 1030 927 fruetuum
1047 888 1346 933 ,fulmineinter-

307 942 451 985 ficei-et,
481 942 635 979 servavit
657 953 733 979 eos.
789 940 859 978 Sed
882 939 1031 977 Macelo
1053 949 1138 976 cum
1157 939 1238 975 viro
1262 949 1347 984 pro·

309 1001 390 1039 pter
410 993 474 1029 viri
499 993 701 1040 nequitiam
720 1020 729 1036 ,
758 992 877 1040 periit.
931 989 989 1027 Ad
1002 990 1084 1027 alias
1096 1000 1185 1026 vero
1197 988 1348 1025 servatas

311 1054 398 1080 cum
423 1043 574 1080 veniilet
599 1044 746 1085 Minos,
776 1053 859 1079 cum
890 1039 1097 1078 Defitlione
1121 1038 1347 1083 concubuit,

312 1105 359 1130 ex
382 1106 453 1142 qua
486 1094 620 1130 creavit
652 1093 868 1130 Eusantium
892 1118 904 1135 ,
939 1090 1037 1128 unde
1060 1089 1252 1127 Eusantiae
1270 1089 1349 1126 fue·
1369 1089 1371 1092 ⁴

311 1153 407 1181 runt.
462 1144 703 1181 IN'rERPREs.
739 1142 910 1186 Macedo,
948 1153 1042 1190 quae
1073 1141 1111 1178 δί
1147 1139 1350 1176 Macedonia

311 1194 406 1231 dicta
429 1195 521 1237 fuit,
551 1204 632 1231 nata
652 1194 781 1241 legitur
803 1193 897 1239 Jove
918 1193 955 1229 ὃ(
979 1192 1091 1239 Thya
1113 1191 1351 1228 Deucalionis

307 1243 401 1287 filia,
430 1256 470 1282 ut
493 1255 598 1282 autor
620 1246 666 1281 est
690 1244 903 1292 Stephanus.
932 1243 1086 1281 ConsT.
1104 1241 1200 1279 Fan.
1233 1248 1349 1278 Mace-

311 1295 376 1339 do,
403 1295 601 1343 legendum
623 1304 714 1342 puto
745 1294 985 1332 nominativo
1013 1293 1120 1337 casu,
1149 1301 1187 1329 ut
1206 1291 1246 1328 sit
1269 1293 1350 1329 foe-

316 1347 518 1384 mininum,
552 1348 648 1383 Nam
672 1348 842 1382 Macedon
864 1344 1083 1382 virinomen
1097 1343 1168 1387 est,
1192 1343 1296 1388 Jovis
1312 1345 1348 1380 &

310 1395 448 1445 Tliyae
471 1426 480 1440 ‚
519 1397 594 1445 ejus
625 1398 686 1444 qui
717 1397 785 1433 fuit
818 1395 1080 1447 Deucalionis,
1109 1394 1196 1437 filii,
1225 1392 1244 1430 a
1271 1405 1348 1442 quo

309 1446 558 1484 Macedoniae
579 1458 732 1484 nomen.
787 1448 1013 1494 Quanquam
1036 1444 1208 1494 equidem
1225 1471 1235 1486 ‚
1256 1456 1350 1492 quae

310 1509 396 1534 nam
420 1499 510 1534 haec
538 1497 700 1535 Macedo
720 1498 829 1534 fuerit
852 1524 861 1540 ,
892 1497 929 1533 ὃς
958 1495 1154 1543 quomodo
1179 1496 1351 1542 perierit,

311 1548 395 1585 alibi
416 1551 583 1585 nonduin
605 1548 691 1595 legi.
751 1549 928 1584 Mrem.
957 1547 1074 1584 Vetus
1093 1547 1267 1593 interpres
1286 1557 1352 1592 pro

312 1600 481 1642 Macedo,
509 1600 594 1646 legit
620 1598 773 1642 Macelo,
801 1598 904 1646 quod
916 1595 962 1634 sic
974 1606 1136 1635 enarrat:
1168 1596 1344 1632 Nicander

310 1650 395 1686 dicit
420 1650 575 1686 Macelon
600 1654 668 1686 ss'zc.
698 1648 784 1686 fides
804 1649 875 1686 :silo
889 1660 999 1697 penes
1022 1648 1224 1685 auctorem.
1253 1647 1343 1684 Sar.-

311 1711 436 1738 VAGN.
468 1700 633 1736 Macedon
656 1701 725 1735 icio
746 1700 787 1746 est
809 1701 935 1749 rapuit,-
950 1699 1086 1736 Sarrav.
1114 1707 1154 1734 ut
1177 1697 1344 1734 Macedon

313 1752 444 1793 rapidis
473 1750 558 1788 iflus
591 1752 806 1787 Petavianus
831 1751 919 1788 alter
941 1778 951 1793 ,
998 1751 1035 1786 ἃ
1060 1760 1150 1786 unus
1176 1747 1318 1786 Heinfii
1336 1776 1346 1793 ,

311 1802 484 1838 Macedon
501 1803 599 1850 jabis
624 1802 666 1847 est
687 1801 815 1849 rapidis
837 1802 942 1850 prim.
965 1799 1096 1839 editio.
1123 1799 1265 1836 Macedo
1287 1813 1345 1835 ra-

305 1853 398 1902 pislis
432 1853 581 1889 medena
600 1854 733 1899 coniuge
757 1852 894 1889 Moi'eti
911 1880 920 1895 ‚
955 1859 994 1889 ut
1020 1850 1160 1888 Macedo
1184 1851 1279 1887 victa
1303 1850 1346 1895 est

312 1904 442 1950 rapidis
468 1904 615 1951 Regius.
637 1903 737 1939 locus
769 1910 972 1949 coriuptuS.
1009 1912 1078 1938 nec
1102 1900 1243 1938 Macedo
1263 1912 1344 1937 mu-

313 1954 387 1991 lier
402 1965 486 1990 nora
503 1982 512 1996 ,
541 1965 652 2001 quare
666 1964 752 1989 cum
766 1954 964 1989 Petaviano
986 1953 1022 1989 δί
1038 1951 1239 1988 Heinfiano
1260 1951 1347 1987 ibim·

311 2002 428 2052 posset
441 2004 608 2051 praeferri
624 2032 633 2046 ,
663 2004 717 2039 vel
732 2003 800 2050 legi
817 2030 827 2046 ,
855 2003 984 2051 rapidis
1006 2001 1166 2038 insicum
1186 2001 1320 2049 conjuge
1337 2029 1346 2046 ,

314 2056 351 2091 &
373 2055 525 2101 intelligi
546 2053 687 2090 Macedo
713 2055 898 2101 Lycaonis
920 2052 1010 2090 filius
1026 2080 1034 2095 ,
1064 2053 1126 2100 qui
1147 2053 1272 2089 ruinae
1287 2063 1346 2099 pa·

311 2112 437 2142 ternae
456 2105 589 2141 domus
610 2105 797 2141 involutus
821 2104 888 2141 fuit
916 2112 1001 2142 cuin
1023 2103 1195 2151 conjuge.
1225 2102 1346 2150 Hujus

314 2155 514 2191 Macedonis
532 2156 704 2192 meminit
717 2154 917 2201 Stephanus
937 2155 972 2190 in
989 2154 1136 2200 Oropo.
1164 2153 1350 2190 &Tzetz.

318 2204 479 2242 Chiliad.
514 2217 565 2241 iv.
592 2205 631 2246 ss.
656 2214 740 2253 330.
776 2205 839 2252 qui
873 2203 987 2241 filium
1020 2204 1205 2252 Lycaonis
1226 2205 1260 2240 ἂ
1286 2214 1347 2250 pas

316 2262 410 2293 trem
431 2255 531 2292 Pindi
552 2256 645 2292 facit.
678 2254 740 2292 iiie
754 2254 908 2302 Lycaon
929 2266 972 2291 an
997 2254 1096 2291 idem
1111 2254 1173 2297 fit,
1201 2255 1261 2302 qui
1277 2255 1344 2289 Ar-

314 2307 439 2344 cadiae
459 2307 538 2342 Rex
561 2305 695 2343 nescio.
729 2305 867 2352 Pelasgi
888 2305 946 2342 ille
966 2304 1057 2342 filius
1071 2304 1214 2341 dicitur.
1243 2304 1345 2352 atqui

312 2356 436 2404 Justin.
457 2369 526 2393 vir.
555 2356 641 2393 dicit
666 2355 890 2393 Macedonas
914 2354 1016 2393 fuiffe
1036 2355 1214 2403 populum
1231 2354 1347 2391 Pelas-

314 2420 417 2456 gum.
445 2409 482 2444 &
505 2408 663 2444 Tzetzes
683 2408 860 2454 Lycaona
885 2405 1098 2444 AEmathiae
1111 2417 1235 2455 regem
1250 2406 1348 2442 facit.

317 2459 377 2496 sed
397 2459 486 2495 haec
507 2457 730 2505 conjectura.
787 2457 917 2494 Bonis.

365 2520 452 2554 4702
483 2506 847 2558 Praedaquefisillis]
878 2507 1052 2545 Sacerdos
1070 2507 1250 2555 Apollinis
1266 2506 1340 2544 De‘

313 2559 351 2597 lii
375 2560 487 2596 Anius
511 2561 600 2602 fuit,
628 2558 672 2595 ad
694 2571 806 2607 quem
829 2570 913 2595 cum
936 2557 1085 2595 venisset
1109 2570 1169 2605 per
1190 2558 1342 2597 noctem

316 2610 461 2647 Tliasus
476 2638 485 2653 ‚
513 2608 532 2646 a
555 2609 700 2646 canibus
723 2609 874 2645 laniatus
887 2608 955 2653 est,
987 2609 1084 2646 unde
1107 2609 1225 2645 nullus
1248 2612 1345 2648 canis

316 2661 440 2698 Delon
465 2660 606 2697 accedit
634 2661 787 2696 authore
811 2659 1052 2696 Callimacho.
1105 2659 1348 2698 INTERPRES.

318 2711 476 2748 Mirifice
499 2720 604 2749 vetus
634 2710 812 2757 Interpres
847 2709 890 2746 de
923 2710 1063 2747 Thaso.
1119 2710 1221 2747 ldein
1245 2712 1345 2749 enim

317 2763 427 2800 refert
461 2762 655 2810 Hyginus.
682 2769 722 2798 ut
749 2762 961 2797 notavimus
992 2762 1028 2797 in
1059 2761 1348 2800 Commentariis

320 2812 459 2850 nostris.
510 2813 708 2850 Satvac-zn.
737 2810 908 2863 Thrasus,
938 2810 1011 2847 five
1024 2820 1062 2848 ut
1082 2812 1164 2854 alii,
1196 2811 1348 2857 Thasas,

323 2864 410 2902 Anii
433 2864 622 2901 sacerdotis
639 2862 731 2899 filius
754 2863 820 2899 suit
835 2889 844 2905 ,
872 2862 918 2898 de
938 2873 1014 2909 quo
1035 2861 1130 2909 apud
1155 2863 1346 2909 Hyginum

322 2914 370 2950 ita
388 2913 539 2962 legitur:
570 2918 606 2950 A
628 2913 768 2950 canibus
789 2913 975 2961 consumpti
991 2912 1096 2959 sant,
1128 2915 1348 2949 AHaeonA—

321 2963 536 3010 ristaeifilius
552 2992 561 3006 ‚
591 2965 721 3011 Thasus
742 2963 827 2999 De'lo
843 2991 852 3006 ‚
890 2963 982 2998 Anii
1007 2962 1191 3007 sacerdotis
1213 2963 1348 3012 Apolli·

322 3015 376 3051 nis
393 3014 483 3059 filias
500 3043 508 3055 ,
541 3028 580 3051 ex
601 3029 634 3051 eo
660 3014 741 3050 Delo
761 3013 877 3051 nullus
889 3014 982 3050 canis
995 3014 1035 3060 cst
1049 3041 1058 3056 ‚
1073 3024 1142 3052 wc.
1173 3014 1350 3051 Micirtt..

322 3066 435 3103 Nunc
463 3065 602 3113 aliquos
633 3064 853 3111 perstringit,
880 3065 942 3113 qui
968 3063 987 3101 a
1010 3064 1156 3102 canibus
1182 3063 1346 3111 discerpti

319 3116 411 3154 sunt.
468 3115 525 3151 De
546 3116 670 3152 Thaso
693 3114 737 3151 fic
764 3116 935 3163 Hyginus
957 3115 1025 3153 fab.
1042 3125 1127 3161 247.
1155 3115 1214 3152 cui
1239 3116 1351 3151 Lem-

322 3178 379 3203 nia
395 3195 403 3210 ‚
431 3166 506 3214 Qi
525 3164 549 3202 a
571 3165 709 3201 canibus
733 3167 918 3214 consumpti
938 3166 1029 3209 sant.
1086 3167 1240 3202 Ac‘laeon
1262 3167 1350 3201 Ari-

322 3217 511 3264 ,13aeifi'lius
539 3218 610 3253 δεῖ.
650 3216 694 3253 Et
719 3216 886 3263 Hyginus
912 3217 1061 3262 quidem
1085 3216 1177 3253 solus
1200 3216 1352 3252 liuiclo-

323 3280 367 3304 co
392 3269 448 3306 fax
472 3266 541 3305 esse
564 3267 709 3316 potuit,
738 3268 890 3304 nemine
909 3277 1144 3315 praeteream
1165 3267 1350 3306 historiam

2320 572 2434 629 Ne-

1402 730 1596 779 prodexite.
1661 734 1843 781 Quamvis
1868 737 1968 774 enim
1992 735 2119 776 Strabo
2152 737 2278 778 scribat
2305 738 2367 778 lib.
2396 741 2434 777 xl
2498 757 2514 780 .-

1401 783 1503 820 nefas
1521 782 1591 820 effe
1612 794 1719 821 canes
1738 787 1773 823 in
1797 787 1894 824 Delo
1915 788 2033 833 alere,
2059 788 2105 826 de
2135 789 2262 827 Thaso
2284 802 2330 828 ne
2349 802 2434 828 ver·

1401 833 1487 871 hum
1513 834 1675 890 quidem.
1705 836 1927 875 -Satvaoim
1956 839 2120 887 Quidam
2146 868 2156 885 ‚
2184 840 2305 890 Thaso.
2339 841 2434 878 Tha-

1397 882 1470 932 βας
1501 885 1656 933 Hygino
1678 885 1726 923 est
1755 887 1824 924 fab.
1843 900 2019 927 ccxtvii.
2046 903 2136 928 mox
2159 891 2270 928 Linon
2289 901 2355 940 pro
2376 892 2434 928 Li-

1407 948 1492 990 num
1537 944 1606 972 tres
1649 936 1780 985 scripti.
1832 939 1975 978 Hiems.
2023 941 2171 990 Thrasas
2209 943 2288 991 quis
2325 943 2435 981 fuerit

1406 996 1564 1041 ignoro,
1588 987 1624 1042 ᾃ
1651 986 1844 1036 Thasojam
1858 990 2058 1029 vindicavit
2079 994 2154 1040 Jac.
2174 993 2259 1030 Nic.
2282 992 2437 1031 Lo'e'nfis

1406 1036 1511 1093 Mile.
1537 1037 1670 1085 Epiph.
1692 1049 1726 1075 x.
1748 1050 1780 1087 3.
1815 1039 1946 1089 Thasus
1974 1054 2064 1080 vero
2096 1044 2228 1082 dicitur
2251 1044 2436 1090 Agenoris

1404 1086 1519 1130 filius,
1549 1087 1680 1125 Cadmi
1707 1090 1835 1132 stater,
1865 1091 2036 1129 conditor
2056 1094 2189 1132 insulae
2203 1094 2329 1132 Thasi.
2358 1094 2437 1132 vid.

1408 1136 1560 1175 Conon.
1587 1149 1870 1178 narrat.xxxvix,
1902 1142 2121 1189 &stephan
2138 1145 2174 1182 in
2195 1147 2346 1187 Θάσσες.
2373 1146 2438 1186 ubi

1407 1190 1444 1225 &
1473 1188 1714 1236 Telephaffa‚
1753 1199 1868 1229 mater
1901 1192 2070 1241 Europae
2093 1222 2104 1240 ,
2132 1195 2262 1233 dicitur
2285 1195 2436 1242 obiisse,

1406 1249 1500 1287 quae
1520 1240 1555 1277 in
1578 1238 1661 1277 Mff.
1687 1250 1839 1278 vocatur
1870 1245 2046 1290 Τελέφνι,
2085 1245 2187 1295 quod
2220 1258 2262 1283 an
2305 1247 2435 1287 melius

1404 1289 1445 1326 fit
1464 1290 1724 1346 indedubitari
1745 1291 1882 1340 posset,
1909 1295 1993 1342 quia
2017 1291 2234 1342 Harpocrat.
2262 1298 2297 1334 in
2319 1301 2438 1337 Γαλη-

1403 1340 1471 1382 ῲὸς
1494 1341 1583 1378 dicit
1605 1368 1615 1385 ‚
1653 1342 1850 1390 Galepsum
1881 1344 1995 1382 Thafi
2028 1347 2065 1384 ἃ
2092 1347 2279 1394 Telephes
2299 1346 2408 1385 filiam
2424 1377 2436 1394 ,

1404 1402 1497 1439 quae
1519 1392 1689 1440 Telephe
1711 1393 1807 1431 forte
1830 1395 1941 1433 etiam
1967 1396 2148 1445 Agenoris
2167 1397 2237 1435 filia
2253 1425 2263 1441 ‚
2292 1410 2435 1437 nomen

1404 1454 1422 1477 a
1444 1450 1560 1480 matre
1588 1444 1709 1492 potuit
1737 1444 1880 1483 habere.
1928 1446 2018 1485 nihil
2039 1459 2129 1485 vero
2152 1449 2222 1485 obsl
2233 1458 2267 1485 at
2285 1475 2296 1492 ‚
2333 1449 2438 1497 quod

1407 1492 1539 1531 Noster
1562 1493 1622 1531 hic
1643 1496 1680 1531 in
1704 1493 1812 1542 Thaso
1834 1497 1990 1544 primam
2018 1499 2188 1546 corripiat
2210 1527 2220 1541 ,
2249 1510 2332 1536 cum
2358 1500 2439 1538 Ste-

1407 1543 1531 1589 phano
1553 1545 1691 1588 oneo-og
1712 1545 1864 1584 dicatur.
1891 1559 1976 1586 nam
2001 1550 2037 1585 Sc
2060 1551 2174 1591 &aava
2196 1551 2313 1597 prima
2334 1549 2437 1590 brevi

1400 1593 1559 1632 Eustath.
1590 1596 1728 1645 Perieg.
1763 1596 1803 1640 ᾧ.
1827 1607 1908 1644 ςυ..
1945 1595 2114 1645 Ω’γυγιή
2145 1611 2187 1636 τε
2212 1599 2338 1643 Θαίσος.
2374 1602 2436 1640 ubi

1401 1645 1737 1700 Eustatii.Thasum
1751 1648 1836 1685 facit
1855 1649 2019 1697 Neptuni
2034 1650 2146 1688 filium
2164 1679 2174 1695 ,
2203 1651 2263 1690 sed
2276 1652 2434 1690 &Phoe-

1402 1708 1511 1732 mcem
1535 1707 1668 1741 vocat,
1705 1699 1873 1747 quicum
1896 1701 1969 1737 aliis
1995 1701 2185 1750 Europam
2214 1711 2254 1740 ut
2279 1713 2436 1751 quaere-

1401 1755 1502 1790 rent,
1530 1759 1578 1784 eo
1603 1751 1834 1787 venerunt&
1856 1750 2108 1789 consederunt.
2138 1753 2179 1789 In
2203 1752 2358 1801 Hygino
2370 1765 2438 1790 ve-

1402 1808 1443 1853 ro
1468 1797 1610 1849 Thafius
1627 1799 1771 1847 legitur.
1791 1812 1867 1848 quo
1893 1803 2049 1839 nomine
2077 1801 2169 1840 filius
2191 1803 2437 1851 Aglaophonff

1403 1856 1446 1885 tis
1466 1858 1695 1887 memoratur
1716 1850 1905 1897 Hesychio
1927 1852 1962 1889 in
1985 1854 2112 1894 Θάσος.
2141 1853 2270 1892 Euam,

1455 1898 1540 1942 481.
1556 1900 1696 1948 Quique
1714 1901 1954 1952 verecundae.]
1980 1903 2162 1941 Actaeon.
2192 1905 2436 1945 INTERPRES.'

1405 1948 1572 1987 Actaeon
1606 1951 1756 1988 Aristaei
1788 1954 1826 1989 &
1858 1952 2057 1991 Autonoes
2081 1953 2192 1999 filius,
2221 1956 2323 2004 quod
2347 1957 2436 1995 Dia-

1405 2011 1489 2036 nam
1512 1999 1545 2037 se
1565 2001 1750 2039 lavantem
1775 2002 1913 2039 nudam
1945 2002 2086 2041 vidisset
2105 2005 2141 2042 in
2175 2017 2323 2043 cervum
2351 2019 2435 2046 mu-

1403 2058 1521 2093 tatus,
1551 2052 1587 2087 &
1611 2050 1630 2088 a
1663 2053 1816 2100 propriis
1841 2052 1988 2090 canibus
2007 2053 2181 2094 laceratus
2203 2057 2261 2094 est.
2315 2058 2433 2095 Fabu-

1402 2100 1473 2136 lam
1493 2101 1642 2149 copiose
1653 2103 1845 2150 pertractat
1859 2104 2014 2141 Ovidius
2025 2105 2084 2143 lib.
2099 2118 2163 2144 111.
2181 2108 2434 2155 Metamorph.

1404 2151 1565 2188 Nonnus
1588 2152 1681 2189 libro
1694 2153 2052 2201 quintoDionyfiac.
2080 2156 2269 2194 Diodorus
2293 2158 2434 2196 Siculus

1401 2201 1491 2238 libro
1504 2214 1556 2238 1v.
1585 2202 1820 2240 Pausaniasin
1835 2203 2039 2249 Boeoticis‚
2065 2206 2236 2255 Hygmus
2264 2208 2436 2249 fab.180.

1401 2252 1437 2287 δε
1465 2255 1545 2295 ἰγῐ.
1577 2252 1814 2300 Palaephatus
1843 2255 1924 2297 περὶ
1942 2253 2097 2296 ἀπὶςων.
2153 2257 2435 2305 Fulgentiuslib.

1400 2312 1465 2338 111.
1491 2302 1706 2350 Myttiolog.
1732 2305 1795 2352 qui
1815 2303 1889 2342 duo
1902 2305 2161 2353 postremirem
2186 2308 2435 2356 ἀλληγορικῑῦς

1403 2361 1605 2400 exponunt.
1657 2357 1854 2392 SALVAGN.

1455 2402 1540 2449 481.
1571 2405 1731 2440 Membra
1755 2406 1932 2456 Dianae]
1971 2407 2087 2444 Labra
2117 2410 2204 2448 citat
2225 2411 2323 2449 Υεέὶέ
2344 2437 2355 2454 ,
2392 2420 2435 2450 ut

1406 2452 1668 2501 estinsciiptis,
1695 2455 1875 2494 Heins.ad
1894 2469 1947 2495 xv.
1975 2458 2062 2496 Fass.
2084 2461 2157 2503 761.
2187 2461 2435 2502 delabrisvid.

1407 2505 1496 2541 Phil.
1518 2503 1538 2541 a
1553 2505 1674 2542 Turre
1694 2506 1739 2543 de
1755 2506 1835 2543 Diis
1859 2508 2019 2557 Aquilej.
2048 2522 2171 2559 p.3r3.
2198 2511 2328 2550 BURM.

1452 2554 1535 2600 482.
1553 2606 1560 2612 ⁶
1580 2556 1719 2610 Qi'que
1747 2559 2024 2609 Crotopiaden]
2077 2562 2213 2599 Linum
2253 2569 2432 2610 nepotem

1403 2604 1583 2653 Crotopi,
1612 2605 1725 2644 filium
1756 2608 1961 2646 Psamathes
1987 2611 2023 2646 ὅ(
2053 2610 2215 2654 Phoebi,
2245 2611 2263 2648 a
2284 2613 2432 2652 canibus

1402 2655 1638 2693 dilaceratum
1673 2659 1790 2705 tangit
1810 2686 1819 2701 ‚
1859 2659 1961 2707 quod
1981 2659 2069 2697 dicit
2090 2660 2220 2699 Statius
2284 2664 2435 2703 INTER-

1404 2718 1513 2744 pnss.
1541 2706 1752 2745 Crottnum
1786 2709 1960 2747 octavum
1995 2708 2097 2746 fuiffe
2122 2713 2348 2760 Argivorum
2377 2727 2435 2753 re-

1403 2768 1487 2805 gem
1510 2756 1683 2795 Eusebius.
1705 2758 1854 2796 decimo
1883 2759 2166 2807 Praeparationis
2187 2764 2434 2813 Euangeiicae

1403 2808 1522 2844 tradit.
1575 2808 1726 2845 Consa-⁴
1755 2808 1850 2847 Fan.
1885 2809 1944 2846 De
1961 2811 2034 2849 hoc
2067 2812 2167 2850 Lino
2188 2815 2371 2862 Apollinis
2393 2817 2433 2854 &

1405 2858 1608 2914 Psamathes
1628 2857 1726 2902 filio,
1757 2859 1914 2908 Crotopi
1934 2870 2092 2909 nepote,
2120 2864 2330 2904 Pausaniam
2347 2868 2432 2905 vide

1404 2910 1441 2945 in
1462 2916 1534 2945 nne
1558 2909 1790 2954 Atticorum,
1819 2912 1905 2948 &in
1929 2912 2185 2953 Corinthiacis.
2237 2916 2295 2952 De
2316 2916 2431 2956 altero

1406 2959 1638 3007 Amphimari
1660 2987 1670 3003 ,
1707 2961 1784 3005 ejus
1810 2962 1873 3010 qui
1901 2963 1969 3000 fuit
2000 2964 2165 3012 Neptuni
2187 2966 2224 3002 ὃ(
2247 2968 2432 3013 Uraniae,

1403 3008 1480 3046 filio
1502 3038 1512 3053 ,
1544 3011 1607 3059 qui
1637 3010 1681 3046 ab
1711 3011 1886 3059 Apolline
1918 3013 2048 3062 sagittis
2077 3015 2242 3052 confixus
2263 3018 2355 3062 fuit,
2384 3031 2432 3057 eo

1404 3059 1506 3108 qnod
1523 3060 1556 3097 se
1577 3060 1625 3098 illi
1645 3070 1719 3098 arte
1743 3063 1900 3101 Musices
1918 3064 2175 3112 comparasset:
2207 3068 2244 3104 δε
2262 3068 2307 3105 de
2321 3071 2430 3108 tertio

1405 3111 1512 3155 huius
1533 3109 1630 3155 filio,
1668 3123 1780 3160 quem
1812 3114 1990 3152 Hercules
2015 3115 2133 3153 adhuc
2165 3128 2253 3163 puer
2280 3119 2434 3158 interfe-

1408 3159 1490 3198 cisse
1510 3161 1664 3205 dicitur,
1691 3163 1790 3202 idem
1814 3165 2000 3202 Pausanias
2031 3167 2066 3202 in
2100 3165 2301 3207 Boeoticis.
2354 3171 2436 3208 M1-

1409 3223 1513 3248 cui..
1545 3213 1621 3249 Hic
1641 3213 1689 3250 est
1721 3216 1834 3252 Linus
1871 3215 1950 3257 ille,
1979 3226 2089 3262 quein
2124 3229 2208 3254 cuin
2243 3219 2434 3262 Psamatbe

1409 3263 1565 3312 Crotopi
1588 3265 1811 3313 Argivorum
1843 3265 1951 3314 Regis
1982 3265 2053 3305 filia
2077 3279 2121 3305 ex
2141 3270 2290 3308 occulto
2317 3273 2436 3320 Apol-

2354 3323 2437 3363 linis
2483 3326 2486 3327 ⁷
