2547 3708
723 141 1457 204 PERJ.MASSON.
2047 166 2149 218 ης

34 263 116 298 ter.
151 238 419 293 Dolendum
443 236 534 297 est,
569 235 694 302 quod
719 236 874 284 omnia
895 237 991 300 ejus
1015 237 1230 294 nomina,
1266 237 1359 300 legi
1384 255 1478 285 non
1504 239 1759 302 potuerint.
1793 237 1978 288 Taurum
2002 258 2144 304 porro

32 311 199 361 ibidem
225 318 531 354 memoratum
554 303 749 349 eundem
775 302 860 348 effe
889 317 998 348 cum
1025 301 1163 364 hujus
1185 304 1290 349 anni
1316 304 1544 362 Consule,
1560 304 1694 351 facile
1717 305 1959 369 colligitur
1981 323 2037 353 ex
2053 309 2144 355 alio

36 374 214 440 Lapide
249 373 464 434 integro,
501 385 636 433 penes
670 368 866 415 eundem
905 366 976 413 lll.
1002 369 1296 427 Ciumpinum,
1333 385 1472 432 quem
1509 369 1600 434 ipse
1622 369 1697 416 Cl.
1722 371 1879 435 Copes
1906 372 2042 417 etiam
2068 373 2147 418 de·

33 438 234 504 scripfit,
269 452 320 482 ac
344 435 642 482 CLFabretti
669 433 730 492 (a)
753 432 994 496 vulgavit,
1028 447 1163 495 quem
1197 448 1308 480 vero
1335 434 1633 482 Centumviri
1660 436 1920 498 Municipii
1945 436 2149 498 Augusti

34 506 242 569 chentis
268 503 314 548 in
343 501 569 546 honorem
600 499 725 546 istius
748 500 903 545 Gelotis
928 499 993 544 D.
1019 497 1223 561 Augusti
1245 499 1428 546 Liberti
1464 500 1789 548 consecrarunt
1816 501 2145 548 GAETuLico

35 589 100 618 m·
136 569 385 615 CALvisto
425 567 621 612 SaaiNo
659 563 797 610 Coss.
835 563 927 608 hoc
949 561 1039 622 est,
1073 578 1193 609 anno
1217 563 1282 611 U.
1308 564 1365 610 C.
1392 565 1786 613 DCCLXXIX.

95 637 170 681 An
194 648 346 680 autem
375 633 628 689 Graecinus,
661 627 876 675 sufferam
901 627 1105 685 Consul,
1137 628 1278 675 fuerit
1303 631 1539 692 Semestris,
1575 645 1628 678 ut
1652 631 1726 677 Cl.
1752 630 1949 679 Norifio
1969 630 2147 691 visum,

30 700 212 748 definiri
235 711 365 744 certo
399 696 574 759 nequit.
644 695 834 740 Etenim
872 693 980 739 licet
1016 693 1097 738 sub
1123 694 1338 758 Augusto
1370 694 1566 742 solerent
1592 696 1813 744 Consules
1846 695 2023 744 suffe&i
2062 697 2151 743 esse

30 765 242 826 Semcstres
269 762 294 808 a
317 762 417 808 Kal.
445 763 579 820 Juliis
603 758 657 805 ad
682 757 820 804 finem
845 757 986 820 usque
1007 759 1145 815 anni,
1186 773 1387 807 attamen
1424 778 1492 808 res
1528 762 1649 808 haud
1685 762 1947 809 constanter
1981 762 2150 808 eodem

29 830 172 877 modo
197 828 237 874 se
259 828 418 874 habuit
442 825 638 871 Tiberio
663 823 896 886 Principe.
942 823 1012 880 Is,
1048 822 1161 870 teste
1184 826 1344 871 Dione
1368 826 1456 887 (b),
1489 826 1705 890 quosdam
1732 828 1857 874 Coss.
1879 828 1937 874 ud
1962 829 2147 890 longius,

31 899 133 943 alios
155 896 214 941 acl
230 896 394 940 brevius
415 891 604 949 temporis
626 888 815 952 spatium
839 889 1099 950 dcssgmzbat:
1135 892 1310 952 itemque
1331 895 1538 939 nonnullos
1561 896 1687 939 etium
1719 896 1865 952 citius,
1899 909 2023 954 quum
2058 909 2152 938 con-

23 961 247 1023 stiruiffiet,
280 960 358 1004 loco
384 956 602 1010 movebat3
637 956 760 1012 aliis,
795 964 842 1000 ut
872 956 1028 999 dlutius
1062 957 1105 1000 iu
1127 956 1394 1018 leffuglffrutu
1428 958 1576 1019 affeut,
1610 960 1870 1017 concedebat,
1908 957 1999 1003 &c.
2037 955 2154 1003 Inde

32 1024 125 1082 est,
160 1022 286 1086 quod
321 1023 368 1067 in
404 1020 666 1083 fragmento
700 1019 940 1065 Fastorum
976 1020 1339 1083 Municipalium
1373 1022 1492 1085 apud
1527 1023 1786 1070 Gruterum
1821 1028 1883 1083 (cl
1911 1022 2151 1085 fignantur

35 1086 368 1151 Cossisuffeffi,
403 1085 586 1149 quidam
611 1085 728 1131 Vll..
758 1085 846 1130 ID.
875 1084 1023 1131 MAI.
1050 1086 1125 1131 alii
1150 1087 1472 1146 KAL.JUL.
1508 1087 1583 1134 alii
1606 1089 1764 1134 KAL.
1792 1087 1957 1135 OCT.
1998 1088 2153 1134 Immo

33 1171 139 1202 cum
162 1169 218 1199 ex
248 1158 308 1198 10.
331 1150 505 1215 Lapide
528 1152 584 1196 P.
602 1151 852 1209 Pomponius
867 1151 962 1212 jam
990 1151 1108 1197 1111.
1136 1151 1320 1199 NON.
1346 1153 1497 1199 MAI.
1522 1152 1698 1199 Consul
1722 1152 1889 1210 fuerit,
1915 1151 2021 1197 inde
2044 1168 2153 1199 cor·

34 1221 127 1266 ruit
152 1233 289 1265 omne
309 1217 542 1279 opinionis
557 1214 829 1261 Norifianae
852 1214 1235 1275 fundamentum,
1271 1233 1357 1263 nec
1381 1217 1625 1266 verisimile
1651 1218 1862 1277 videtur,
1897 1230 2003 1262 eum
2019 1216 2156 1264 Con-

33 1284 175 1334 sulatu
209 1281 360 1329 abiisse
391 1296 497 1327 ante
521 1280 796 1328 Decembris
831 1279 987 1327 finem.

82 1349 162 1398 .11.
199 1348 294 1406 Ea,
330 1346 535 1410 quamvis
567 1345 776 1409 prolixa,
810 1363 906 1393 non
941 1345 1226 1395 videbuntur
1259 1359 1415 1395 tamen
1444 1346 1749 1410 supervacua,
1786 1362 1895 1394 cum
1928 1345 1978 1393 &
2011 1345 2152 1409 hujus

36 1413 256 1477 temporis
280 1412 562 1471 Historiam,
598 1410 645 1458 δί
662 1411 863 1458 Nasonis
885 1413 1088 1459 carmina
1112 1429 1206 1460 non
1233 1429 1393 1476 parum
1418 1413 1662 1460 illustrent.
1732 1413 1808 1459 Ex
1830 1411 1993 1458 eodem
2022 1410 2154 1458 insti-

36 1491 142 1527 tuto
166 1479 244 1525 hic
269 1476 524 1524 notandum
551 1475 734 1541 insuper
756 1478 908 1537 venit,
942 1477 1069 1542 quod
1091 1479 1270 1526 Noster
1290 1478 1447 1526 eadem
1470 1479 1655 1540 Epistola
1679 1476 1938 1544 fignificat,
1971 1489 2160 1536 utrumq

39 1560 127 1609 que
151 1543 242 1590 scil.
273 1545 522 1590 Graecinum
547 1558 600 1588 ac
620 1545 844 1604 Flaccum,
879 1542 1104 1590 Consules
1128 1544 1314 1591 Tiberii
1337 1544 1486 1608 gratia
1508 1557 1713 1605 creatos,
1748 1559 1864 1593 vers.
1888 1548 2062 1606 6770.

164 1609 430 1670 Multiplicut
451 1619 590 1654 tumen
615 1608 741 1655 hunc
758 1612 957 1672 gravitas
982 1609 1203 1658 Aufiloris
1227 1610 1481 1658 honorem:

231 1676 295 1721 Et
318 1674 568 1736 majestatem
590 1690 654 1720 res
676 1676 780 1721 datu
804 1674 949 1721 dantis
972 1675 1111 1722 habet.

156 1739 352 1802 Judiciis
378 1742 507 1803 igitur
529 1742 649 1786 liceat
675 1739 925 1803 Flaccoque
949 1740 1114 1802 tibique

235 1803 403 1852 Talibus
429 1805 633 1869 Augusti
657 1816 813 1867 tempus
832 1809 875 1853 in
894 1822 1005 1853 omne
1015 1805 1128 1868 frui.

40 1870 260 1918 Tiberius
281 1870 403 1916 enim
429 1870 509 1916 ubi
533 1871 736 1933 primum
761 1871 940 1918 Caesari
962 1870 1224 1920 Ofilzaviano
1244 1874 1423 1937 Augusti
1451 1871 1734 1936 cognomine
1766 1868 1891 1917 diuo
1925 1865 2164 1927 succeffit‚'

45 1936 166 1982 idem
191 1950 378 1997 quoque
404 1950 674 1999 cognomen
698 1936 901 1983 assumsit
922 1939 968 1995 ὴὲ,
983 1936 1111 1999 quod
1127 1938 1261 1984 &alii
1287 1939 1446 2003 postea
1468 1939 1694 1984 continuo
1717 1935 2008 1998 usurparunt.
2046 1933 2159 1979 Nec

45 2001 184 2058 alius,
219 2015 354 2061 quam
383 1999 602 2045 Tiberius
634 2000 714 2046 hic
746 2002 948 2064 intelligi
973 2001 1153 2065 potest,
1192 2002 1412 2066 siquidem
1441 2002 1642 2049 Ovidius
1676 2001 1832 2064 postea
1861 1999 1916 2045 de
1945 1997 2161 2062 Augusto

45 2064 353 2174 antecegsore,
388 2079 474 2110 ceu
509 2067 597 2127 jam
629 2063 850 2113 defunfflm
885 2066 933 2112 &
957 2065 1256 2128 consecratO,
1290 2069 1530 2132 loquitur,
1562 2081 1677 2115 vers.
1708 2080 1940 2128 105-110.
1966 2063 2015 2110 &
2044 2077 2163 2125 127-

51 2146 65 2177 ¹
110 2146 154 2189 4·
181 2134 196 2190 (
231 2129 248 2185 >
760 2162 763 2172 «

83 2143 242 2241 3Hinc
266 2208 406 2255 porro
430 2203 587 2254 patet,
624 2195 815 2240 Flaccum
837 2193 968 2241 illum
993 2211 1086 2241 non
1108 2196 1195 2243 esse
1218 2199 1470 2245 Norbanum
1495 2196 1583 2244 An.
1605 2195 1745 2243 U.C.
1769 2191 2167 2241 DCCLXVIII.

45 2258 292 2307 Consulem
307 2279 324 2314 3
361 2273 469 2304 cum
495 2257 694 2304 Tacitus
717 2258 912 2305 testetur
934 2261 1013 2321 (e),
1048 2262 1297 2309 Tiberium
1325 2279 1381 2309 eo
1402 2278 1522 2308 anno
1538 2264 1724 2323 primum
1748 2260 1958 2307 Comitia
1982 2257 2165 2305 Consu-

45 2324 153 2371 laria
173 2322 387 2370 habuiss'e.
457 2321 645 2369 Idcirco
670 2322 792 2370 haud
817 2336 923 2370 ante
948 2324 1139 2373 Flaccus
1161 2343 1213 2373 ac
1237 2328 1492 2374 Graecinus
1516 2338 1772 2390 potuerunt
1800 2323 2007 2372 consules
2030 2328 2056 2369 a
2077 2323 2169 2369 Ti-

49 2388 177 2436 berio
214 2387 465 2452 designari:
503 2402 588 2434 nec
621 2389 759 2435 etiam
797 2390 955 2452 potuit
995 2390 1106 2437 baec
1136 2393 1336 2440 Nasonis
1360 2392 1575 2453 Epzstolu,
1608 2408 1745 2454 quam
1777 2389 2028 2448 versamus,
2062 2398 2169 2434 ante

49 2454 205 2502 eadem
233 2452 442 2499 Comitia
462 2452 754 2516 eundemque
774 2470 945 2501 annum
969 2456 1120 2502 scribi.
1190 2457 1332 2505 Unde
1356 2473 1472 2522 quae
1493 2457 1694 2520 superius
1718 2456 1921 2503 diximus
1947 2453 2059 2500 adeo
2090 2468 2170 2500 va-

51 2519 140 2566 lide
178 2517 544 2576 confirmantur,
579 2531 632 2565 ut
665 2519 844 2566 nullum
878 2519 1068 2584 superfit
1105 2520 1328 2583 dubium,
1364 2525 1478 2585 quin
1510 2522 1667 2569 eadem
1701 2522 1886 2583 Epzssolu
1923 2520 2016 2566 hoc
2047 2533 2169 2564 anno

53 2583 389 2632 DCCLXIX.
423 2581 473 2630 &
495 2583 683 2646 quidem
708 2586 846 2649 paulo
871 2598 977 2632 ante
999 2586 1227 2635 Kalendas
1264 2589 1509 2650 MAJAS,
1547 2592 1621 2641 (ex
1641 2587 1821 2651 Lapide
1847 2583 1942 2647 sup.
1967 2602 2011 2646 p.
2039 2597 2169 2645 prae-

53 2649 152 2697 ced.
188 2648 397 2710 prolato)
433 2650 634 2697 Gruecino
668 2655 758 2712 jam
785 2651 978 2698 Consuli
1015 2650 1286 2717 designato,
1321 2654 1370 2702 &2
1406 2670 1519 2701 mox
1541 2653 1872 2718 Magistratum
1908 2651 2081 2697 inituro
2113 2644 2171 2694 ad

55 2715 157 2762 anni
182 2713 329 2782 forsan
350 2713 491 2778 usque
514 2716 721 2776 exitum,
757 2716 884 2765 miffa
909 2716 1064 2765 fuerit.

1331 2784 1368 2830 P
1406 2800 1432 2832 2
1484 2792 1489 2793 ⁷
1946 2780 2039 2827 Ill.
2073 2776 2172 2824 Ad·

116 2871 176 2922 (a)
205 2870 365 2922 Syntag.
386 2871 487 2912 inse.
508 2886 544 2924 p.
568 2884 658 2922 170.

65 2976 71 2979 „
118 2926 179 2976 (b)
206 2924 285 2965 Lib
323 2923 477 2969 LVlll.
497 2938 535 2977 p.
556 2928 646 2979 633.

117 2978 966 3094 gciliiiigciilzplnlibpesXiil1¹.·OI{17li.1iV¹.⁰Ovidius
989 3035 1027 3076 id
1047 3033 1219 3077 Tiberio
1240 3036 1398 3087 tribuit,
1426 3047 1606 3083 vers.25'.
1633 3033 1712 3074 vid.
1734 3034 1818 3087 sup.
1838 3045 1875 3086 p.
1900 3044 1988 3073 112-

122 3085 186 3135 (d)
215 3085 274 3127 Ex
295 3089 438 3137 quibus
460 3085 715 3128 manifestum
748 3087 823 3139 est,
852 3088 1029 3129 Carmen
1059 3090 1185 3143 illud,
1210 3090 1299 3140 jam
1333 3091 1500 3144 Augusto
1527 3090 1610 3129 vita
1638 3087 1805 3138 funem,
1847 3100 1894 3128 ac
1925 3087 2025 3127 inter
2057 3084 2177 3125 sidera

73 3137 228 3190 locato,
250 3150 460 3180 exaratum
491 3139 617 3181 fuisse.
679 3139 747 3181 Ut
769 3142 916 3182 merito
948 3143 1092 3185 exinde
1113 3144 1325 3195 C1.J0an.
1344 3143 1498 3198 Vfigrnoli
1528 3143 1694 3183 miratus
1729 3143 1795 3192 fit,
1825 3142 1912 3181 viro
1943 3138 2173 3180 doffiffimo

78 3188 166 3229 Ger.
186 3193 297 3243 Voffio
328 3195 457 3235 visum
487 3193 586 3242 esse,
619 3194 654 3234 ὅτ
678 3195 843 3245 quidem
872 3208 917 3236 ex
950 3198 1030 3238 hoc
1052 3198 1269 3248 poemate,
1302 3198 1470 3250 Augusti
1492 3196 1770 3250 Apotheolin,
1797 3207 1920 3247 quam
1941 3193 2113 3235 Ovidius
2135 3191 2180 3233 in

75 3239 569 3350 ΕΧᾶἒῐοΑςέἓὲῗίὶίἓῐάῗηὲ
587 3248 760 3346 Pgrlincipi
779 3249 910 3294 adhuc
930 3250 1080 3295 viventi
1098 3252 1290 3307 scriptam
1315 3251 1452 3297 fuisse:
1481 3252 1526 3295 de
1547 3250 1704 3299 Colum.
1729 3250 1873 3304 Auton,
1889 3249 1981 3303 Pii,
2004 3260 2042 3304 Ρ.
2061 3245 2124 3302 85·
