2547 3708
739 91 1482 154 PERINIASSON„
2093 100 2161 165 87

190 192 391 242 Carmina
399 188 618 251 fecerunt,
650 194 699 232 ut
721 200 786 232 me
802 185 1005 248 moresque
1028 199 1210 236 notaret

252 258 358 319 Jant
380 256 540 301 demum
564 249 653 298 visa
675 249 831 313 Caesar
852 253 907 298 ub
929 252 1048 297 Arte
1070 268 1175 298 men,
1372 309 1375 314 Δ

62 327 214 388 Atque
238 321 266 368 εὶ
285 336 398 367 vers.
420 333 502 379 79.
536 314 799 374 cecinisset,
833 316 1035 378 priorem
1063 315 1163 363 suae
1187 317 1328 365 Vitae
1349 332 1524 382 partem
1548 317 1694 382 probe
1727 332 1809 381 per
1832 317 1952 364 varia
1975 332 2161 364 munera

61 386 282 455 peractam
304 382 463 441 fuisse,
497 381 545 428 &
565 378 650 446 ipfi
676 381 888 443 Augusto
912 381 1152 444 probatam
1168 415 1183 440 ,
1219 397 1326 428 cum
1345 386 1571 446 Equitum
1596 396 1765 430 turmas
1792 380 2158 444 recognosceret,

59 451 180 520 quod
206 451 254 497 &
279 448 382 512 post
407 449 497 494 An.
520 445 586 492 U.
609 445 668 491 C.
698 444 957 505 DCCLH.
991 444 1160 493 factum
1176 480 1192 505 ‚
1226 462 1278 493 ac
1303 447 1497 510 proinde
1521 447 1622 510 post
1643 450 1789 506 Juliue
1812 443 2010 509 Augusti
2039 445 2160 491 filiae

49 511 383 580 'relegationem
399 546 414 571 ,
448 512 519 558 uti
542 509 598 556 ad
616 525 723 556 eum
748 525 917 556 annum
939 509 1209 558 docuimus:
1245 511 1372 559 addit
1396 513 1450 560 N
1456 513 1574 560 oster
1598 528 1711 562 vers,
1737 510 1939 574 97-108.

181 579 260 627 Me
281 575 496 641 miserum!
523 578 669 635 potui,
692 577 736 635 st
757 590 834 620 non
869 590 1136 622 EXTREMA
1169 588 1383 637 nocerent,

249 645 416 704 Judicio
438 652 553 687 tutus
571 656 648 686 non
658 639 790 700 semel
806 639 881 698 effi>
904 649 988 684 tuo.

184 708 410 757 UmMA
444 721 506 752 me
518 704 723 765 perdunt:
759 705 916 764 imoque
921 703 1006 765 ssib
1030 721 1199 766 aequore
1223 708 1371 768 mugit

252 774 494 820 Incolumem
515 767 651 815 toties
673 781 757 813 una
771 770 950 826 procella
971 779 1118 814 ruteni.
1356 765 1358 768 ⁴

181 840 283 887 Nec
302 837 405 883 mihi
419 849 521 896 pars
542 833 677 877 nocuit
690 832 751 876 'de
765 833 929 892 gurgite
947 846 1116 892 parva:
1142 834 1222 896 fi’d
1241 850 1374 887 omnes„

255 901 439 961 Preſjerc
459 898 531 943 hoc
540 896 730 954 fluctus,
766 896 1028 962 Oceanusque
1049 909 1185 958 caput.

189 969 278 1014 Cur
296 963 455 1025 aliquid
473 959 599 1006 vidi?
636 963 724 1006 Cur
747 958 885 1006 noxia
913 961 1086 1007 lumina
1097 962 1184 1022 feci
1197 962 1215 1010 ?

250 1032 339 1076 Cur
357 1026 607 1088 imprudenti
627 1027 786 1086 cognita
812 1024 948 1087 culpa
968 1026 1103 1072 mihi?

186 1094 342 1158 Inscius
367 1096 555 1139 Actaeon
574 1090 686 1135 vidit
704 1093 797 1150 fine
818 1090 926 1150 veste
956 1092 1169 1140 Dianam:

254 1159 428 1206 Pruedu
440 1156 535 1218 fuit
555 1154 720 1200 cunibus
743 1171 820 1201 non
843 1157 979 1202 minus
1000 1158 1069 1202 ille
1077 1156 1183 1220 suis.

191 1225 350 1273 Scilicet
371 1225 416 1268 in
439 1219 622 1284 Superis
646 1221 774 1265 etium
795 1219 984 1266 fortuna
1005 1223 1153 1268 luenda
1177 1223 1231 1284 est
1245 1244 1263 1280 3

96 1329 106 1337 .
253 1290 350 1338 Nec
370 1288 538 1333 venium
557 1283 661 1346 lueso
684 1286 872 1331 Numine
899 1284 1023 1331 casus
1045 1287 1194 1333 habet:

58 1355 138 1408 Ex
170 1339 336 1418 quibtss
369 1351 541 1415 pariter
573 1348 689 1395 mihi
713 1348 875 1396 videor
905 1350 1126 1413 colligere
1158 1351 1221 1398 fas
1247 1351 1362 1412 effe,
1404 1368 1443 1399 1.
1479 1353 1609 1400 illum
1633 1370 1866 1414 errorem,
1901 1352 2171 1416 culpamve,

61 1421 192 1483 cujus
224 1415 388 1464 inscius
412 1414 543 1462 Naso
578 1429 680 1460 reus
717 1413 859 1461 factus
886 1414 979 1474 est,
1014 1416 1277 1479 Augustum
1304 1416 1485 1480 speciali
1515 1419 1657 1465 modo
1683 1419 1909 1483 tetigiffe3
1948 1416 2168 1481 siquidem

60 1483 240 1532 Noster
261 1481 389 1529 suum
415 1478 568 1527 casum
595 1477 838 1525 Actaeonis
874 1478 1134 1527 infortunio
1157 1480 1393 1542 affimilat,
1427 1499 1479 1528 ac
1504 1485 1623 1530 clare
1647 1483 1849 1543 indicat,
1883 1484 1963 1530 suo
1987 1495 2174 1546 quoque

62 1564 213 1595 errore
234 1549 408 1596 Numen
443 1544 530 1591 effe
564 1544 759 1603 laesum,
796 1544 889 1590 hoc
919 1546 1011 1603 est,
1045 1546 1190 1608 ipsum
1217 1547 1507 1610 Augustum,
1543 1565 1679 1611 quern
1714 1548 1868 1611 paffim
1891 1561 1944 1596 ut
1968 1545 2174 1611 praesens

65 1614 262 1662 Numen
284 1623 526 1659 veneratur
553 1608 630 1670 (a).
666 1609 778 1654 Hoc
803 1607 950 1672 ipsum
972 1609 1155 1671 insuper
1176 1622 1304 1672 patet
1329 1627 1387 1658 ex
1411 1628 1525 1660 vers.
1549 1627 1782 1675 207-210.

188 1676 460 1725 Perdiderint
481 1691 572 1721 cum
595 1692 658 1723 me
691 1689 797 1720 Duo
832 1675 1005 1720 crimina
1018 1708 1034 1733 ,
1067 1690 1230 1721 carmen
1252 1677 1307 1729 &
1330 1693 1445 1725 error
1457 1699 1473 1734 3

255 1744 447 1790 Alterius
455 1741 574 1802 fatti
597 1739 734 1801 culpa
757 1736 923 1785 filenda
942 1740 1061 1785 mihi.

194 1809 317 1854 Num
342 1823 420 1853 non
429 1806 531 1867 sum
552 1809 665 1852 tanti
673 1838 689 1863 ‚
723 1814 771 1849 ut
791 1819 982 1850 renovem
1003 1818 1081 1851 tua
1106 1804 1291 1852 vulnera
1306 1839 1322 1865 ,
1357 1805 1512 1869 Cucsur
1524 1829 1541 1864 3

258 1874 396 1935 Qun
418 1873 541 1916 nimio
555 1872 652 1930 plus
673 1869 728 1932 est
749 1869 958 1928 indoluisti²
967 1868 1101 1930 semel
1109 1903 1124 1927 ,
1159 1869 1252 1916 &c.

70 1937 207 1994 Quae
228 1934 465 1998 perspicue
485 1934 688 1991 docent,
723 1933 801 1992 id,
832 1933 957 1995 quod
981 1933 1180 1986 Ovidius
1203 1934 1379 1980 viderat
1394 1969 1409 1993 ,
1444 1948 1688 1998 tantopere
1707 1932 1971 1997 Augustum
2001 1929 2169 1994 speeta-

67 2001 203 2058 visse,
233 2013 292 2046 ,ut
321 1999 455 2045 hicce
477 1998 697 2061 Princeps
733 1997 838 2043 inde
872 1999 1048 2044 vulnera
1082 1999 1338 2060 acceperit,
1376 1999 1540 2060 quibus
1570 2000 1866 2045 vehementer
1901 1995 2173 2042 indoluerat.

68 2064 248 2111 Clarius
270 2064 420 2110 adhuc
445 2078 539 2109 rem
564 2062 759 2125 exponit
782 2075 894 2108 vers.
924 2074 1026 2121 134.
1061 2077 1168 2108 cum
1191 2063 1281 2121 ait,
1317 2062 1578 2125 Augustum
1607 2078 1755 2126 poena
1784 2063 1834 2108 in
1854 2060 2081 2108 Ovidium
2113 2060 2174 2105 ir-

54 2141 224 2193 rogata
245 2129 448 2190 proprias
471 2126 660 2173 offensas
681 2126 811 2174 fuisse
833 2125 984 2171 ultum
1000 2143 1021 2172 ε.

184 2189 324 2240 ,Ultus
347 2207 384 2238 es
406 2189 623 2248 offensas,
656 2202 704 2237 ut
727 2192 862 2245 decet,
895 2189 975 2250 ipſs
1003 2201 1116 2235 tuas.
1140 2192 1170 2221 ἐξ

37 2295 41 2299 .
68 2257 178 2317 QJa
200 2257 294 2304 fere
317 2271 434 2302 voce
458 2255 655 2301 Tacitus
679 2252 767 2316 (b)
791 2268 978 2316 quoque
1011 2254 1110 2298 usus
1144 2252 1236 2312 est,
1269 2270 1406 2317 agens
1433 2253 1492 2300 de
1517 2255 1579 2301 D.
1603 2253 1759 2301 Silano
1794 2256 1836 2299 in
1868 2256 1978 2313 nepti
1999 2253 2175 2314 Augusti

68 2325 280 2380 adultero,
313 2336 448 2384 quem
473 2333 580 2366 cum
603 2318 823 2366 Tiberius
836 2317 901 2363 *ab
929 2316 1089 2364 exsilio
1112 2319 1362 2365 revocasset
1377 2352 1393 2377 ,
1429 2320 1463 2366 is
1486 2320 1532 2365 in
1555 2321 1725 2366 Senatu
1756 2317 1905 2377 dixit,
1928 2319 2014 2379 fibi
2034 2328 2171 2363 tumen

67 2386 265 2448 adversus
289 2402 379 2432 eum
414 2384 659 2448 (Silanum)
693 2387 873 2445 integrus
885 2385 1076 2442 parentis
1088 2382 1162 2444 sui
1193 2383 1431 2447 (Augusti)
1466 2382 1710 2445 offenstones.

136 2452 248 2497 Hoc
277 2467 446 2513 porro,
480 2448 605 2513 quod
631 2448 811 2496 Ovidio
835 2444 1013 2506 visum,
1047 2459 1101 2493 ut
1132 2445 1332 2495 secundo
1358 2464 1416 2495 ex
1449 2464 1505 2494 eo
1543 2448 1834 2511 colligimus,
1868 2448 2048 2493 criminis
2077 2445 2173 2508 spe-

73 2518 192 2563 ciem
216 2515 410 2571 habuit,
446 2530 552 2561 cum
576 2512 672 2560 solo
703 2513 843 2574 ipfius
860 2510 1057 2574 >aspectu
1090 2509 1164 2558 sua
1189 2512 1367 2561 Noster
1392 2516 1549 2560 luminu
1577 2512 1743 2564 fecerit
1762 2515 1911 2570 noxia,
1944 2525 2082 2571 atque
2107 2510 2173 2555 id—

39 2580 216 2644 -ipsum
239 2580 280 2625 ei
303 2583 419 2640 culpa
442 2591 668 2638 vocetur,
702 2591 815 2641 quae
837 2576 1119 2640 imprudenti
1143 2579 1348 2642 cognita.
1415 2577 1548 2636 Quin
1569 2577 1616 2624 δί
1640 2576 1760 2624 idem
1786 2575 1949 2623 diserte
1978 2573 2174 2639 appellat

65 2649 249 2704 crimen,
283 2643 424 2691 Trist.
452 2643 559 2690 Lib.
581 2644 672 2690 111.
696 2642 771 2690 El.
795 2642 858 2689 V.
886 2656 1001 2688 vers.
1023 2656 1191 2703 49-52.

202 2708 334 2770 Insciu
357 2711 462 2770 quod
484 2709 660 2756 crimen
686 2709 884 2755 viderunt
905 2707 1091 2766 luminu,
1118 2710 1296 2767 pletior:

267 2773 565 2836 Peccatumque
586 2775 713 2821 oculos
733 2773 786 2835 est
811 2772 994 2833 hubutffie
1012 2788 1161 2819 meum.
2068 2833 2126 2878 N

2122 2847 2173 2876 on

7 2910 55 2949 ,⁸
134 2901 195 2953 (a)
221 2898 335 2956 Lege
353 2900 417 2939 vel
437 2899 562 2952 ejusd.
583 2899 672 2941 Lib.
695 2912 799 2940 vers.
822 2912 883 2955 39.
904 2912 968 2953 40.
989 2899 1027 2941 δί
1051 2913 1114 2952 54.
1143 2900 1212 2940 ubi
1231 2900 1280 2941 ad
1303 2899 1534 2954 Augustum
1552 2899 1604 2940 ait
1624 2898 1838 2951 sejurare:

253 2954 336 2992 Per
357 2964 393 2992 te
408 2954 638 3006 praesentem
659 2955 962 3007 conspicuumque
987 2951 1144 2993 Deum:

81 3009 213 3060 Atque
231 3019 330 3047 vers.
358 3004 544 3058 213-218.
575 3006 628 3046 fic
660 3006 696 3046 ὅ(
720 3006 806 3046 Lib.
827 3007 900 3050 ΙΙΙ.
923 3006 988 3046 El.
1015 3005 1045 3046 I.
1065 3019 1168 3047 vers.
1192 3018 1327 3058 35·40.
1348 3005 1412 3056 78.
1438 3004 1551 3058 Eleg.
1572 3005 1623 3046 11.
1644 3018 1746 3047 vers.
1768 3003 1830 3046 28.
1853 3002 1970 3057 Eleg.
1988 2999 2040 3045 V.
2068 3013 2167 3042 verst

33 3063 40 3072 ‘
83 3073 105 3112 7
126 3063 186 3102 26.
208 3060 299 3101 Lib.
322 3059 394 3100 IV.
418 3058 483 3101 El.
506 3058 583 3098 IV.
606 3070 709 3097 vers.
733 3069 785 3110 ¹9
817 3071 880 3100 20.
903 3058 999 3100 Lib.
1020 3057 1073 3099 V.
1096 3059 1162 3101 El.
1182 3059 1235 3100 Π.
1255 3072 1358 3100 vers.
1385 3071 1447 3112 35.
1474 3059 1550 3098 ἃς.
1953 3057 1997 3103 Q

134 3115 155 3138 *
179 3113 246 3156 Sic
268 3113 304 3153 ὅτ
325 3112 448 3154 Trist.
472 3110 564 3152 Lib.
587 3110 658 3151 111.
680 3109 744 3151 El.
770 3111 885 3154 V111.
905 3125 1007 3153 vers.
1026 3125 1093 3166 40.
1123 3113 1300 3167 queritur
1320 3113 1369 3155 de
1389 3111 1566 3154 Caesaris
1591 3109 1672 3163 ira,
1942 3147 1944 3149 .

259 3165 370 3221 Quod
385 3181 456 3205 non
475 3164 649 3206 offensas
670 3164 837 3205 vindicet
852 3165 933 3218 ense
950 3165 1053 3208 suas,

141 3217 201 3270 (b)
229 3219 381 3265 Annal.
403 3219 496 3265 Lib.
516 3218 589 3260 ΙΙΙ.
613 3231 649 3260 c.
671 3230 736 3272 24.
