2547 3708
416 160 546 212 DE
609 159 663 207 P.
733 158 1158 212 OVIDIO
1228 154 1701 216 N'ASONE„

123 260 214 311 Nil
231 267 369 305 tamen
393 255 577 312 obtinui,
611 254 767 314 vixque
790 251 923 314 oscula
935 251 1102 315 frigida
1122 257 1267 315 carpst.

187 325 307 370 Haec
327 335 478 383 quoque
503 318 725 376 luctandO,
760 333 858 376 nec,
893 319 969 379 nisi
988 321 1137 377 victa„
1172 320 1298 366 dedit.

121 392 263 449 Atque
283 386 446 447 aliquid
462 385 593 430 volui.
616 381 698 445 fid
717 386 852 442 enim,
871 384 1137 445 probitasque
1153 386 1365 448 pudorque

185 454 387 527 Ingenuus
411 451 544 496 tenuit
559 482 574 508 ,
597 450 924 510 stmplicitasque
950 448 1088 495 Deae.

123 517 348 580 Festa'dies
367 516 516 562 aderat
529 548 545 573 ‚
579 514 778 576 Phrygiis
795 531 877 576 qua
898 519 1040 560 vectus
1061 515 1115 560 ab
1139 518 1221 561 oris

188 582 407 641 Constituit
429 581 614 639 Solymus
636 582 794 625 moenia
817 581 956 639 prima
965 579 1074 639 ficis.

124 648 386 696 Conveniunt
407 655 566 693 matres
584 662 635 691 ex
655 646 792 691 ordine
812 647 961 706 virque
975 654 1175 707 paterque

188 715 410 779 Quilibet,
446 711 500 763 ὃ
527 713 699 772 quaevis
712 708 825 770 festa
847 712 1023 756 celebrat
1043 726 1163 757 anus.

123 778 219 827 Nec
235 781 369 839 pudor
388 778 454 823 hic
466 778 607 836 pofitis
627 777 672 820 in
694 778 792 821 vino
816 775 953 821 ludere
971 779 1140 836 mensts,

187 846 284 891 Nec
301 843 434 904 pudor
459 840 666 901 instabiles
681 845 793 886 nocte
815 839 969 901 referre
982 841 1118 900 pedes.

122 909 325 970 Nympha
339 909 446 969 petit
466 906 673 963 latebras,
703 915 998 967 praetentaque
1008 904 1199 966 fontibus
1220 914 1363 952 antra⁰

188 975 312 1021 Forte
334 974 396 1019 illi
414 974 458 1018 in
480 971 669 1017 manibus
691 970 810 1016 docta
833 973 1016 1016 Corinna
1027 969 1121 1031 fuit
1139 988 1149 1017 :

123 1041 220 1087 Aut
242 1038 405 1099 aliquid
425 1035 628 1096 Sapphus.
664 1051 732 1081 nec
754 1040 859 1082 enim
868 1034 974 1097 suus
1000 1036 1126 1082 ardor
1144 1037 1309 1082 amanti

187 1105 358 1166 Singula
383 1100 564 1164 noscendi
585 1110 769 1161 tempora
791 1104 908 1163 longa
927 1102 1072 1147 dabat.

121 1170 248 1216 Collis
268 1169 392 1214 humo
401 1166 568 1230 fingit,
601 1181 718 1227 quem
741 1168 905 1228 cingunt
927 1167 1104 1228 undique
1124 1168 1239 1213 rivi:

193 1234 325 1293 Sylva
350 1235 449 1294 tegit
473 1235 636 1288 collem,
661 1229 823 1293 frigore
840 1242 968 1294 grata
984 1232 1072 1291 suo.

40 1350 45 1359 s
121 1298 287 1346 Hortus
306 1298 402 1358 inest
412 1295 565 1358 sylvae
586 1296 816 1355 latiffimus.
850 1302 984 1343 altera
996 1298 1175 1357 pendet,

189 1365 346 1410 Altera
358 1375 463 1422 pars
477 1363 610 1422 plana
627 1362 710 1422 est,
744 1362 1082 1424 utraquejuncta
1094 1363 1197 1424 fibi.

122 1428 272 1475 Omnis
294 1429 348 1473 ab
369 1428 547 1473 arbitrio
568 1429 673 1472 locus
693 1426 747 1487 est
757 1426 960 1490 seclusus:
994 1429 1049 1474 ab
1069 1429 1180 1474 omni

189 1495 420 1555 (Halantes
443 1492 654 1552 Zephyros
674 1493 826 1552 excipe)
859 1504 1007 1539 ventus
1031 1492 1154 1554 abest.

123 1558 200 1608 Sol
219 1574 370 1620 quoque
393 1557 502 1619 abest
524 1560 676 1603 omnis:
703 1561 780 1618 nist
802 1574 890 1605 cum
900 1559 1000 1620 jam
1023 1558 1158 1618 cedit,
1184 1557 1239 1611 ἐξ
1262 1572 1363 1606 auro

189 1625 337 1670 Jlludit
352 1622 474 1685 foliis
493 1624 785 1684 arboribusque
796 1623 891 1686 suo.

122 1689 232 1736 Fons
245 1689 392 1749 strepit
411 1691 456 1734 in
477 1689 605 1733 medio
619 1722 634 1745 ,
669 1688 881 1750 lapsusque
902 1690 923 1735 ὲ
945 1692 1117 1736 culmine
1129 1688 1294 1752 summo
1308 1721 1325 1748 ,

190 1754 280 1800 Per
290 1754 425 1814 flores
445 1753 654 1813 trepidat,
688 1769 783 1813 quos
793 1753 900 1816 suus
921 1755 1069 1802 humor
1090 1757 1186 1814 alit.

121 1817 271 1874 Densa
281 1818 400 1881 salix
412 1817 576 1879 fontem
590 1851 606 1876 ‚
629 1816 792 1879 fontem
813 1821 1062 1879 viridiſjima
1085 1830 1269 1879 myrtus,

189 1886 355 1946 Rosque
375 1886 506 1930 maris
529 1885 678 1945 cingit:
714 1900 784 1930 nec
805 1901 896 1931 mea
919 1888 1063 1932 laurus
1087 1885 1210 1946 abest.

121 1949 327 2007 Nympba
341 1952 448 2008 petit
459 1948 644 2009 fontem:
669 1952 860 2010 stccaque
881 1954 925 1996 in
947 1952 1131 2013 margine
1150 1948 1302 2009 vestem

53 2016 57 2027 ²
187 2014 336 2059 Ponit.
368 2014 485 2058 humi
505 2012 681 2072 vestem:
717 2025 878 2060 caetera
897 2017 1022 2076 tingit
1040 2010 1174 2075 aqm.

123 2076 326 2127 Membra
345 2080 483 2123 nivem
506 2080 679 2123 vincunt
693 2110 709 2136 ,
742 2094 846 2138 quae
867 2080 1046 2125 nondum
1069 2080 1159 2126 Sole
1176 2076 1368 2139 tepescit,

187 2144 355 2202 Impuri
375 2143 551 2188 nondum
570 2157 695 2202 quam
720 2145 886 2204 tetigere
899 2144 1033 2203 pedes.

121 2207 326 2273 ,Quaeque
336 2205 552 2268 superfuso
576 2208 859 2253 commendant
879 2211 1016 2255 omnia
1041 2225 1159 2268 rore,

189 2273 487 2320 Commendant
498 2272 674 2333 speciem
685 2272 830 2334 sponte
852 2276 1047 2331 nitentis,
1081 2288 1230 2335 aquae.

124 2337 353 2400 Subsequor
370 2340 589 2400 ignaram:
624 2339 823 2400 vulgoque
845 2349 1023 2385 remotus
1044 2339 1098 2384 ab
1117 2339 1253 2396 omni,

190 2404 340 2451 Solvor
358 2405 402 2450 in
423 2406 661 2463 amplexus,
700 2404 901 2464 Nympha
921 2406 1113 2463 Latina,
1146 2414 1250 2448 tuos.

121 2468 304 2531 Sumque
327 2470 468 2515 Deum
481 2467 636 2530 fastus.
658 2467 773 2531 falfi)
793 2481 928 2532 negat.
962 2471 1115 2517 ultima
1139 2467 1316 2529 restant:

192 2536 284 2581 Nec
305 2536 381 2595 nist
404 2535 565 2594 ceffiſjet
583 2535 748 2580 viribus
772 2536 848 2580 illa
869 2537 980 2581 meis.
1047 2540 1049 2543 ’

123 2599 255 2648 Victa
271 2600 426 2660 pudore
443 2602 601 2661 gemit,
626 2601 895 2662 patriamque
919 2601 1115 2662 relinquit
1139 2598 1193 2652 &²
1216 2598 1372 2656 urbes,

188 2665 328 2710 Errat
354 2664 409 2717 &⁹
435 2667 479 2711 in
488 2663 591 2727 solis
611 2666 851 2711 incomitata
874 2668 982 2712 locis.

127 2728 254 2776 Luna
273 2731 376 2775 latet
399 2732 538 2776 novies
552 2763 567 2787 ,
601 2730 791 2792 totiesque
813 2732 1006 2792 recolligit
1023 2732 1179 2793 ignem:

191 2793 255 2839 Et
276 2794 431 2852 Solyme
443 2797 626 2855 pretium
651 2798 911 2857 virginitatis
931 2796 1070 2842 habet.

125 2856 257 2906 Mota
277 2861 374 2903 meis
390 2859 516 2919 favit
532 2862 718 2919 precibus
740 2862 903 2908 Lucina
918 2862 1097 2921 puellae.

191 2924 364 2982 Sponte,
387 2922 466 2984 fito
486 2926 681 2971 blandum
703 2937 879 2987 tempore
892 2926 1028 2988 fhlvit
1047 2940 1158 2972 onus.

122 2987 316 3051 Negligit
340 2987 570 3049 infantem,
598 2992 814 3052 gelidaque
824 2990 907 3052 sub
928 2993 1073 3038 arbore
1090 2991 1237 3051 ponit:

192 3054 256 3098 Et
266 3055 407 3118 potuit
427 3055 613 3116 quemvis
632 3056 699 3100 ille
720 3072 882 3101 movere
908 3057 1067 3103 Deum.

126 3117 257 3167 Venit
282 3121 399 3179 ovis,
420 3118 613 3181 juffuque
636 3135 720 3165 meo
744 3122 809 3166 lac
820 3123 1017 3180 praebuit
1039 3122 1128 3168 illi:

192 3182 419 3248 Multaque
442 3187 523 3235 mel
527 3185 656 3246 flenti
671 3185 962 3249 fhppeditavit
982 3188 1092 3249 apis.

1199 3299 1298 3366 Gg
1331 3314 1363 3368 ς,
