<?xml version="1.0" encoding="UTF-8"?>
<!DOCTYPE html PUBLIC "-//W3C//DTD XHTML 1.0 Transitional//EN"
    "http://www.w3.org/TR/xhtml1/DTD/xhtml1-transitional.dtd">
<html xmlns="http://www.w3.org/1999/xhtml" xml:lang="en" lang="en">
 <head>
  <title>
</title>
<meta http-equiv="Content-Type" content="text/html;charset=utf-8" />
  <meta name='ocr-system' content='tesseract 3.04.00' />
  <meta name='ocr-capabilities' content='ocr_page ocr_carea ocr_par ocr_line ocrx_word'/>
</head>
<body>
  <div class='ocr_page' id='page_1' title='image "./publiiovidiinaso04ovid_0067.png"; bbox 0 0 2547 3708; ppageno 0'>
   <div class='ocr_carea' id='block_1_1' title="bbox 896 109 1112 170">
    <p class='ocr_par' dir='ltr' id='par_1_1' title="bbox 896 109 1112 170">
     <span class='ocr_line' id='line_1_1' title="bbox 896 109 1112 170; baseline -0.005 0"><span class='ocrx_word' id='word_1_1' title='bbox 896 109 923 170; x_wconf 80' lang='grc' dir='ltr'>Ι</span> <span class='ocrx_word' id='word_1_2' title='bbox 1064 110 1112 169; x_wconf 89' lang='grc' dir='ltr'>Β</span> 
     </span>
    </p>
   </div>
   <div class='ocr_carea' id='block_1_2' title="bbox 1256 112 2217 196">
    <p class='ocr_par' dir='ltr' id='par_1_2' title="bbox 1256 112 2217 196">
     <span class='ocr_line' id='line_1_2' title="bbox 1256 112 2217 196; baseline -0.004 -27"><span class='ocrx_word' id='word_1_3' title='bbox 1256 112 1281 169; x_wconf 89' lang='lat'>1</span> <span class='ocrx_word' id='word_1_4' title='bbox 1421 113 1474 170; x_wconf 82' lang='lat' dir='ltr'>s.</span> <span class='ocrx_word' id='word_1_5' title='bbox 2154 144 2217 196; x_wconf 72' lang='lat'>59</span> 
     </span>
    </p>
   </div>
   <div class='ocr_carea' id='block_1_3' title="bbox 229 212 1771 507">
    <p class='ocr_par' dir='ltr' id='par_1_3' title="bbox 229 212 1771 507">
     <span class='ocr_line' id='line_1_3' title="bbox 379 212 1771 294; baseline -0.004 -19"><span class='ocrx_word' id='word_1_6' title='bbox 379 218 496 275; x_wconf 88' lang='lat' dir='ltr'>Nec</span> <span class='ocrx_word' id='word_1_7' title='bbox 522 216 636 290; x_wconf 87' lang='lat' dir='ltr'>plus</span> <span class='ocrx_word' id='word_1_8' title='bbox 661 213 940 286; x_wconf 81' lang='lat' dir='ltr'>adspicias,</span> <span class='ocrx_word' id='word_1_9' title='bbox 974 229 1135 294; x_wconf 79' lang='lat' dir='ltr'>quam</span> <span class='ocrx_word' id='word_1_10' title='bbox 1160 228 1323 285; x_wconf 88' lang='lat' dir='ltr'>quem</span> <span class='ocrx_word' id='word_1_11' title='bbox 1349 213 1438 268; x_wconf 88' lang='lat' dir='ltr'>sua</span> <span class='ocrx_word' id='word_1_12' title='bbox 1472 212 1575 268; x_wconf 88' lang='lat' dir='ltr'>filia</span> <span class='ocrx_word' id='word_1_13' title='bbox 1603 215 1771 284; x_wconf 86' lang='lat' dir='ltr'>rexit,</span> 
     </span>
     <span class='ocr_line' id='line_1_4' title="bbox 444 286 1658 368; baseline -0.005 -22"><span class='ocrx_word' id='word_1_14' title='bbox 444 290 712 361; x_wconf 82' lang='lat' dir='ltr'>Expertus</span> <span class='ocrx_word' id='word_1_15' title='bbox 736 287 902 361; x_wconf 83' lang='lat' dir='ltr'>scelus</span> <span class='ocrx_word' id='word_1_16' title='bbox 927 286 1000 340; x_wconf 86' lang='lat' dir='ltr'>est</span> <span class='ocrx_word' id='word_1_17' title='bbox 1025 303 1173 365; x_wconf 76' lang='lat' dir='ltr'>cujus</span> <span class='ocrx_word' id='word_1_18' title='bbox 1199 300 1428 358; x_wconf 89' lang='lat' dir='ltr'>uterque</span> <span class='ocrx_word' id='word_1_19' title='bbox 1454 303 1658 368; x_wconf 79' lang='lat' dir='ltr'>parens,</span> 
     </span>
     <span class='ocr_line' id='line_1_5' title="bbox 229 357 1736 507; baseline -0.006 -14"><span class='ocrx_word' id='word_1_20' title='bbox 229 371 333 437; x_wconf 67' lang='lat'>²⁶5</span> <span class='ocrx_word' id='word_1_21' title='bbox 374 364 727 507; x_wconf 58' lang='grc' dir='ltr'>Ωέἳὶῖἓξῖἒξζ</span> <span class='ocrx_word' id='word_1_22' title='bbox 762 357 1736 503; x_wconf 41' lang='lat' dir='ltr'>tillir&amp;{11212335522h55nss330s2</span> 
     </span>
    </p>
   </div>
   <div class='ocr_carea' id='block_1_4' title="bbox 74 639 1120 1106">
    <p class='ocr_par' dir='ltr' id='par_1_4' title="bbox 74 639 1120 1106">
     <span class='ocr_line' id='line_1_6' title="bbox 74 639 1114 702; baseline -0.016 -8"><span class='ocrx_word' id='word_1_23' title='bbox 74 640 227 694; x_wconf 62' lang='lat' dir='ltr'>inermis</span> <span class='ocrx_word' id='word_1_24' title='bbox 254 659 357 702; x_wconf 81' lang='lat' dir='ltr'>opem.</span> <span class='ocrx_word' id='word_1_25' title='bbox 408 648 519 687; x_wconf 88' lang='lat' dir='ltr'>Hanc</span> <span class='ocrx_word' id='word_1_26' title='bbox 556 643 664 694; x_wconf 82' lang='lat' dir='ltr'>igitur</span> <span class='ocrx_word' id='word_1_27' title='bbox 684 639 959 688; x_wconf 63' lang='lat' dir='ltr'>correctionem</span> <span class='ocrx_word' id='word_1_28' title='bbox 980 640 1019 679; x_wconf 92' lang='lat'>&amp;</span> <span class='ocrx_word' id='word_1_29' title='bbox 1040 640 1114 690; x_wconf 86' lang='lat' dir='ltr'>ipse</span> 
     </span>
     <span class='ocr_line' id='line_1_7' title="bbox 87 691 1117 752; baseline -0.017 -8"><span class='ocrx_word' id='word_1_30' title='bbox 87 703 226 744; x_wconf 89' lang='lat' dir='ltr'>secutus</span> <span class='ocrx_word' id='word_1_31' title='bbox 239 732 250 749; x_wconf 90' lang='lat'>,</span> <span class='ocrx_word' id='word_1_32' title='bbox 276 708 466 752; x_wconf 84' lang='lat' dir='ltr'>propterea</span> <span class='ocrx_word' id='word_1_33' title='bbox 478 695 580 747; x_wconf 88' lang='lat' dir='ltr'>quod</span> <span class='ocrx_word' id='word_1_34' title='bbox 598 695 658 732; x_wconf 92' lang='lat' dir='ltr'>hic</span> <span class='ocrx_word' id='word_1_35' title='bbox 679 691 799 731; x_wconf 85' lang='lat' dir='ltr'>versus</span> <span class='ocrx_word' id='word_1_36' title='bbox 815 691 1024 729; x_wconf 89' lang='lat' dir='ltr'>Ovidianae</span> <span class='ocrx_word' id='word_1_37' title='bbox 1042 693 1117 729; x_wconf 85' lang='lat' dir='ltr'>ele-</span> 
     </span>
     <span class='ocr_line' id='line_1_8' title="bbox 85 742 1115 806; baseline -0.015 -11"><span class='ocrx_word' id='word_1_38' title='bbox 85 759 230 806; x_wconf 79' lang='lat' dir='ltr'>gantiae</span> <span class='ocrx_word' id='word_1_39' title='bbox 250 755 363 802; x_wconf 86' lang='lat' dir='ltr'>magis</span> <span class='ocrx_word' id='word_1_40' title='bbox 381 747 593 798; x_wconf 84' lang='lat' dir='ltr'><strong>respondet,</strong></span> <span class='ocrx_word' id='word_1_41' title='bbox 619 742 1115 800; x_wconf 34' lang='lat' dir='ltr'>sensumque-expeditiorem</span> 
     </span>
     <span class='ocr_line' id='line_1_9' title="bbox 87 795 1120 855; baseline -0.015 -9"><span class='ocrx_word' id='word_1_42' title='bbox 87 818 129 845; x_wconf 86' lang='lat' dir='ltr'>ac</span> <span class='ocrx_word' id='word_1_43' title='bbox 148 806 349 855; x_wconf 83' lang='lat' dir='ltr'>planiorem</span> <span class='ocrx_word' id='word_1_44' title='bbox 364 801 496 843; x_wconf 89' lang='lat' dir='ltr'>efficit,</span> <span class='ocrx_word' id='word_1_45' title='bbox 523 796 644 846; x_wconf 84' lang='lat' dir='ltr'>paucis</span> <span class='ocrx_word' id='word_1_46' title='bbox 659 796 864 833; x_wconf 83' lang='lat' dir='ltr'>immutatis</span> <span class='ocrx_word' id='word_1_47' title='bbox 877 822 887 839; x_wconf 94' lang='lat'>,</span> <span class='ocrx_word' id='word_1_48' title='bbox 915 795 999 843; x_wconf 88' lang='lat' dir='ltr'>lego</span> <span class='ocrx_word' id='word_1_49' title='bbox 1014 822 1024 838; x_wconf 96' lang='lat'>,</span> <span class='ocrx_word' id='word_1_50' title='bbox 1046 799 1120 831; x_wconf 82' lang='lat' dir='ltr'>Ar-</span> 
     </span>
     <span class='ocr_line' id='line_1_10' title="bbox 89 844 1116 907; baseline -0.014 -11"><span class='ocrx_word' id='word_1_51' title='bbox 89 859 247 907; x_wconf 66' lang='lat' dir='ltr'>marique</span> <span class='ocrx_word' id='word_1_52' title='bbox 273 854 357 892; x_wconf 82' lang='lat' dir='ltr'>tulit</span> <span class='ocrx_word' id='word_1_53' title='bbox 381 851 532 891; x_wconf 65' lang='lat' dir='ltr'>vulnus,</span> <span class='ocrx_word' id='word_1_54' title='bbox 559 847 701 885; x_wconf 85' lang='lat' dir='ltr'>inermis</span> <span class='ocrx_word' id='word_1_55' title='bbox 719 855 821 892; x_wconf 76' lang='lat' dir='ltr'>opem.</span> <span class='ocrx_word' id='word_1_56' title='bbox 859 853 899 883; x_wconf 89' lang='lat' dir='ltr'>ut</span> <span class='ocrx_word' id='word_1_57' title='bbox 919 844 960 883; x_wconf 75' lang='lat' dir='ltr'>sit</span> <span class='ocrx_word' id='word_1_58' title='bbox 980 844 1116 883; x_wconf 88' lang='lat' dir='ltr'>sensus:</span> 
     </span>
     <span class='ocr_line' id='line_1_11' title="bbox 90 894 1116 957; baseline -0.014 -11"><span class='ocrx_word' id='word_1_59' title='bbox 90 908 168 957; x_wconf 92' lang='lat' dir='ltr'>Qui</span> <span class='ocrx_word' id='word_1_60' title='bbox 179 906 306 944; x_wconf 88' lang='lat' dir='ltr'>vulnus</span> <span class='ocrx_word' id='word_1_61' title='bbox 316 903 358 940; x_wconf 89' lang='lat' dir='ltr'>ab</span> <span class='ocrx_word' id='word_1_62' title='bbox 369 909 509 940; x_wconf 86' lang='lat' dir='ltr'>armato</span> <span class='ocrx_word' id='word_1_63' title='bbox 520 928 529 944; x_wconf 96' lang='lat'><strong>‚</strong></span> <span class='ocrx_word' id='word_1_64' title='bbox 556 899 592 936; x_wconf 90' lang='lat' dir='ltr'>id</span> <span class='ocrx_word' id='word_1_65' title='bbox 604 897 651 935; x_wconf 89' lang='lat' dir='ltr'>est</span> <span class='ocrx_word' id='word_1_66' title='bbox 661 897 764 935; x_wconf 83' lang='lat' dir='ltr'>hoste</span> <span class='ocrx_word' id='word_1_67' title='bbox 781 894 939 941; x_wconf 85' lang='lat' dir='ltr'>Achille,</span> <span class='ocrx_word' id='word_1_68' title='bbox 953 896 1094 944; x_wconf 86' lang='lat' dir='ltr'>accepit</span> <span class='ocrx_word' id='word_1_69' title='bbox 1106 924 1116 940; x_wconf 93' lang='lat'>,</span> 
     </span>
     <span class='ocr_line' id='line_1_12' title="bbox 83 946 1117 1009; baseline -0.014 -13"><span class='ocrx_word' id='word_1_70' title='bbox 83 957 190 1009; x_wconf 89' lang='lat' dir='ltr'>-quod</span> <span class='ocrx_word' id='word_1_71' title='bbox 213 955 330 1004; x_wconf 88' lang='lat' dir='ltr'>postea</span> <span class='ocrx_word' id='word_1_72' title='bbox 356 952 516 1002; x_wconf 80' lang='lat' dir='ltr'>ejusdem</span> <span class='ocrx_word' id='word_1_73' title='bbox 548 949 641 988; x_wconf 87' lang='lat' dir='ltr'>illius</span> <span class='ocrx_word' id='word_1_74' title='bbox 673 947 898 986; x_wconf 87' lang='lat' dir='ltr'>reconciliati</span> <span class='ocrx_word' id='word_1_75' title='bbox 919 946 1057 984; x_wconf 85' lang='lat' dir='ltr'>auxilio</span> <span class='ocrx_word' id='word_1_76' title='bbox 1077 947 1117 984; x_wconf 72' lang='grc' dir='ltr'>δε</span> 
     </span>
     <span class='ocr_line' id='line_1_13' title="bbox 88 997 1119 1058; baseline -0.015 -10"><span class='ocrx_word' id='word_1_77' title='bbox 88 1020 160 1058; x_wconf 90' lang='lat' dir='ltr'>ope</span> <span class='ocrx_word' id='word_1_78' title='bbox 173 1015 341 1045; x_wconf 66' lang='lat' dir='ltr'>‚curatum</span> <span class='ocrx_word' id='word_1_79' title='bbox 363 1004 443 1042; x_wconf 87' lang='lat' dir='ltr'>suit.</span> <span class='ocrx_word' id='word_1_80' title='bbox 471 1002 648 1039; x_wconf 75' lang='lat' dir='ltr'>chru..</span> <span class='ocrx_word' id='word_1_81' title='bbox 675 999 802 1046; x_wconf 74' lang='lat' dir='ltr'>Vulgus</span> <span class='ocrx_word' id='word_1_82' title='bbox 820 997 1001 1035; x_wconf 86' lang='lat' dir='ltr'>nonnulli.</span> <span class='ocrx_word' id='word_1_83' title='bbox 1022 997 1119 1034; x_wconf 76' lang='lat' dir='ltr'>Ver-</span> 
     </span>
     <span class='ocr_line' id='line_1_14' title="bbox 90 1047 1116 1106; baseline -0.013 -8"><span class='ocrx_word' id='word_1_84' title='bbox 90 1059 144 1098; x_wconf 88' lang='lat' dir='ltr'>sus</span> <span class='ocrx_word' id='word_1_85' title='bbox 167 1055 372 1096; x_wconf 88' lang='lat' dir='ltr'>mendosus.</span> <span class='ocrx_word' id='word_1_86' title='bbox 408 1054 446 1091; x_wconf 79' lang='lat' dir='ltr'>in</span> <span class='ocrx_word' id='word_1_87' title='bbox 465 1064 569 1091; x_wconf 83' lang='lat' dir='ltr'>arma</span> <span class='ocrx_word' id='word_1_88' title='bbox 593 1061 710 1106; x_wconf 55' lang='lat' dir='ltr'>potem</span> <span class='ocrx_word' id='word_1_89' title='bbox 737 1049 985 1088; x_wconf 78' lang='lat' dir='ltr'>Constantius.</span> <span class='ocrx_word' id='word_1_90' title='bbox 1022 1047 1116 1086; x_wconf 85' lang='lat' dir='ltr'>Scri-</span> 
     </span>
    </p>
   </div>
   <div class='ocr_carea' id='block_1_5' title="bbox 88 1110 941 1207">
    <p class='ocr_par' dir='ltr' id='par_1_5' title="bbox 88 1110 941 1207">
     <span class='ocr_line' id='line_1_15' title="bbox 88 1110 941 1207; baseline -0.012 -8"><span class='ocrx_word' id='word_1_91' title='bbox 88 1110 376 1207; x_wconf 44' lang='lat' dir='ltr'>bekrmatusque</span> <span class='ocrx_word' id='word_1_92' title='bbox 394 1153 478 1193; x_wconf 80' lang='lat' dir='ltr'>tulit</span> <span class='ocrx_word' id='word_1_93' title='bbox 492 1152 624 1191; x_wconf 81' lang='lat' dir='ltr'>vulnus</span> <span class='ocrx_word' id='word_1_94' title='bbox 637 1181 649 1199; x_wconf 90' lang='lat'>,</span> <span class='ocrx_word' id='word_1_95' title='bbox 674 1151 816 1191; x_wconf 75' lang='lat' dir='ltr'>inermix</span> <span class='ocrx_word' id='word_1_96' title='bbox 837 1158 941 1200; x_wconf 80' lang='lat' dir='ltr'>opem.</span> 
     </span>
    </p>
   </div>
   <div class='ocr_carea' id='block_1_6' title="bbox 76 1219 1116 1682">
    <p class='ocr_par' dir='ltr' id='par_1_6' title="bbox 85 1219 1114 1275">
     <span class='ocr_line' id='line_1_16' title="bbox 85 1219 1114 1275; baseline -0.007 -8"><span class='ocrx_word' id='word_1_97' title='bbox 85 1228 164 1274; x_wconf 90' lang='lat' dir='ltr'>vel,</span> <span class='ocrx_word' id='word_1_98' title='bbox 190 1226 413 1275; x_wconf 77' lang='lat' dir='ltr'><em>Armatique.</em></span> <span class='ocrx_word' id='word_1_99' title='bbox 439 1223 542 1274; x_wconf 84' lang='lat' dir='ltr'>quod</span> <span class='ocrx_word' id='word_1_100' title='bbox 558 1223 635 1272; x_wconf 87' lang='lat' dir='ltr'>jam</span> <span class='ocrx_word' id='word_1_101' title='bbox 648 1221 708 1259; x_wconf 89' lang='lat' dir='ltr'>alii</span> <span class='ocrx_word' id='word_1_102' title='bbox 729 1220 937 1260; x_wconf 87' lang='lat' dir='ltr'>voluerunt.</span> <span class='ocrx_word' id='word_1_103' title='bbox 965 1219 1114 1260; x_wconf 68' lang='lat' dir='ltr'>Herus.</span> 
     </span>
    </p>

    <p class='ocr_par' dir='ltr' id='par_1_7' title="bbox 76 1270 1116 1682">
     <span class='ocr_line' id='line_1_17' title="bbox 132 1270 1114 1328; baseline -0.007 -11"><span class='ocrx_word' id='word_1_104' title='bbox 132 1288 220 1327; x_wconf 82' lang='lat'>259.</span> <span class='ocrx_word' id='word_1_105' title='bbox 247 1278 386 1328; x_wconf 57' lang='lat' dir='ltr'>Quique</span> <span class='ocrx_word' id='word_1_106' title='bbox 395 1275 438 1313; x_wconf 85' lang='lat' dir='ltr'>ab</span> <span class='ocrx_word' id='word_1_107' title='bbox 450 1288 533 1326; x_wconf 78' lang='lat' dir='ltr'>equo</span> <span class='ocrx_word' id='word_1_108' title='bbox 549 1273 742 1322; x_wconf 54' lang='lat' dir='ltr'>praecepa]</span> <span class='ocrx_word' id='word_1_109' title='bbox 773 1270 1022 1319; x_wconf 86' lang='lat' dir='ltr'>Bellerophon</span> <span class='ocrx_word' id='word_1_110' title='bbox 1042 1271 1114 1310; x_wconf 78' lang='lat' dir='ltr'>fuit</span> 
     </span>
     <span class='ocr_line' id='line_1_18' title="bbox 81 1323 1114 1372; baseline -0.007 -4"><span class='ocrx_word' id='word_1_111' title='bbox 81 1327 176 1367; x_wconf 87' lang='lat' dir='ltr'>filius</span> <span class='ocrx_word' id='word_1_112' title='bbox 216 1328 339 1367; x_wconf 88' lang='lat' dir='ltr'>Proeti</span> <span class='ocrx_word' id='word_1_113' title='bbox 380 1355 391 1372; x_wconf 90' lang='lat'>,</span> <span class='ocrx_word' id='word_1_114' title='bbox 452 1326 567 1363; x_wconf 88' lang='lat' dir='ltr'>fratris</span> <span class='ocrx_word' id='word_1_115' title='bbox 625 1323 754 1361; x_wconf 81' lang='lat' dir='ltr'>Acrisii</span> <span class='ocrx_word' id='word_1_116' title='bbox 813 1323 922 1371; x_wconf 84' lang='lat' dir='ltr'>Regis</span> <span class='ocrx_word' id='word_1_117' title='bbox 948 1350 958 1367; x_wconf 95' lang='lat'>,</span> <span class='ocrx_word' id='word_1_118' title='bbox 1006 1324 1114 1372; x_wconf 87' lang='lat' dir='ltr'>patris</span> 
     </span>
     <span class='ocr_line' id='line_1_19' title="bbox 81 1373 1114 1429; baseline -0.009 -10"><span class='ocrx_word' id='word_1_119' title='bbox 81 1379 251 1425; x_wconf 83' lang='lat' dir='ltr'>Danaes,</span> <span class='ocrx_word' id='word_1_120' title='bbox 276 1390 389 1429; x_wconf 88' lang='lat' dir='ltr'>quem</span> <span class='ocrx_word' id='word_1_121' title='bbox 415 1387 575 1415; x_wconf 88' lang='lat' dir='ltr'>noverca</span> <span class='ocrx_word' id='word_1_122' title='bbox 594 1375 655 1413; x_wconf 90' lang='lat' dir='ltr'>sua</span> <span class='ocrx_word' id='word_1_123' title='bbox 684 1381 832 1424; x_wconf 88' lang='lat' dir='ltr'>propter</span> <span class='ocrx_word' id='word_1_124' title='bbox 852 1373 1010 1421; x_wconf 90' lang='lat' dir='ltr'>speciem</span> <span class='ocrx_word' id='word_1_125' title='bbox 1031 1373 1114 1411; x_wconf 87' lang='lat' dir='ltr'>ada-</span> 
     </span>
     <span class='ocr_line' id='line_1_20' title="bbox 81 1425 1116 1477; baseline -0.009 -8"><span class='ocrx_word' id='word_1_126' title='bbox 81 1432 222 1475; x_wconf 85' lang='lat' dir='ltr'>mavit,</span> <span class='ocrx_word' id='word_1_127' title='bbox 249 1431 287 1468; x_wconf 88' lang='lat'>&amp;</span> <span class='ocrx_word' id='word_1_128' title='bbox 309 1429 356 1467; x_wconf 92' lang='lat' dir='ltr'>de</span> <span class='ocrx_word' id='word_1_129' title='bbox 375 1428 495 1477; x_wconf 85' lang='lat' dir='ltr'>stupro</span> <span class='ocrx_word' id='word_1_130' title='bbox 524 1425 767 1473; x_wconf 88' lang='lat' dir='ltr'>interpellavit</span> <span class='ocrx_word' id='word_1_131' title='bbox 780 1439 791 1468; x_wconf 89' lang='lat'>;</span> <span class='ocrx_word' id='word_1_132' title='bbox 819 1425 881 1474; x_wconf 92' lang='lat' dir='ltr'>qui</span> <span class='ocrx_word' id='word_1_133' title='bbox 900 1426 1034 1473; x_wconf 89' lang='lat' dir='ltr'>pietate</span> <span class='ocrx_word' id='word_1_134' title='bbox 1052 1435 1116 1473; x_wconf 90' lang='lat' dir='ltr'>pa-</span> 
     </span>
     <span class='ocr_line' id='line_1_21' title="bbox 80 1475 1112 1525; baseline -0.007 -6"><span class='ocrx_word' id='word_1_135' title='bbox 80 1482 140 1519; x_wconf 88' lang='lat' dir='ltr'>tris</span> <span class='ocrx_word' id='word_1_136' title='bbox 168 1489 290 1519; x_wconf 82' lang='lat' dir='ltr'>motus</span> <span class='ocrx_word' id='word_1_137' title='bbox 325 1480 443 1518; x_wconf 92' lang='lat' dir='ltr'>noluit</span> <span class='ocrx_word' id='word_1_138' title='bbox 470 1478 676 1516; x_wconf 87' lang='lat' dir='ltr'>consentire</span> <span class='ocrx_word' id='word_1_139' title='bbox 711 1475 876 1525; x_wconf 87' lang='lat' dir='ltr'>precibus</span> <span class='ocrx_word' id='word_1_140' title='bbox 903 1487 1112 1519; x_wconf 72' lang='lat' dir='ltr'>novercae:</span> 
     </span>
     <span class='ocr_line' id='line_1_22' title="bbox 80 1527 1112 1576; baseline -0.005 -6"><span class='ocrx_word' id='word_1_141' title='bbox 80 1532 179 1570; x_wconf 92' lang='lat' dir='ltr'>unde</span> <span class='ocrx_word' id='word_1_142' title='bbox 211 1531 268 1570; x_wconf 86' lang='lat' dir='ltr'>illa</span> <span class='ocrx_word' id='word_1_143' title='bbox 289 1532 376 1569; x_wconf 87' lang='lat' dir='ltr'>irata</span> <span class='ocrx_word' id='word_1_144' title='bbox 401 1529 580 1568; x_wconf 78' lang='lat' dir='ltr'>accusavit</span> <span class='ocrx_word' id='word_1_145' title='bbox 610 1539 694 1565; x_wconf 88' lang='lat' dir='ltr'>eum</span> <span class='ocrx_word' id='word_1_146' title='bbox 728 1527 824 1576; x_wconf 90' lang='lat' dir='ltr'>apud</span> <span class='ocrx_word' id='word_1_147' title='bbox 854 1535 1018 1575; x_wconf 88' lang='lat' dir='ltr'>patrem,</span> <span class='ocrx_word' id='word_1_148' title='bbox 1046 1529 1112 1575; x_wconf 91' lang='lat' dir='ltr'>qui</span> 
     </span>
     <span class='ocr_line' id='line_1_23' title="bbox 79 1578 1112 1620; baseline -0.006 0"><span class='ocrx_word' id='word_1_149' title='bbox 79 1583 237 1620; x_wconf 89' lang='lat' dir='ltr'>nimium</span> <span class='ocrx_word' id='word_1_150' title='bbox 275 1581 437 1620; x_wconf 86' lang='lat' dir='ltr'>credulus</span> <span class='ocrx_word' id='word_1_151' title='bbox 467 1579 563 1617; x_wconf 78' lang='lat' dir='ltr'>misit</span> <span class='ocrx_word' id='word_1_152' title='bbox 594 1579 707 1616; x_wconf 90' lang='lat' dir='ltr'>filium</span> <span class='ocrx_word' id='word_1_153' title='bbox 739 1578 784 1615; x_wconf 86' lang='lat' dir='ltr'>ad</span> <span class='ocrx_word' id='word_1_154' title='bbox 805 1578 1012 1615; x_wconf 89' lang='lat' dir='ltr'>Oriobaten</span> <span class='ocrx_word' id='word_1_155' title='bbox 1037 1578 1112 1615; x_wconf 85' lang='lat' dir='ltr'>Re-</span> 
     </span>
     <span class='ocr_line' id='line_1_24' title="bbox 76 1627 1110 1682; baseline -0.005 -11"><span class='ocrx_word' id='word_1_156' title='bbox 76 1644 161 1682; x_wconf 86' lang='lat' dir='ltr'>gem</span> <span class='ocrx_word' id='word_1_157' title='bbox 179 1633 345 1671; x_wconf 83' lang='lat' dir='ltr'>socerum</span> <span class='ocrx_word' id='word_1_158' title='bbox 368 1631 469 1669; x_wconf 88' lang='lat' dir='ltr'>suum</span> <span class='ocrx_word' id='word_1_159' title='bbox 486 1658 496 1674; x_wconf 91' lang='lat'>,</span> <span class='ocrx_word' id='word_1_160' title='bbox 525 1639 564 1668; x_wconf 90' lang='lat' dir='ltr'>ut</span> <span class='ocrx_word' id='word_1_161' title='bbox 584 1629 655 1677; x_wconf 87' lang='lat' dir='ltr'>ipse</span> <span class='ocrx_word' id='word_1_162' title='bbox 668 1629 769 1666; x_wconf 87' lang='lat' dir='ltr'>socer</span> <span class='ocrx_word' id='word_1_163' title='bbox 780 1628 980 1666; x_wconf 84' lang='lat' dir='ltr'>vindicaret</span> <span class='ocrx_word' id='word_1_164' title='bbox 998 1627 1055 1672; x_wconf 84' lang='lat' dir='ltr'>se,</span> <span class='ocrx_word' id='word_1_165' title='bbox 1072 1629 1110 1666; x_wconf 73' lang='grc' dir='ltr'>δε</span> 
     </span>
    </p>
   </div>
   <div class='ocr_carea' id='block_1_7' title="bbox 77 1679 1111 1737">
    <p class='ocr_par' dir='ltr' id='par_1_8' title="bbox 77 1679 1111 1737">
     <span class='ocr_line' id='line_1_25' title="bbox 77 1679 1111 1737; baseline -0.005 -16"><span class='ocrx_word' id='word_1_166' title='bbox 77 1683 185 1721; x_wconf 81' lang='lat' dir='ltr'>filiam</span> <span class='ocrx_word' id='word_1_167' title='bbox 198 1683 242 1721; x_wconf 88' lang='lat' dir='ltr'>de</span> <span class='ocrx_word' id='word_1_168' title='bbox 254 1683 566 1737; x_wconf 73' lang='lat' dir='ltr'>Bellorophonte,</span> <span class='ocrx_word' id='word_1_169' title='bbox 579 1682 663 1730; x_wconf 90' lang='lat' dir='ltr'>quia</span> <span class='ocrx_word' id='word_1_170' title='bbox 677 1679 747 1728; x_wconf 89' lang='lat' dir='ltr'>ipse</span> <span class='ocrx_word' id='word_1_171' title='bbox 761 1687 860 1727; x_wconf 87' lang='lat' dir='ltr'>pater</span> <span class='ocrx_word' id='word_1_172' title='bbox 877 1690 953 1716; x_wconf 87' lang='lat' dir='ltr'>non</span> <span class='ocrx_word' id='word_1_173' title='bbox 969 1686 1111 1726; x_wconf 89' lang='lat' dir='ltr'>poterat</span> 
     </span>
    </p>
   </div>
   <div class='ocr_carea' id='block_1_8' title="bbox 14 1729 1107 1782">
    <p class='ocr_par' dir='ltr' id='par_1_9' title="bbox 14 1729 1107 1782">
     <span class='ocr_line' id='line_1_26' title="bbox 14 1729 1107 1782; baseline -0.005 -11"><span class='ocrx_word' id='word_1_174' title='bbox 14 1754 17 1755; x_wconf 28' lang='grc' dir='ltr'><em>ν</em></span> <span class='ocrx_word' id='word_1_175' title='bbox 77 1732 191 1772; x_wconf 87' lang='lat' dir='ltr'>filium</span> <span class='ocrx_word' id='word_1_176' title='bbox 204 1734 310 1782; x_wconf 82' lang='lat' dir='ltr'>digna</span> <span class='ocrx_word' id='word_1_177' title='bbox 323 1743 440 1782; x_wconf 84' lang='lat' dir='ltr'>poena</span> <span class='ocrx_word' id='word_1_178' title='bbox 463 1742 603 1781; x_wconf 84' lang='lat' dir='ltr'>punire.</span> <span class='ocrx_word' id='word_1_179' title='bbox 660 1731 904 1767; x_wconf 85' lang='lat' dir='ltr'>Socerautem</span> <span class='ocrx_word' id='word_1_180' title='bbox 926 1729 1043 1767; x_wconf 87' lang='lat' dir='ltr'>noluit</span> <span class='ocrx_word' id='word_1_181' title='bbox 1056 1730 1107 1777; x_wconf 93' lang='lat' dir='ltr'>ip-</span> 
     </span>
    </p>
   </div>
   <div class='ocr_carea' id='block_1_9' title="bbox 29 1781 1111 2130">
    <p class='ocr_par' dir='ltr' id='par_1_10' title="bbox 29 1781 1111 2130">
     <span class='ocr_line' id='line_1_27' title="bbox 77 1781 1111 1827; baseline -0.004 -5"><span class='ocrx_word' id='word_1_182' title='bbox 77 1784 153 1822; x_wconf 89' lang='lat' dir='ltr'>sum</span> <span class='ocrx_word' id='word_1_183' title='bbox 175 1785 403 1827; x_wconf 75' lang='lat' dir='ltr'>interficere,</span> <span class='ocrx_word' id='word_1_184' title='bbox 430 1782 489 1821; x_wconf 86' lang='lat' dir='ltr'>sed</span> <span class='ocrx_word' id='word_1_185' title='bbox 514 1781 608 1820; x_wconf 83' lang='lat' dir='ltr'>mlfit</span> <span class='ocrx_word' id='word_1_186' title='bbox 621 1791 706 1819; x_wconf 88' lang='lat' dir='ltr'>eum</span> <span class='ocrx_word' id='word_1_187' title='bbox 721 1781 764 1817; x_wconf 88' lang='lat' dir='ltr'>ad</span> <span class='ocrx_word' id='word_1_188' title='bbox 791 1781 1024 1817; x_wconf 81' lang='lat' dir='ltr'>Chimaeram</span> <span class='ocrx_word' id='word_1_189' title='bbox 1041 1808 1051 1824; x_wconf 88' lang='lat'>,</span> <span class='ocrx_word' id='word_1_190' title='bbox 1071 1790 1111 1818; x_wconf 89' lang='lat' dir='ltr'>ut</span> 
     </span>
     <span class='ocr_line' id='line_1_28' title="bbox 75 1831 1103 1882; baseline -0.003 -10"><span class='ocrx_word' id='word_1_191' title='bbox 75 1834 121 1871; x_wconf 88' lang='lat' dir='ltr'>ab</span> <span class='ocrx_word' id='word_1_192' title='bbox 153 1846 194 1872; x_wconf 89' lang='lat' dir='ltr'>ea</span> <span class='ocrx_word' id='word_1_193' title='bbox 222 1835 492 1882; x_wconf 83' lang='lat' dir='ltr'>discerperetur.</span> <span class='ocrx_word' id='word_1_194' title='bbox 554 1833 747 1870; x_wconf 77' lang='lat' dir='ltr'>Chimaera</span> <span class='ocrx_word' id='word_1_195' title='bbox 780 1842 868 1869; x_wconf 86' lang='lat' dir='ltr'>vero</span> <span class='ocrx_word' id='word_1_196' title='bbox 902 1831 1103 1869; x_wconf 83' lang='lat' dir='ltr'>monstrum</span> 
     </span>
     <span class='ocr_line' id='line_1_29' title="bbox 29 1882 1103 1933; baseline -0.001 -13"><span class='ocrx_word' id='word_1_197' title='bbox 29 1915 33 1918; x_wconf 89' lang='lat'>.</span> <span class='ocrx_word' id='word_1_198' title='bbox 79 1892 154 1922; x_wconf 85' lang='lat' dir='ltr'>erat</span> <span class='ocrx_word' id='word_1_199' title='bbox 174 1886 288 1933; x_wconf 88' lang='lat' dir='ltr'>prima</span> <span class='ocrx_word' id='word_1_200' title='bbox 305 1895 403 1933; x_wconf 88' lang='lat' dir='ltr'>parte</span> <span class='ocrx_word' id='word_1_201' title='bbox 420 1885 482 1922; x_wconf 89' lang='lat' dir='ltr'>leo</span> <span class='ocrx_word' id='word_1_202' title='bbox 504 1912 514 1927; x_wconf 92' lang='lat'>,</span> <span class='ocrx_word' id='word_1_203' title='bbox 553 1883 675 1920; x_wconf 86' lang='lat' dir='ltr'>media</span> <span class='ocrx_word' id='word_1_204' title='bbox 698 1882 863 1930; x_wconf 86' lang='lat' dir='ltr'>serpens,-</span> <span class='ocrx_word' id='word_1_205' title='bbox 889 1882 963 1918; x_wconf 89' lang='lat' dir='ltr'>ima</span> <span class='ocrx_word' id='word_1_206' title='bbox 987 1893 1103 1930; x_wconf 88' lang='lat' dir='ltr'>caper.</span> 
     </span>
     <span class='ocr_line' id='line_1_30' title="bbox 77 1933 1102 1982; baseline -0.001 -12"><span class='ocrx_word' id='word_1_207' title='bbox 77 1933 187 1971; x_wconf 89' lang='lat' dir='ltr'>Pallas</span> <span class='ocrx_word' id='word_1_208' title='bbox 204 1944 325 1972; x_wconf 87' lang='lat' dir='ltr'>autern</span> <span class='ocrx_word' id='word_1_209' title='bbox 349 1934 509 1972; x_wconf 85' lang='lat' dir='ltr'>miserata</span> <span class='ocrx_word' id='word_1_210' title='bbox 523 1961 533 1978; x_wconf 95' lang='lat'>,</span> <span class='ocrx_word' id='word_1_211' title='bbox 561 1935 597 1970; x_wconf 72' lang='grc' dir='ltr'>ἃ</span> <span class='ocrx_word' id='word_1_212' title='bbox 612 1936 697 1982; x_wconf 86' lang='lat' dir='ltr'>quia</span> <span class='ocrx_word' id='word_1_213' title='bbox 718 1933 796 1969; x_wconf 86' lang='lat' dir='ltr'>Dea</span> <span class='ocrx_word' id='word_1_214' title='bbox 818 1933 1029 1981; x_wconf 83' lang='lat' dir='ltr'>virginitatis</span> <span class='ocrx_word' id='word_1_215' title='bbox 1043 1960 1052 1976; x_wconf 88' lang='lat'>,</span> <span class='ocrx_word' id='word_1_216' title='bbox 1065 1933 1102 1969; x_wconf 74' lang='grc' dir='ltr'>ὃ(</span> 
     </span>
     <span class='ocr_line' id='line_1_31' title="bbox 77 1982 1103 2032; baseline -0.002 -10"><span class='ocrx_word' id='word_1_217' title='bbox 77 1985 162 2032; x_wconf 86' lang='lat' dir='ltr'>quia</span> <span class='ocrx_word' id='word_1_218' title='bbox 192 1985 306 2031; x_wconf 81' lang='lat' dir='ltr'>ipsum</span> <span class='ocrx_word' id='word_1_219' title='bbox 335 1995 411 2021; x_wconf 87' lang='lat' dir='ltr'>non</span> <span class='ocrx_word' id='word_1_220' title='bbox 448 1982 613 2020; x_wconf 78' lang='lat' dir='ltr'>meruiffe</span> <span class='ocrx_word' id='word_1_221' title='bbox 641 1991 865 2030; x_wconf 86' lang='lat' dir='ltr'>cognoverat</span> <span class='ocrx_word' id='word_1_222' title='bbox 891 2010 901 2023; x_wconf 81' lang='lat'>,</span> <span class='ocrx_word' id='word_1_223' title='bbox 939 1982 1036 2019; x_wconf 86' lang='lat' dir='ltr'>dedit</span> <span class='ocrx_word' id='word_1_224' title='bbox 1061 1984 1103 2020; x_wconf 84' lang='lat' dir='ltr'>ei</span> 
     </span>
     <span class='ocr_line' id='line_1_32' title="bbox 74 2032 1103 2082; baseline -0.004 -11"><span class='ocrx_word' id='word_1_225' title='bbox 74 2033 248 2082; x_wconf 82' lang='lat' dir='ltr'>Pegasum</span> <span class='ocrx_word' id='word_1_226' title='bbox 267 2046 404 2082; x_wconf 90' lang='lat' dir='ltr'>equum</span> <span class='ocrx_word' id='word_1_227' title='bbox 420 2061 431 2078; x_wconf 85' lang='lat'>,</span> <span class='ocrx_word' id='word_1_228' title='bbox 458 2044 535 2081; x_wconf 85' lang='lat' dir='ltr'>quo</span> <span class='ocrx_word' id='word_1_229' title='bbox 563 2032 722 2069; x_wconf 77' lang='lat' dir='ltr'>inscenso</span> <span class='ocrx_word' id='word_1_230' title='bbox 743 2032 976 2067; x_wconf 87' lang='lat' dir='ltr'>Chimaeram</span> <span class='ocrx_word' id='word_1_231' title='bbox 1001 2032 1103 2078; x_wconf 87' lang='lat' dir='ltr'>supe-</span> 
     </span>
     <span class='ocr_line' id='line_1_33' title="bbox 74 2081 1104 2130; baseline -0.001 -10"><span class='ocrx_word' id='word_1_232' title='bbox 74 2084 165 2120; x_wconf 88' lang='lat' dir='ltr'>ravit</span> <span class='ocrx_word' id='word_1_233' title='bbox 185 2111 194 2128; x_wconf 93' lang='lat'>,</span> <span class='ocrx_word' id='word_1_234' title='bbox 232 2084 362 2121; x_wconf 88' lang='lat' dir='ltr'>cadens</span> <span class='ocrx_word' id='word_1_235' title='bbox 391 2091 515 2119; x_wconf 88' lang='lat' dir='ltr'>tamen</span> <span class='ocrx_word' id='word_1_236' title='bbox 537 2084 573 2118; x_wconf 90' lang='lat' dir='ltr'>in</span> <span class='ocrx_word' id='word_1_237' title='bbox 601 2082 739 2128; x_wconf 91' lang='lat' dir='ltr'>campis</span> <span class='ocrx_word' id='word_1_238' title='bbox 763 2081 903 2130; x_wconf 85' lang='lat' dir='ltr'>Lyciae</span> <span class='ocrx_word' id='word_1_239' title='bbox 925 2092 1026 2118; x_wconf 79' lang='lat' dir='ltr'>crura</span> <span class='ocrx_word' id='word_1_240' title='bbox 1045 2081 1104 2119; x_wconf 86' lang='lat' dir='ltr'>sua</span> 
     </span>
    </p>
   </div>
   <div class='ocr_carea' id='block_1_10' title="bbox 74 2131 752 2178">
    <p class='ocr_par' dir='ltr' id='par_1_11' title="bbox 74 2131 752 2178">
     <span class='ocr_line' id='line_1_34' title="bbox 74 2131 752 2178; baseline -0.009 -6"><span class='ocrx_word' id='word_1_241' title='bbox 74 2134 202 2172; x_wconf 86' lang='lat' dir='ltr'>dicitur</span> <span class='ocrx_word' id='word_1_242' title='bbox 221 2131 373 2176; x_wconf 85' lang='lat' dir='ltr'>laefiffe,</span> <span class='ocrx_word' id='word_1_243' title='bbox 403 2141 441 2169; x_wconf 90' lang='lat' dir='ltr'>ut</span> <span class='ocrx_word' id='word_1_244' title='bbox 466 2133 516 2168; x_wconf 89' lang='lat' dir='ltr'>ait</span> <span class='ocrx_word' id='word_1_245' title='bbox 532 2131 752 2178; x_wconf 84' lang='lat' dir='ltr'>Propertius:</span> 
     </span>
    </p>
   </div>
   <div class='ocr_carea' id='block_1_11' title="bbox 126 2191 1105 2248">
    <p class='ocr_par' dir='ltr' id='par_1_12' title="bbox 126 2191 1105 2248">
     <span class='ocr_line' id='line_1_35' title="bbox 126 2191 1105 2248; baseline -0.007 -11"><span class='ocrx_word' id='word_1_246' title='bbox 126 2199 342 2248; x_wconf 82' lang='lat' dir='ltr'>Bellerophon</span> <span class='ocrx_word' id='word_1_247' title='bbox 373 2196 561 2245; x_wconf 84' lang='lat' dir='ltr'>monstrum</span> <span class='ocrx_word' id='word_1_248' title='bbox 589 2194 707 2245; x_wconf 84' lang='lat' dir='ltr'>potuit</span> <span class='ocrx_word' id='word_1_249' title='bbox 727 2199 731 2203; x_wconf 88' lang='lat'>&#39;</span> <span class='ocrx_word' id='word_1_250' title='bbox 737 2193 898 2244; x_wconf 82' lang='lat' dir='ltr'>superare</span> <span class='ocrx_word' id='word_1_251' title='bbox 940 2191 1105 2231; x_wconf 86' lang='lat' dir='ltr'>Chimae-</span> 
     </span>
    </p>
   </div>
   <div class='ocr_carea' id='block_1_12' title="bbox 123 2264 1099 2552">
    <p class='ocr_par' dir='ltr' id='par_1_13' title="bbox 123 2264 1099 2552">
     <span class='ocr_line' id='line_1_36' title="bbox 210 2264 312 2294; baseline 0 -7"><span class='ocrx_word' id='word_1_252' title='bbox 210 2264 287 2288; x_wconf 89' lang='lat' dir='ltr'>ram</span> <span class='ocrx_word' id='word_1_253' title='bbox 301 2277 312 2294; x_wconf 88' lang='lat'>,</span> 
     </span>
     <span class='ocr_line' id='line_1_37' title="bbox 172 2295 900 2350; baseline -0.008 -12"><span class='ocrx_word' id='word_1_254' title='bbox 172 2306 262 2343; x_wconf 69' lang='lat' dir='ltr'>Cras</span> <span class='ocrx_word' id='word_1_255' title='bbox 281 2298 397 2350; x_wconf 72' lang='lat' dir='ltr'>laesisse</span> <span class='ocrx_word' id='word_1_256' title='bbox 417 2308 536 2339; x_wconf 80' lang='lat' dir='ltr'>tamen</span> <span class='ocrx_word' id='word_1_257' title='bbox 562 2296 693 2334; x_wconf 83' lang='lat' dir='ltr'>dicitur</span> <span class='ocrx_word' id='word_1_258' title='bbox 712 2295 769 2333; x_wconf 79' lang='lat' dir='ltr'>ille</span> <span class='ocrx_word' id='word_1_259' title='bbox 785 2301 900 2343; x_wconf 85' lang='lat' dir='ltr'>suum.</span> 
     </span>
     <span class='ocr_line' id='line_1_38' title="bbox 125 2345 1099 2398; baseline -0.005 -9"><span class='ocrx_word' id='word_1_260' title='bbox 125 2352 269 2395; x_wconf 86' lang='lat' dir='ltr'>omnia,</span> <span class='ocrx_word' id='word_1_261' title='bbox 283 2354 320 2388; x_wconf 86' lang='lat' dir='ltr'>ni</span> <span class='ocrx_word' id='word_1_262' title='bbox 327 2350 448 2397; x_wconf 81' lang='lat' dir='ltr'>fallor,</span> <span class='ocrx_word' id='word_1_263' title='bbox 456 2359 595 2398; x_wconf 78' lang='lat' dir='ltr'>pereunt</span> <span class='ocrx_word' id='word_1_264' title='bbox 613 2347 700 2384; x_wconf 84' lang='lat' dir='ltr'>bona</span> <span class='ocrx_word' id='word_1_265' title='bbox 714 2375 724 2391; x_wconf 93' lang='lat'>,</span> <span class='ocrx_word' id='word_1_266' title='bbox 745 2347 806 2394; x_wconf 83' lang='lat' dir='ltr'>sed</span> <span class='ocrx_word' id='word_1_267' title='bbox 817 2345 912 2382; x_wconf 82' lang='lat' dir='ltr'>mala</span> <span class='ocrx_word' id='word_1_268' title='bbox 925 2346 1078 2394; x_wconf 73' lang='lat' dir='ltr'>crefitum</span> <span class='ocrx_word' id='word_1_269' title='bbox 1087 2374 1099 2393; x_wconf 93' lang='lat'>‚</span> 
     </span>
     <span class='ocr_line' id='line_1_39' title="bbox 174 2398 924 2451; baseline -0.011 -12"><span class='ocrx_word' id='word_1_270' title='bbox 174 2402 263 2439; x_wconf 83' lang='lat' dir='ltr'>Huic</span> <span class='ocrx_word' id='word_1_271' title='bbox 276 2404 343 2451; x_wconf 86' lang='lat' dir='ltr'>sua</span> <span class='ocrx_word' id='word_1_272' title='bbox 366 2414 434 2438; x_wconf 87' lang='lat' dir='ltr'>non</span> <span class='ocrx_word' id='word_1_273' title='bbox 446 2400 554 2447; x_wconf 83' lang='lat' dir='ltr'>facies</span> <span class='ocrx_word' id='word_1_274' title='bbox 569 2426 579 2443; x_wconf 91' lang='lat'>,</span> <span class='ocrx_word' id='word_1_275' title='bbox 603 2398 661 2445; x_wconf 82' lang='lat' dir='ltr'>sed</span> <span class='ocrx_word' id='word_1_276' title='bbox 676 2398 790 2434; x_wconf 83' lang='lat' dir='ltr'>nocuit</span> <span class='ocrx_word' id='word_1_277' title='bbox 805 2399 924 2443; x_wconf 84' lang='lat' dir='ltr'>pietas.</span> 
     </span>
     <span class='ocr_line' id='line_1_40' title="bbox 123 2445 1062 2500; baseline -0.007 -10"><span class='ocrx_word' id='word_1_278' title='bbox 123 2454 189 2490; x_wconf 82' lang='lat' dir='ltr'>Hic</span> <span class='ocrx_word' id='word_1_279' title='bbox 202 2453 312 2500; x_wconf 84' lang='lat' dir='ltr'>potuit</span> <span class='ocrx_word' id='word_1_280' title='bbox 332 2451 525 2498; x_wconf 82' lang='lat' dir='ltr'>monstrum</span> <span class='ocrx_word' id='word_1_281' title='bbox 538 2477 548 2494; x_wconf 89' lang='lat'>,</span> <span class='ocrx_word' id='word_1_282' title='bbox 577 2462 700 2496; x_wconf 84' lang='lat' dir='ltr'>nequeo</span> <span class='ocrx_word' id='word_1_283' title='bbox 712 2448 871 2497; x_wconf 78' lang='lat' dir='ltr'>superare</span> <span class='ocrx_word' id='word_1_284' title='bbox 887 2445 1038 2496; x_wconf 75' lang='lat' dir='ltr'>puellam</span> <span class='ocrx_word' id='word_1_285' title='bbox 1050 2462 1062 2490; x_wconf 87' lang='lat'>;</span> 
     </span>
     <span class='ocr_line' id='line_1_41' title="bbox 176 2498 880 2552; baseline -0.009 -12"><span class='ocrx_word' id='word_1_286' title='bbox 176 2503 316 2540; x_wconf 82' lang='lat' dir='ltr'>Vincam</span> <span class='ocrx_word' id='word_1_287' title='bbox 331 2501 366 2552; x_wconf 78' lang='lat' dir='ltr'><em>fi</em></span> <span class='ocrx_word' id='word_1_288' title='bbox 383 2512 494 2552; x_wconf 79' lang='lat' dir='ltr'>potero</span> <span class='ocrx_word' id='word_1_289' title='bbox 515 2501 627 2538; x_wconf 80' lang='lat' dir='ltr'>tutius</span> <span class='ocrx_word' id='word_1_290' title='bbox 645 2499 708 2549; x_wconf 65' lang='lat' dir='ltr'>ips}</span> <span class='ocrx_word' id='word_1_291' title='bbox 727 2498 880 2549; x_wconf 81' lang='lat' dir='ltr'>quidem.</span> 
     </span>
    </p>
   </div>
   <div class='ocr_carea' id='block_1_13' title="bbox 73 2561 1105 3063">
    <p class='ocr_par' dir='ltr' id='par_1_14' title="bbox 75 2561 1105 2806">
     <span class='ocr_line' id='line_1_42' title="bbox 75 2561 1104 2612; baseline -0.006 -7"><span class='ocrx_word' id='word_1_292' title='bbox 75 2566 267 2606; x_wconf 60' lang='lat' dir='ltr'>lunam.</span> <span class='ocrx_word' id='word_1_293' title='bbox 294 2567 426 2604; x_wconf 89' lang='lat' dir='ltr'>Versus</span> <span class='ocrx_word' id='word_1_294' title='bbox 441 2564 772 2612; x_wconf 73' lang='lat' dir='ltr'>affictiPropertio,</span> <span class='ocrx_word' id='word_1_295' title='bbox 794 2562 945 2611; x_wconf 86' lang='lat' dir='ltr'>ipsoque</span> <span class='ocrx_word' id='word_1_296' title='bbox 965 2561 1104 2611; x_wconf 84' lang='lat' dir='ltr'>indigni</span> 
     </span>
     <span class='ocr_line' id='line_1_43' title="bbox 78 2612 1105 2663; baseline -0.005 -9"><span class='ocrx_word' id='word_1_297' title='bbox 78 2616 239 2656; x_wconf 60' lang='lat' dir='ltr'>Snus.</span> <span class='ocrx_word' id='word_1_298' title='bbox 267 2620 325 2656; x_wconf 90' lang='lat' dir='ltr'>De</span> <span class='ocrx_word' id='word_1_299' title='bbox 347 2616 630 2663; x_wconf 84' lang='lat' dir='ltr'>Bellerophonte</span> <span class='ocrx_word' id='word_1_300' title='bbox 650 2613 799 2661; x_wconf 83' lang='lat' dir='ltr'>intelligi</span> <span class='ocrx_word' id='word_1_301' title='bbox 821 2612 908 2650; x_wconf 88' lang='lat' dir='ltr'>nulli</span> <span class='ocrx_word' id='word_1_302' title='bbox 930 2612 1105 2650; x_wconf 83' lang='lat' dir='ltr'>dubium:</span> 
     </span>
     <span class='ocr_line' id='line_1_44' title="bbox 77 2662 1104 2715; baseline -0.002 -13"><span class='ocrx_word' id='word_1_303' title='bbox 77 2668 177 2715; x_wconf 89' lang='lat' dir='ltr'>quod</span> <span class='ocrx_word' id='word_1_304' title='bbox 198 2679 285 2705; x_wconf 88' lang='lat' dir='ltr'>vero</span> <span class='ocrx_word' id='word_1_305' title='bbox 307 2667 404 2706; x_wconf 78' lang='lat' dir='ltr'>Aleis</span> <span class='ocrx_word' id='word_1_306' title='bbox 422 2666 520 2703; x_wconf 79' lang='lat' dir='ltr'>arvis</span> <span class='ocrx_word' id='word_1_307' title='bbox 535 2693 544 2709; x_wconf 94' lang='lat'>,</span> <span class='ocrx_word' id='word_1_308' title='bbox 573 2676 650 2704; x_wconf 91' lang='lat' dir='ltr'>non</span> <span class='ocrx_word' id='word_1_309' title='bbox 661 2663 782 2701; x_wconf 79' lang='lat' dir='ltr'>alienis</span> <span class='ocrx_word' id='word_1_310' title='bbox 794 2662 1076 2711; x_wconf 82' lang='lat' dir='ltr'>eratlegendum</span> <span class='ocrx_word' id='word_1_311' title='bbox 1093 2692 1104 2708; x_wconf 95' lang='lat'>,</span> 
     </span>
     <span class='ocr_line' id='line_1_45' title="bbox 77 2714 1105 2763; baseline -0.002 -10"><span class='ocrx_word' id='word_1_312' title='bbox 77 2717 266 2754; x_wconf 84' lang='lat' dir='ltr'>admoneri</span> <span class='ocrx_word' id='word_1_313' title='bbox 288 2719 344 2755; x_wconf 83' lang='lat' dir='ltr'>vel</span> <span class='ocrx_word' id='word_1_314' title='bbox 371 2717 575 2755; x_wconf 82' lang='lat' dir='ltr'>Homerica</span> <span class='ocrx_word' id='word_1_315' title='bbox 593 2715 754 2754; x_wconf 66' lang='lat' dir='ltr'>lectione</span> <span class='ocrx_word' id='word_1_316' title='bbox 775 2724 930 2763; x_wconf 87' lang='lat' dir='ltr'>potuere</span> <span class='ocrx_word' id='word_1_317' title='bbox 945 2741 955 2758; x_wconf 88' lang='lat'>‚</span> <span class='ocrx_word' id='word_1_318' title='bbox 984 2714 1049 2762; x_wconf 91' lang='lat' dir='ltr'>qui</span> <span class='ocrx_word' id='word_1_319' title='bbox 1067 2715 1105 2752; x_wconf 90' lang='lat' dir='ltr'>in</span> 
     </span>
     <span class='ocr_line' id='line_1_46' title="bbox 76 2767 360 2806; baseline 0.004 -3"><span class='ocrx_word' id='word_1_320' title='bbox 76 2768 118 2806; x_wconf 92' lang='lat' dir='ltr'>Z.</span> <span class='ocrx_word' id='word_1_321' title='bbox 139 2769 187 2804; x_wconf 81' lang='lat' dir='ltr'>ita</span> <span class='ocrx_word' id='word_1_322' title='bbox 212 2767 360 2804; x_wconf 86' lang='lat' dir='ltr'>cecinit:</span> 
     </span>
    </p>

    <p class='ocr_par' dir='ltr' id='par_1_15' title="bbox 126 2841 871 2888">
     <span class='ocr_line' id='line_1_47' title="bbox 126 2841 871 2888; baseline -0.003 -5"><span class='ocrx_word' id='word_1_323' title='bbox 126 2850 216 2884; x_wconf 76' lang='grc' dir='ltr'>Ητοι</span> <span class='ocrx_word' id='word_1_324' title='bbox 232 2848 247 2885; x_wconf 84' lang='grc' dir='ltr'>ὁ</span> <span class='ocrx_word' id='word_1_325' title='bbox 262 2846 453 2884; x_wconf 54' lang='lat' dir='ltr'>uxori-resino</span> <span class='ocrx_word' id='word_1_326' title='bbox 464 2847 507 2885; x_wconf 66' lang='lat' dir='ltr'>‘rb</span> <span class='ocrx_word' id='word_1_327' title='bbox 521 2847 658 2888; x_wconf 76' lang='grc' dir='ltr'><strong><em>Α’λῆισν</em></strong></span> <span class='ocrx_word' id='word_1_328' title='bbox 673 2841 736 2887; x_wconf 71' lang='grc' dir='ltr'>ἶιος</span> <span class='ocrx_word' id='word_1_329' title='bbox 749 2845 871 2884; x_wconf 69' lang='grc' dir='ltr'>ἀλᾶτο</span> 
     </span>
    </p>

    <p class='ocr_par' dir='ltr' id='par_1_16' title="bbox 73 2896 1105 3063">
     <span class='ocr_line' id='line_1_48' title="bbox 125 2896 1000 2944; baseline -0.001 -10"><span class='ocrx_word' id='word_1_330' title='bbox 125 2900 280 2944; x_wconf 75' lang='grc' dir='ltr'>Ονουμὸν</span> <span class='ocrx_word' id='word_1_331' title='bbox 292 2897 448 2934; x_wconf 64' lang='grc' dir='ltr'><em>κατέδων</em></span> <span class='ocrx_word' id='word_1_332' title='bbox 461 2925 470 2941; x_wconf 87' lang='grc'><strong><em>,</em></strong></span> <span class='ocrx_word' id='word_1_333' title='bbox 483 2897 596 2934; x_wconf 70' lang='grc' dir='ltr'><em>πάτον</em></span> <span class='ocrx_word' id='word_1_334' title='bbox 617 2898 794 2942; x_wconf 75' lang='grc' dir='ltr'>ἀνθρώπων</span> <span class='ocrx_word' id='word_1_335' title='bbox 815 2896 1000 2933; x_wconf 50' lang='lat' dir='ltr'>classium.</span> 
     </span>
     <span class='ocr_line' id='line_1_49' title="bbox 73 2963 1105 3054; baseline -0.002 -52"><span class='ocrx_word' id='word_1_336' title='bbox 73 2963 179 3002; x_wconf 86' lang='lat' dir='ltr'>Haec</span> <span class='ocrx_word' id='word_1_337' title='bbox 205 2965 364 3054; x_wconf 35' lang='lat' dir='ltr'>carriiaeiina</span> <span class='ocrx_word' id='word_1_338' title='bbox 387 2964 464 3002; x_wconf 88' lang='lat' dir='ltr'>Cic.</span> <span class='ocrx_word' id='word_1_339' title='bbox 484 2964 600 3002; x_wconf 84' lang='lat' dir='ltr'>inur.</span> <span class='ocrx_word' id='word_1_340' title='bbox 625 2964 714 3002; x_wconf 76' lang='lat' dir='ltr'>Tus.</span> <span class='ocrx_word' id='word_1_341' title='bbox 741 2975 819 3013; x_wconf 88' lang='lat' dir='ltr'>cap.</span> <span class='ocrx_word' id='word_1_342' title='bbox 832 2964 890 3002; x_wconf 85' lang='lat'>26.</span> <span class='ocrx_word' id='word_1_343' title='bbox 927 2964 975 3001; x_wconf 92' lang='lat' dir='ltr'>ita</span> <span class='ocrx_word' id='word_1_344' title='bbox 992 2963 1105 3001; x_wconf 84' lang='lat' dir='ltr'>inter-</span> 
     </span>
     <span class='ocr_line' id='line_1_50' title="bbox 73 3023 320 3063; baseline 0 -11"><span class='ocrx_word' id='word_1_345' title='bbox 73 3023 229 3063; x_wconf 80' lang='lat' dir='ltr'>pretatus</span> <span class='ocrx_word' id='word_1_346' title='bbox 251 3028 268 3054; x_wconf 86' lang='lat' dir='ltr'>e</span> <span class='ocrx_word' id='word_1_347' title='bbox 312 3028 320 3052; x_wconf 91' lang='lat'>:</span> 
     </span>
    </p>
   </div>
   <div class='ocr_carea' id='block_1_14' title="bbox 124 3077 1060 3182">
    <p class='ocr_par' dir='ltr' id='par_1_17' title="bbox 124 3077 1060 3182">
     <span class='ocr_line' id='line_1_51' title="bbox 124 3077 971 3132; baseline -0.006 -13"><span class='ocrx_word' id='word_1_348' title='bbox 124 3084 198 3131; x_wconf 47' lang='lat' dir='ltr'>(yffi</span> <span class='ocrx_word' id='word_1_349' title='bbox 220 3084 318 3132; x_wconf 79' lang='lat' dir='ltr'>miser</span> <span class='ocrx_word' id='word_1_350' title='bbox 337 3082 375 3120; x_wconf 84' lang='lat' dir='ltr'>in</span> <span class='ocrx_word' id='word_1_351' title='bbox 395 3080 520 3131; x_wconf 81' lang='lat' dir='ltr'>campis</span> <span class='ocrx_word' id='word_1_352' title='bbox 542 3092 688 3117; x_wconf 77' lang='lat' dir='ltr'>moerens</span> <span class='ocrx_word' id='word_1_353' title='bbox 710 3079 850 3116; x_wconf 78' lang='lat' dir='ltr'>errabat</span> <span class='ocrx_word' id='word_1_354' title='bbox 873 3077 971 3115; x_wconf 81' lang='lat' dir='ltr'>Aleis</span> 
     </span>
     <span class='ocr_line' id='line_1_52' title="bbox 129 3128 1060 3182; baseline -0.005 -13"><span class='ocrx_word' id='word_1_355' title='bbox 129 3135 196 3182; x_wconf 80' lang='lat' dir='ltr'>lpse</span> <span class='ocrx_word' id='word_1_356' title='bbox 209 3136 314 3182; x_wconf 84' lang='lat' dir='ltr'>suum</span> <span class='ocrx_word' id='word_1_357' title='bbox 334 3147 387 3171; x_wconf 87' lang='lat' dir='ltr'>cor</span> <span class='ocrx_word' id='word_1_358' title='bbox 406 3134 501 3172; x_wconf 80' lang='lat' dir='ltr'>edens</span> <span class='ocrx_word' id='word_1_359' title='bbox 517 3160 527 3176; x_wconf 94' lang='lat'>‚</span> <span class='ocrx_word' id='word_1_360' title='bbox 556 3131 737 3167; x_wconf 85' lang='lat' dir='ltr'>hominum</span> <span class='ocrx_word' id='word_1_361' title='bbox 761 3128 903 3177; x_wconf 79' lang='lat' dir='ltr'>vestigia</span> <span class='ocrx_word' id='word_1_362' title='bbox 921 3128 1060 3165; x_wconf 78' lang='lat' dir='ltr'>vitans.</span> 
     </span>
    </p>
   </div>
   <div class='ocr_carea' id='block_1_15' title="bbox 77 3191 1112 3250">
    <p class='ocr_par' dir='ltr' id='par_1_18' title="bbox 77 3191 1112 3250">
     <span class='ocr_line' id='line_1_53' title="bbox 77 3191 1112 3250; baseline -0.012 -9"><span class='ocrx_word' id='word_1_363' title='bbox 77 3200 155 3249; x_wconf 85' lang='lat' dir='ltr'>Qui</span> <span class='ocrx_word' id='word_1_364' title='bbox 165 3200 305 3246; x_wconf 86' lang='lat' dir='ltr'>versus,</span> <span class='ocrx_word' id='word_1_365' title='bbox 326 3197 429 3250; x_wconf 82' lang='lat' dir='ltr'>quod</span> <span class='ocrx_word' id='word_1_366' title='bbox 449 3195 495 3237; x_wconf 87' lang='lat' dir='ltr'>ad</span> <span class='ocrx_word' id='word_1_367' title='bbox 513 3195 617 3235; x_wconf 76' lang='lat' dir='ltr'>Aleos</span> <span class='ocrx_word' id='word_1_368' title='bbox 637 3205 787 3245; x_wconf 81' lang='lat' dir='ltr'>campos</span> <span class='ocrx_word' id='word_1_369' title='bbox 804 3191 978 3232; x_wconf 82' lang='lat' dir='ltr'>attinebat</span> <span class='ocrx_word' id='word_1_370' title='bbox 991 3217 1003 3238; x_wconf 87' lang='lat'>,</span> <span class='ocrx_word' id='word_1_371' title='bbox 1029 3200 1112 3238; x_wconf 49' lang='lat' dir='ltr'>core</span> 
     </span>
    </p>
   </div>
   <div class='ocr_carea' id='block_1_16' title="bbox 2065 515 2216 589">
    <p class='ocr_par' dir='ltr' id='par_1_19' title="bbox 2065 515 2216 589">
     <span class='ocr_line' id='line_1_54' title="bbox 2065 515 2216 589; baseline -0.04 0"><span class='ocrx_word' id='word_1_372' title='bbox 2065 515 2216 589; x_wconf 63' lang='lat' dir='ltr'>Qua-i</span> 
     </span>
    </p>
   </div>
   <div class='ocr_carea' id='block_1_17' title="bbox 1160 643 2218 1972">
    <p class='ocr_par' dir='ltr' id='par_1_20' title="bbox 1160 643 2218 1972">
     <span class='ocr_line' id='line_1_55' title="bbox 1170 643 2216 699; baseline 0.011 -20"><span class='ocrx_word' id='word_1_373' title='bbox 1170 648 1276 699; x_wconf 82' lang='lat' dir='ltr'>rupte</span> <span class='ocrx_word' id='word_1_374' title='bbox 1296 650 1382 681; x_wconf 86' lang='lat' dir='ltr'>ante</span> <span class='ocrx_word' id='word_1_375' title='bbox 1400 643 1527 682; x_wconf 88' lang='lat' dir='ltr'>habuit</span> <span class='ocrx_word' id='word_1_376' title='bbox 1546 644 1680 684; x_wconf 78' lang='lat' dir='ltr'>alienis.</span> <span class='ocrx_word' id='word_1_377' title='bbox 1733 645 1833 686; x_wconf 67' lang='lat' dir='ltr'>Diffi</span> <span class='ocrx_word' id='word_1_378' title='bbox 1865 655 1987 686; x_wconf 84' lang='lat' dir='ltr'>autem</span> <span class='ocrx_word' id='word_1_379' title='bbox 2004 649 2094 688; x_wconf 74' lang='lat' dir='ltr'>&#39;Alei</span> <span class='ocrx_word' id='word_1_380' title='bbox 2112 658 2216 693; x_wconf 67' lang='lat' dir='ltr'>cam:</span> 
     </span>
     <span class='ocr_line' id='line_1_56' title="bbox 1172 693 2214 744; baseline 0.013 -17"><span class='ocrx_word' id='word_1_381' title='bbox 1172 703 1235 741; x_wconf 74' lang='lat' dir='ltr'>pr,</span> <span class='ocrx_word' id='word_1_382' title='bbox 1262 693 1331 730; x_wconf 69' lang='grc' dir='ltr'>ἄτό</span> <span class='ocrx_word' id='word_1_383' title='bbox 1352 695 1417 736; x_wconf 72' lang='grc' dir='ltr'>τῆς</span> <span class='ocrx_word' id='word_1_384' title='bbox 1440 695 1554 740; x_wconf 66' lang='grc' dir='ltr'><em>ἄλης,</em></span> <span class='ocrx_word' id='word_1_385' title='bbox 1582 697 1619 735; x_wconf 88' lang='lat' dir='ltr'>id</span> <span class='ocrx_word' id='word_1_386' title='bbox 1642 697 1712 743; x_wconf 87' lang='lat' dir='ltr'>est,</span> <span class='ocrx_word' id='word_1_387' title='bbox 1741 710 1884 737; x_wconf 85' lang='lat' dir='ltr'>errore:</span> <span class='ocrx_word' id='word_1_388' title='bbox 1914 699 2086 738; x_wconf 86' lang='lat' dir='ltr'>traditum</span> <span class='ocrx_word' id='word_1_389' title='bbox 2110 705 2214 744; x_wconf 82' lang='lat' dir='ltr'>enim</span> 
     </span>
     <span class='ocr_line' id='line_1_57' title="bbox 1175 742 2217 799; baseline 0.012 -19"><span class='ocrx_word' id='word_1_390' title='bbox 1175 742 1351 792; x_wconf 88' lang='lat' dir='ltr'>estipsum</span> <span class='ocrx_word' id='word_1_391' title='bbox 1366 744 1690 794; x_wconf 84' lang='lat' dir='ltr'>Bellerophontem</span> <span class='ocrx_word' id='word_1_392' title='bbox 1704 749 1839 788; x_wconf 88' lang='lat' dir='ltr'>elatum</span> <span class='ocrx_word' id='word_1_393' title='bbox 1852 762 1973 787; x_wconf 89' lang='lat' dir='ltr'>rerum</span> <span class='ocrx_word' id='word_1_394' title='bbox 1993 754 2217 799; x_wconf 76' lang='lat' dir='ltr'>magnitudi-</span> 
     </span>
     <span class='ocr_line' id='line_1_58' title="bbox 1174 794 2218 851; baseline 0.011 -20"><span class='ocrx_word' id='word_1_395' title='bbox 1174 805 1248 839; x_wconf 90' lang='lat' dir='ltr'>ne,</span> <span class='ocrx_word' id='word_1_396' title='bbox 1275 806 1364 844; x_wconf 86' lang='lat' dir='ltr'>quas</span> <span class='ocrx_word' id='word_1_397' title='bbox 1391 794 1559 845; x_wconf 77' lang='lat' dir='ltr'>gesserat,</span> <span class='ocrx_word' id='word_1_398' title='bbox 1591 798 1634 836; x_wconf 87' lang='lat' dir='ltr'>ad</span> <span class='ocrx_word' id='word_1_399' title='bbox 1665 800 1808 838; x_wconf 88' lang='lat' dir='ltr'>caelum</span> <span class='ocrx_word' id='word_1_400' title='bbox 1829 801 1977 838; x_wconf 87' lang='lat' dir='ltr'>volandi</span> <span class='ocrx_word' id='word_1_401' title='bbox 2010 804 2185 850; x_wconf 71' lang='lat' dir='ltr'>cupidum</span> <span class='ocrx_word' id='word_1_402' title='bbox 2199 799 2218 851; x_wconf 74' lang='lat'>‚³</span> 
     </span>
     <span class='ocr_line' id='line_1_59' title="bbox 1172 844 2214 901; baseline 0.011 -19"><span class='ocrx_word' id='word_1_403' title='bbox 1172 844 1299 894; x_wconf 82' lang='lat' dir='ltr'>Pegafi</span> <span class='ocrx_word' id='word_1_404' title='bbox 1316 847 1401 896; x_wconf 89' lang='lat' dir='ltr'>equi</span> <span class='ocrx_word' id='word_1_405' title='bbox 1430 847 1554 896; x_wconf 85' lang='lat' dir='ltr'>aligeri</span> <span class='ocrx_word' id='word_1_406' title='bbox 1585 861 1695 897; x_wconf 89' lang='lat' dir='ltr'>opera</span> <span class='ocrx_word' id='word_1_407' title='bbox 1722 851 1822 888; x_wconf 86' lang='lat' dir='ltr'>usum</span> <span class='ocrx_word' id='word_1_408' title='bbox 1838 879 1849 896; x_wconf 91' lang='lat'><strong>‚</strong></span> <span class='ocrx_word' id='word_1_409' title='bbox 1877 852 1912 889; x_wconf 90' lang='lat' dir='ltr'>id</span> <span class='ocrx_word' id='word_1_410' title='bbox 1933 852 2037 901; x_wconf 78' lang='lat' dir='ltr'>quod</span> <span class='ocrx_word' id='word_1_411' title='bbox 2058 854 2214 895; x_wconf 75' lang='lat' dir='ltr'>moleste</span> 
     </span>
     <span class='ocr_line' id='line_1_60' title="bbox 1176 894 2215 953; baseline 0.013 -20"><span class='ocrx_word' id='word_1_412' title='bbox 1176 894 1314 944; x_wconf 86' lang='lat' dir='ltr'>Iupiter</span> <span class='ocrx_word' id='word_1_413' title='bbox 1324 898 1442 935; x_wconf 84' lang='lat' dir='ltr'>ferens</span> <span class='ocrx_word' id='word_1_414' title='bbox 1455 926 1465 941; x_wconf 90' lang='lat'>,</span> <span class='ocrx_word' id='word_1_415' title='bbox 1494 899 1653 937; x_wconf 78' lang='lat' dir='ltr'>oestrum</span> <span class='ocrx_word' id='word_1_416' title='bbox 1668 901 1961 949; x_wconf 74' lang='lat' dir='ltr'>immjfitPegaso</span> <span class='ocrx_word' id='word_1_417' title='bbox 1977 931 1987 944; x_wconf 87' lang='lat'>‚</span> <span class='ocrx_word' id='word_1_418' title='bbox 2001 916 2112 953; x_wconf 87' lang='lat' dir='ltr'>quare</span> <span class='ocrx_word' id='word_1_419' title='bbox 2127 906 2215 946; x_wconf 78' lang='lat' dir='ltr'>inde</span> 
     </span>
     <span class='ocr_line' id='line_1_61' title="bbox 1174 945 2213 1002; baseline 0.011 -18"><span class='ocrx_word' id='word_1_420' title='bbox 1174 945 1338 986; x_wconf 85' lang='lat' dir='ltr'>excussus</span> <span class='ocrx_word' id='word_1_421' title='bbox 1356 949 1392 986; x_wconf 87' lang='lat' dir='ltr'>in</span> <span class='ocrx_word' id='word_1_422' title='bbox 1406 960 1522 998; x_wconf 87' lang='lat' dir='ltr'>aquae</span> <span class='ocrx_word' id='word_1_423' title='bbox 1541 961 1714 999; x_wconf 89' lang='lat' dir='ltr'>campum</span> <span class='ocrx_word' id='word_1_424' title='bbox 1748 951 1907 996; x_wconf 86' lang='lat' dir='ltr'>decidit,</span> <span class='ocrx_word' id='word_1_425' title='bbox 1933 955 1995 1002; x_wconf 87' lang='lat' dir='ltr'>qui</span> <span class='ocrx_word' id='word_1_426' title='bbox 2025 956 2070 992; x_wconf 92' lang='lat' dir='ltr'>de</span> <span class='ocrx_word' id='word_1_427' title='bbox 2090 958 2213 995; x_wconf 88' lang='lat' dir='ltr'>conti-</span> 
     </span>
     <span class='ocr_line' id='line_1_62' title="bbox 1173 1001 2212 1053; baseline 0.009 -18"><span class='ocrx_word' id='word_1_428' title='bbox 1173 1008 1250 1036; x_wconf 93' lang='lat' dir='ltr'>nuo</span> <span class='ocrx_word' id='word_1_429' title='bbox 1269 1010 1390 1037; x_wconf 89' lang='lat' dir='ltr'>errore</span> <span class='ocrx_word' id='word_1_430' title='bbox 1410 1001 1546 1047; x_wconf 85' lang='lat' dir='ltr'>primus</span> <span class='ocrx_word' id='word_1_431' title='bbox 1557 1001 1791 1040; x_wconf 87' lang='lat' dir='ltr'>Aleinomen</span> <span class='ocrx_word' id='word_1_432' title='bbox 1804 1002 1916 1040; x_wconf 88' lang='lat' dir='ltr'>dedit.</span> <span class='ocrx_word' id='word_1_433' title='bbox 1943 1015 2054 1051; x_wconf 84' lang='lat' dir='ltr'>quern</span> <span class='ocrx_word' id='word_1_434' title='bbox 2070 1017 2212 1053; x_wconf 81' lang='lat' dir='ltr'>equum</span> 
     </span>
     <span class='ocr_line' id='line_1_63' title="bbox 1172 1049 2211 1104; baseline 0.008 -18"><span class='ocrx_word' id='word_1_435' title='bbox 1172 1059 1263 1086; x_wconf 81' lang='lat' dir='ltr'>mox</span> <span class='ocrx_word' id='word_1_436' title='bbox 1291 1049 1437 1088; x_wconf 87' lang='lat' dir='ltr'>Aurora</span> <span class='ocrx_word' id='word_1_437' title='bbox 1464 1049 1485 1087; x_wconf 69' lang='grc' dir='ltr'>ἐι</span> <span class='ocrx_word' id='word_1_438' title='bbox 1505 1051 1601 1098; x_wconf 90' lang='lat' dir='ltr'>Jove</span> <span class='ocrx_word' id='word_1_439' title='bbox 1621 1064 1755 1091; x_wconf 86' lang='lat' dir='ltr'>munus</span> <span class='ocrx_word' id='word_1_440' title='bbox 1775 1057 1939 1101; x_wconf 86' lang='lat' dir='ltr'>accepit,</span> <span class='ocrx_word' id='word_1_441' title='bbox 1953 1057 2119 1092; x_wconf 80' lang='lat' dir='ltr'>continui</span> <span class='ocrx_word' id='word_1_442' title='bbox 2133 1058 2211 1104; x_wconf 79' lang='lat' dir='ltr'>ejus</span> 
     </span>
     <span class='ocr_line' id='line_1_64' title="bbox 1172 1100 2213 1152; baseline 0.008 -15"><span class='ocrx_word' id='word_1_443' title='bbox 1172 1100 1290 1138; x_wconf 88' lang='lat' dir='ltr'>cursus</span> <span class='ocrx_word' id='word_1_444' title='bbox 1315 1101 1497 1138; x_wconf 85' lang='lat' dir='ltr'>solatium.</span> <span class='ocrx_word' id='word_1_445' title='bbox 1527 1102 1607 1141; x_wconf 88' lang='lat' dir='ltr'>sunt</span> <span class='ocrx_word' id='word_1_446' title='bbox 1639 1105 1701 1152; x_wconf 86' lang='lat' dir='ltr'>qui</span> <span class='ocrx_word' id='word_1_447' title='bbox 1728 1104 1881 1151; x_wconf 87' lang='lat' dir='ltr'>aspirent</span> <span class='ocrx_word' id='word_1_448' title='bbox 1913 1104 2115 1143; x_wconf 63' lang='lat' dir='ltr'>dictionem</span> <span class='ocrx_word' id='word_1_449' title='bbox 2135 1108 2213 1147; x_wconf 64' lang='lat' dir='ltr'>&amp;orb</span> 
     </span>
     <span class='ocr_line' id='line_1_65' title="bbox 1171 1151 2213 1205; baseline 0.008 -16"><span class='ocrx_word' id='word_1_450' title='bbox 1171 1153 1239 1189; x_wconf 70' lang='grc' dir='ltr'>τῶν</span> <span class='ocrx_word' id='word_1_451' title='bbox 1258 1151 1354 1188; x_wconf 76' lang='grc' dir='ltr'>ἁλῶν</span> <span class='ocrx_word' id='word_1_452' title='bbox 1374 1155 1615 1197; x_wconf 71' lang='grc' dir='ltr'><em>πηγνυμένων,</em></span> <span class='ocrx_word' id='word_1_453' title='bbox 1643 1155 1774 1193; x_wconf 65' lang='lat' dir='ltr'>Dictus</span> <span class='ocrx_word' id='word_1_454' title='bbox 1801 1164 1925 1193; x_wconf 88' lang='lat' dir='ltr'>autem</span> <span class='ocrx_word' id='word_1_455' title='bbox 1948 1155 2213 1205; x_wconf 86' lang='lat' dir='ltr'>Bellerophon-</span> 
     </span>
     <span class='ocr_line' id='line_1_66' title="bbox 1169 1201 2211 1254; baseline 0.008 -14"><span class='ocrx_word' id='word_1_456' title='bbox 1169 1209 1244 1245; x_wconf 91' lang='lat' dir='ltr'>tes,</span> <span class='ocrx_word' id='word_1_457' title='bbox 1272 1202 1333 1241; x_wconf 90' lang='lat' dir='ltr'>seu</span> <span class='ocrx_word' id='word_1_458' title='bbox 1355 1201 1599 1252; x_wconf 83' lang='lat' dir='ltr'>Bellerophon</span> <span class='ocrx_word' id='word_1_459' title='bbox 1623 1233 1633 1248; x_wconf 93' lang='lat'>,</span> <span class='ocrx_word' id='word_1_460' title='bbox 1679 1207 1744 1254; x_wconf 90' lang='lat' dir='ltr'>qui</span> <span class='ocrx_word' id='word_1_461' title='bbox 1773 1215 1858 1243; x_wconf 89' lang='lat' dir='ltr'>ante</span> <span class='ocrx_word' id='word_1_462' title='bbox 1891 1207 2139 1253; x_wconf 78' lang='lat' dir='ltr'>Hipponoe&#39;s,</span> <span class='ocrx_word' id='word_1_463' title='bbox 2166 1208 2211 1249; x_wconf 82' lang='lat' dir='ltr'>ab</span> 
     </span>
     <span class='ocr_line' id='line_1_67' title="bbox 1169 1253 2210 1297; baseline 0.007 -7"><span class='ocrx_word' id='word_1_464' title='bbox 1169 1253 1367 1292; x_wconf 64' lang='lat' dir='ltr'>interfecto</span> <span class='ocrx_word' id='word_1_465' title='bbox 1389 1253 1531 1292; x_wconf 85' lang='lat' dir='ltr'>Bellero</span> <span class='ocrx_word' id='word_1_466' title='bbox 1546 1256 1760 1294; x_wconf 86' lang='lat' dir='ltr'>Corinthio.</span> <span class='ocrx_word' id='word_1_467' title='bbox 1814 1256 2037 1295; x_wconf 63' lang='lat' dir='ltr'>Eomrrus.</span> <span class='ocrx_word' id='word_1_468' title='bbox 2060 1270 2136 1295; x_wconf 86' lang='lat' dir='ltr'>non</span> <span class='ocrx_word' id='word_1_469' title='bbox 2158 1273 2210 1297; x_wconf 79' lang='lat' dir='ltr'>ce-</span> 
     </span>
     <span class='ocr_line' id='line_1_68' title="bbox 1169 1304 2212 1356; baseline 0.008 -15"><span class='ocrx_word' id='word_1_470' title='bbox 1169 1304 1254 1342; x_wconf 87' lang='lat' dir='ltr'>cidit</span> <span class='ocrx_word' id='word_1_471' title='bbox 1272 1304 1332 1343; x_wconf 87' lang='lat' dir='ltr'>sed</span> <span class='ocrx_word' id='word_1_472' title='bbox 1358 1304 1484 1342; x_wconf 86' lang='lat' dir='ltr'>decidit</span> <span class='ocrx_word' id='word_1_473' title='bbox 1514 1306 1562 1344; x_wconf 88' lang='lat' dir='ltr'>est</span> <span class='ocrx_word' id='word_1_474' title='bbox 1594 1307 1790 1356; x_wconf 79' lang='lat' dir='ltr'>legendum</span> <span class='ocrx_word' id='word_1_475' title='bbox 1809 1335 1819 1350; x_wconf 87' lang='lat'>‚</span> <span class='ocrx_word' id='word_1_476' title='bbox 1846 1319 1894 1345; x_wconf 90' lang='lat' dir='ltr'>ne</span> <span class='ocrx_word' id='word_1_477' title='bbox 1923 1308 2052 1356; x_wconf 85' lang='lat' dir='ltr'>syllaba</span> <span class='ocrx_word' id='word_1_478' title='bbox 2073 1309 2212 1355; x_wconf 79' lang='lat' dir='ltr'>claudi-¹</span> 
     </span>
     <span class='ocr_line' id='line_1_69' title="bbox 1171 1355 2209 1407; baseline 0.006 -15"><span class='ocrx_word' id='word_1_479' title='bbox 1171 1364 1240 1393; x_wconf 89' lang='lat' dir='ltr'>cet.</span> <span class='ocrx_word' id='word_1_480' title='bbox 1267 1355 1358 1394; x_wconf 89' lang='lat' dir='ltr'>Sunt</span> <span class='ocrx_word' id='word_1_481' title='bbox 1383 1365 1506 1394; x_wconf 90' lang='lat' dir='ltr'>autem</span> <span class='ocrx_word' id='word_1_482' title='bbox 1531 1385 1542 1402; x_wconf 94' lang='lat'>,</span> <span class='ocrx_word' id='word_1_483' title='bbox 1579 1359 1640 1406; x_wconf 89' lang='lat' dir='ltr'>qui</span> <span class='ocrx_word' id='word_1_484' title='bbox 1667 1370 1745 1395; x_wconf 87' lang='lat' dir='ltr'>non</span> <span class='ocrx_word' id='word_1_485' title='bbox 1774 1358 1919 1396; x_wconf 80' lang='lat' dir='ltr'>alienis.</span> <span class='ocrx_word' id='word_1_486' title='bbox 1948 1358 2007 1396; x_wconf 77' lang='lat' dir='ltr'>scd</span> <span class='ocrx_word' id='word_1_487' title='bbox 2030 1371 2065 1396; x_wconf 84' lang='lat' dir='ltr'>in</span> <span class='ocrx_word' id='word_1_488' title='bbox 2089 1360 2209 1407; x_wconf 81' lang='lat' dir='ltr'>Aleis,</span> 
     </span>
     <span class='ocr_line' id='line_1_70' title="bbox 1166 1405 2210 1460; baseline 0.007 -17"><span class='ocrx_word' id='word_1_489' title='bbox 1166 1405 1316 1456; x_wconf 87' lang='lat' dir='ltr'>legunt,</span> <span class='ocrx_word' id='word_1_490' title='bbox 1347 1414 1387 1444; x_wconf 89' lang='lat' dir='ltr'>ut</span> <span class='ocrx_word' id='word_1_491' title='bbox 1399 1407 1511 1445; x_wconf 72' lang='lat' dir='ltr'>Poeta</span> <span class='ocrx_word' id='word_1_492' title='bbox 1531 1407 1576 1446; x_wconf 90' lang='lat' dir='ltr'>ad</span> <span class='ocrx_word' id='word_1_493' title='bbox 1589 1420 1739 1456; x_wconf 88' lang='lat' dir='ltr'>campos</span> <span class='ocrx_word' id='word_1_494' title='bbox 1760 1410 1890 1446; x_wconf 90' lang='lat' dir='ltr'>referat</span> <span class='ocrx_word' id='word_1_495' title='bbox 1912 1409 2049 1453; x_wconf 71' lang='lat' dir='ltr'>Aleos,</span> <span class='ocrx_word' id='word_1_496' title='bbox 2076 1411 2111 1447; x_wconf 89' lang='lat' dir='ltr'>in</span> <span class='ocrx_word' id='word_1_497' title='bbox 2126 1412 2210 1460; x_wconf 75' lang='lat' dir='ltr'>qui-</span> 
     </span>
     <span class='ocr_line' id='line_1_71' title="bbox 1167 1457 2210 1508; baseline 0.006 -13"><span class='ocrx_word' id='word_1_498' title='bbox 1167 1457 1232 1496; x_wconf 87' lang='lat' dir='ltr'>bus</span> <span class='ocrx_word' id='word_1_499' title='bbox 1244 1459 1436 1496; x_wconf 89' lang='lat' dir='ltr'>Homerus</span> <span class='ocrx_word' id='word_1_500' title='bbox 1447 1458 1484 1495; x_wconf 92' lang='lat' dir='ltr'>in</span> <span class='ocrx_word' id='word_1_501' title='bbox 1496 1458 1596 1497; x_wconf 88' lang='lat' dir='ltr'>sexto</span> <span class='ocrx_word' id='word_1_502' title='bbox 1608 1459 1740 1498; x_wconf 87' lang='lat' dir='ltr'>Iliados</span> <span class='ocrx_word' id='word_1_503' title='bbox 1753 1459 1868 1497; x_wconf 86' lang='lat' dir='ltr'>scribit</span> <span class='ocrx_word' id='word_1_504' title='bbox 1883 1459 2210 1508; x_wconf 69' lang='lat' dir='ltr'>Bellerophon&#39;em</span> 
     </span>
     <span class='ocr_line' id='line_1_72' title="bbox 1168 1508 2211 1560; baseline 0.005 -14"><span class='ocrx_word' id='word_1_505' title='bbox 1168 1520 1231 1557; x_wconf 91' lang='lat' dir='ltr'>per</span> <span class='ocrx_word' id='word_1_506' title='bbox 1251 1509 1386 1547; x_wconf 88' lang='lat' dir='ltr'>Antiae</span> <span class='ocrx_word' id='word_1_507' title='bbox 1405 1508 1719 1548; x_wconf 80' lang='lat' dir='ltr'>insimulationem</span> <span class='ocrx_word' id='word_1_508' title='bbox 1743 1511 1857 1548; x_wconf 89' lang='lat' dir='ltr'>vitam</span> <span class='ocrx_word' id='word_1_509' title='bbox 1880 1513 2082 1560; x_wconf 52' lang='lat' dir='ltr'>aegerrssrne</span> <span class='ocrx_word' id='word_1_510' title='bbox 2103 1523 2211 1551; x_wconf 90' lang='lat' dir='ltr'>com-</span> 
     </span>
     <span class='ocr_line' id='line_1_73' title="bbox 1167 1559 2206 1608; baseline 0.004 -12"><span class='ocrx_word' id='word_1_511' title='bbox 1167 1559 1315 1606; x_wconf 75' lang='lat' dir='ltr'>plevisse</span> <span class='ocrx_word' id='word_1_512' title='bbox 1334 1587 1346 1605; x_wconf 90' lang='lat'>‚</span> <span class='ocrx_word' id='word_1_513' title='bbox 1377 1560 1477 1608; x_wconf 84' lang='lat' dir='ltr'>cujus</span> <span class='ocrx_word' id='word_1_514' title='bbox 1497 1561 1616 1599; x_wconf 85' lang='lat' dir='ltr'>versus</span> <span class='ocrx_word' id='word_1_515' title='bbox 1644 1562 1700 1600; x_wconf 90' lang='lat' dir='ltr'>M.</span> <span class='ocrx_word' id='word_1_516' title='bbox 1722 1561 1866 1599; x_wconf 87' lang='lat' dir='ltr'>Tullius</span> <span class='ocrx_word' id='word_1_517' title='bbox 1884 1574 1934 1598; x_wconf 80' lang='lat'>111</span> <span class='ocrx_word' id='word_1_518' title='bbox 1950 1561 2059 1599; x_wconf 84' lang='lat' dir='ltr'>Tusc.</span> <span class='ocrx_word' id='word_1_519' title='bbox 2091 1570 2206 1601; x_wconf 83' lang='lat' dir='ltr'>trans-</span> 
     </span>
     <span class='ocr_line' id='line_1_74' title="bbox 1167 1610 2210 1660; baseline 0.005 -13"><span class='ocrx_word' id='word_1_520' title='bbox 1167 1610 1249 1648; x_wconf 83' lang='lat' dir='ltr'>fert.</span> <span class='ocrx_word' id='word_1_521' title='bbox 1275 1611 1356 1649; x_wconf 86' lang='lat' dir='ltr'>sunt</span> <span class='ocrx_word' id='word_1_522' title='bbox 1378 1611 1414 1649; x_wconf 67' lang='grc' dir='ltr'>ὅ(</span> <span class='ocrx_word' id='word_1_523' title='bbox 1430 1640 1440 1655; x_wconf 91' lang='grc'><strong>,</strong></span> <span class='ocrx_word' id='word_1_524' title='bbox 1469 1613 1532 1660; x_wconf 89' lang='lat' dir='ltr'>qui</span> <span class='ocrx_word' id='word_1_525' title='bbox 1551 1612 1673 1649; x_wconf 84' lang='lat' dir='ltr'>alienis</span> <span class='ocrx_word' id='word_1_526' title='bbox 1694 1612 1789 1649; x_wconf 77' lang='lat' dir='ltr'>ausis</span> <span class='ocrx_word' id='word_1_527' title='bbox 1808 1612 2030 1659; x_wconf 88' lang='lat' dir='ltr'>emendant,</span> <span class='ocrx_word' id='word_1_528' title='bbox 2061 1610 2104 1649; x_wconf 84' lang='lat' dir='ltr'>ab</span> <span class='ocrx_word' id='word_1_529' title='bbox 2124 1616 2210 1652; x_wconf 83' lang='lat' dir='ltr'>a&#39;e&#39;re</span> 
     </span>
     <span class='ocr_line' id='line_1_75' title="bbox 1167 1662 2212 1711; baseline 0.003 -13"><span class='ocrx_word' id='word_1_530' title='bbox 1167 1670 1396 1707; x_wconf 85' lang='lat' dir='ltr'>exponentes</span> <span class='ocrx_word' id='word_1_531' title='bbox 1415 1662 1537 1699; x_wconf 88' lang='lat' dir='ltr'>alieno</span> <span class='ocrx_word' id='word_1_532' title='bbox 1551 1690 1560 1705; x_wconf 94' lang='lat'>‚</span> <span class='ocrx_word' id='word_1_533' title='bbox 1589 1663 1625 1700; x_wconf 89' lang='lat' dir='ltr'>id</span> <span class='ocrx_word' id='word_1_534' title='bbox 1645 1664 1693 1701; x_wconf 85' lang='lat' dir='ltr'>est</span> <span class='ocrx_word' id='word_1_535' title='bbox 1713 1663 1839 1700; x_wconf 87' lang='lat' dir='ltr'>avium</span> <span class='ocrx_word' id='word_1_536' title='bbox 1854 1666 2028 1711; x_wconf 81' lang='lat' dir='ltr'>regione,</span> <span class='ocrx_word' id='word_1_537' title='bbox 2049 1674 2125 1700; x_wconf 91' lang='lat' dir='ltr'>non</span> <span class='ocrx_word' id='word_1_538' title='bbox 2137 1664 2212 1701; x_wconf 76' lang='lat' dir='ltr'>ho-&#39;</span> 
     </span>
     <span class='ocr_line' id='line_1_76' title="bbox 1169 1712 2210 1762; baseline 0.005 -14"><span class='ocrx_word' id='word_1_539' title='bbox 1169 1713 1324 1751; x_wconf 88' lang='lat' dir='ltr'>minum.</span> <span class='ocrx_word' id='word_1_540' title='bbox 1377 1712 1468 1750; x_wconf 88' lang='lat' dir='ltr'>Tibi</span> <span class='ocrx_word' id='word_1_541' title='bbox 1500 1713 1682 1761; x_wconf 84' lang='lat' dir='ltr'>integrum</span> <span class='ocrx_word' id='word_1_542' title='bbox 1722 1713 1763 1751; x_wconf 89' lang='lat' dir='ltr'>fit</span> <span class='ocrx_word' id='word_1_543' title='bbox 1796 1713 1930 1762; x_wconf 88' lang='lat' dir='ltr'>sequi,</span> <span class='ocrx_word' id='word_1_544' title='bbox 1978 1713 2078 1762; x_wconf 85' lang='lat' dir='ltr'>quod</span> <span class='ocrx_word' id='word_1_545' title='bbox 2106 1714 2210 1753; x_wconf 80' lang='lat' dir='ltr'>malis</span> 
     </span>
     <span class='ocr_line' id='line_1_77' title="bbox 1168 1762 2208 1811; baseline 0.004 -12"><span class='ocrx_word' id='word_1_546' title='bbox 1168 1762 1316 1801; x_wconf 61' lang='lat' dir='ltr'>Cowsr.</span> <span class='ocrx_word' id='word_1_547' title='bbox 1344 1762 1439 1801; x_wconf 57' lang='lat' dir='ltr'>Fan.</span> <span class='ocrx_word' id='word_1_548' title='bbox 1469 1763 1508 1800; x_wconf 90' lang='lat' dir='ltr'>In</span> <span class='ocrx_word' id='word_1_549' title='bbox 1532 1764 1630 1800; x_wconf 80' lang='lat' dir='ltr'>Aleis</span> <span class='ocrx_word' id='word_1_550' title='bbox 1657 1763 1853 1811; x_wconf 83' lang='lat' dir='ltr'>legendum</span> <span class='ocrx_word' id='word_1_551' title='bbox 1877 1763 1950 1807; x_wconf 92' lang='lat' dir='ltr'>est,</span> <span class='ocrx_word' id='word_1_552' title='bbox 1977 1775 2056 1801; x_wconf 86' lang='lat' dir='ltr'>non</span> <span class='ocrx_word' id='word_1_553' title='bbox 2075 1766 2208 1810; x_wconf 79' lang='lat' dir='ltr'>utqui—</span> 
     </span>
     <span class='ocr_line' id='line_1_78' title="bbox 1167 1812 2207 1859; baseline 0.001 -9"><span class='ocrx_word' id='word_1_554' title='bbox 1167 1812 1251 1850; x_wconf 88' lang='lat' dir='ltr'>dam</span> <span class='ocrx_word' id='word_1_555' title='bbox 1276 1814 1421 1851; x_wconf 85' lang='lat' dir='ltr'>codices</span> <span class='ocrx_word' id='word_1_556' title='bbox 1456 1813 1610 1859; x_wconf 83' lang='lat' dir='ltr'>habent,</span> <span class='ocrx_word' id='word_1_557' title='bbox 1646 1814 1790 1852; x_wconf 78' lang='lat' dir='ltr'>Alienis.</span> <span class='ocrx_word' id='word_1_558' title='bbox 1819 1814 2095 1852; x_wconf 79' lang='lat' dir='ltr'>Alluditautem</span> <span class='ocrx_word' id='word_1_559' title='bbox 2110 1815 2207 1852; x_wconf 73' lang='lat' dir='ltr'>Poe·-</span> 
     </span>
     <span class='ocr_line' id='line_1_79' title="bbox 1160 1864 2203 1915; baseline 0.001 -14"><span class='ocrx_word' id='word_1_560' title='bbox 1160 1875 1196 1909; x_wconf 75' lang='lat' dir='ltr'>ta</span> <span class='ocrx_word' id='word_1_561' title='bbox 1217 1864 1258 1902; x_wconf 89' lang='lat' dir='ltr'>ad</span> <span class='ocrx_word' id='word_1_562' title='bbox 1276 1865 1394 1903; x_wconf 85' lang='lat' dir='ltr'>versus</span> <span class='ocrx_word' id='word_1_563' title='bbox 1415 1865 1601 1910; x_wconf 88' lang='lat' dir='ltr'>Homeri,</span> <span class='ocrx_word' id='word_1_564' title='bbox 1626 1867 1689 1915; x_wconf 89' lang='lat' dir='ltr'>qui</span> <span class='ocrx_word' id='word_1_565' title='bbox 1710 1866 1755 1904; x_wconf 89' lang='lat' dir='ltr'>de</span> <span class='ocrx_word' id='word_1_566' title='bbox 1766 1864 2054 1914; x_wconf 87' lang='lat' dir='ltr'>Bellerophonte</span> <span class='ocrx_word' id='word_1_567' title='bbox 2072 1864 2203 1914; x_wconf 83' lang='lat' dir='ltr'>legun-</span> 
     </span>
     <span class='ocr_line' id='line_1_80' title="bbox 1160 1915 1671 1972; baseline -0.002 -20"><span class='ocrx_word' id='word_1_568' title='bbox 1160 1926 1219 1972; x_wconf 88' lang='lat' dir='ltr'>tur</span> <span class='ocrx_word' id='word_1_569' title='bbox 1242 1916 1342 1953; x_wconf 84' lang='lat' dir='ltr'>Iliad.</span> <span class='ocrx_word' id='word_1_570' title='bbox 1362 1928 1412 1953; x_wconf 84' lang='lat' dir='ltr'>vr.</span> <span class='ocrx_word' id='word_1_571' title='bbox 1441 1917 1514 1952; x_wconf 87' lang='lat' dir='ltr'>hoc</span> <span class='ocrx_word' id='word_1_572' title='bbox 1531 1915 1671 1955; x_wconf 91' lang='lat' dir='ltr'>modo:</span> 
     </span>
    </p>
   </div>
   <div class='ocr_carea' id='block_1_18' title="bbox 1155 1995 2203 2468">
    <p class='ocr_par' dir='ltr' id='par_1_21' title="bbox 1209 1995 2035 2046">
     <span class='ocr_line' id='line_1_81' title="bbox 1209 1995 2035 2046; baseline 0.002 -14"><span class='ocrx_word' id='word_1_573' title='bbox 1209 1995 1304 2032; x_wconf 82' lang='grc' dir='ltr'>Α’λλ’</span> <span class='ocrx_word' id='word_1_574' title='bbox 1322 1995 1374 2033; x_wconf 67' lang='lat' dir='ltr'>‘a&#39;re</span> <span class='ocrx_word' id='word_1_575' title='bbox 1392 1995 1430 2036; x_wconf 62' lang='grc' dir='ltr'>δὲ</span> <span class='ocrx_word' id='word_1_576' title='bbox 1448 1996 1593 2046; x_wconf 66' lang='grc' dir='ltr'>κᾴκεῖνος</span> <span class='ocrx_word' id='word_1_577' title='bbox 1611 1996 1780 2046; x_wconf 63' lang='grc' dir='ltr'><em>οἰκ-ἤχθετο</em></span> <span class='ocrx_word' id='word_1_578' title='bbox 1805 1996 1893 2034; x_wconf 60' lang='lat' dir='ltr'>mio-a</span> <span class='ocrx_word' id='word_1_579' title='bbox 1908 1999 2035 2045; x_wconf 65' lang='grc' dir='ltr'><strong><em>θεοῖο-ιν,</em></strong></span> 
     </span>
    </p>

    <p class='ocr_par' dir='ltr' id='par_1_22' title="bbox 1155 2045 2203 2468">
     <span class='ocr_line' id='line_1_82' title="bbox 1215 2045 1445 2088; baseline -0.013 -1"><span class='ocrx_word' id='word_1_580' title='bbox 1215 2045 1310 2087; x_wconf 62' lang='grc' dir='ltr'><strong><em>Ε”τοι</em></strong></span> <span class='ocrx_word' id='word_1_581' title='bbox 1331 2049 1345 2084; x_wconf 69' lang='grc' dir='ltr'>ὃ</span> <span class='ocrx_word' id='word_1_582' title='bbox 1369 2049 1445 2088; x_wconf 67' lang='grc' dir='ltr'>ἃς.</span> 
     </span>
     <span class='ocr_line' id='line_1_83' title="bbox 1162 2121 2200 2174; baseline 0.002 -11"><span class='ocrx_word' id='word_1_583' title='bbox 1162 2127 1260 2163; x_wconf 84' lang='lat' dir='ltr'>Nam</span> <span class='ocrx_word' id='word_1_584' title='bbox 1280 2126 1381 2174; x_wconf 93' lang='lat' dir='ltr'>quod</span> <span class='ocrx_word' id='word_1_585' title='bbox 1393 2127 1554 2163; x_wconf 85' lang='lat' dir='ltr'>Graecus</span> <span class='ocrx_word' id='word_1_586' title='bbox 1564 2127 1676 2172; x_wconf 75' lang='lat' dir='ltr'>poeta</span> <span class='ocrx_word' id='word_1_587' title='bbox 1691 2150 1701 2167; x_wconf 88' lang='lat'>,</span> <span class='ocrx_word' id='word_1_588' title='bbox 1728 2134 1791 2171; x_wconf 81' lang='lat' dir='ltr'>per</span> <span class='ocrx_word' id='word_1_589' title='bbox 1807 2121 2200 2173; x_wconf 76' lang='lat' dir='ltr'>diffolutionem,dixit</span> 
     </span>
     <span class='ocr_line' id='line_1_84' title="bbox 1157 2173 2202 2218; baseline 0.004 -7"><span class='ocrx_word' id='word_1_590' title='bbox 1157 2176 1301 2218; x_wconf 68' lang='grc' dir='ltr'>ἐιλήιον,</span> <span class='ocrx_word' id='word_1_591' title='bbox 1339 2176 1375 2213; x_wconf 91' lang='lat' dir='ltr'>id</span> <span class='ocrx_word' id='word_1_592' title='bbox 1405 2176 1556 2214; x_wconf 85' lang='lat' dir='ltr'>Latinus</span> <span class='ocrx_word' id='word_1_593' title='bbox 1579 2173 1809 2212; x_wconf 68' lang='lat' dir='ltr'>contractum</span> <span class='ocrx_word' id='word_1_594' title='bbox 1836 2175 1965 2212; x_wconf 66' lang='lat' dir='ltr'>Aleum</span> <span class='ocrx_word' id='word_1_595' title='bbox 1993 2177 2091 2213; x_wconf 85' lang='lat' dir='ltr'>fecit.</span> <span class='ocrx_word' id='word_1_596' title='bbox 2118 2177 2202 2215; x_wconf 81' lang='lat' dir='ltr'>Fuit</span> 
     </span>
     <span class='ocr_line' id='line_1_85' title="bbox 1157 2223 2203 2273; baseline 0 -9"><span class='ocrx_word' id='word_1_597' title='bbox 1157 2236 1282 2264; x_wconf 86' lang='lat' dir='ltr'>autem</span> <span class='ocrx_word' id='word_1_598' title='bbox 1294 2225 1405 2263; x_wconf 87' lang='lat' dir='ltr'>Aleus</span> <span class='ocrx_word' id='word_1_599' title='bbox 1417 2254 1427 2270; x_wconf 93' lang='lat'>‚</span> <span class='ocrx_word' id='word_1_600' title='bbox 1440 2226 1514 2263; x_wconf 90' lang='lat' dir='ltr'>five</span> <span class='ocrx_word' id='word_1_601' title='bbox 1533 2223 1681 2268; x_wconf 58' lang='lat' dir='ltr'>A‘affl&#39;oc</span> <span class='ocrx_word' id='word_1_602' title='bbox 1693 2236 1841 2273; x_wconf 88' lang='lat' dir='ltr'>campus</span> <span class='ocrx_word' id='word_1_603' title='bbox 1854 2226 2024 2272; x_wconf 86' lang='lat' dir='ltr'>Ciliciae,</span> <span class='ocrx_word' id='word_1_604' title='bbox 2046 2224 2122 2263; x_wconf 70' lang='grc' dir='ltr'>αἰπὺ</span> <span class='ocrx_word' id='word_1_605' title='bbox 2136 2227 2203 2270; x_wconf 73' lang='grc' dir='ltr'>τῆς</span> 
     </span>
     <span class='ocr_line' id='line_1_86' title="bbox 1158 2276 2200 2323; baseline 0 -8"><span class='ocrx_word' id='word_1_606' title='bbox 1158 2280 1221 2315; x_wconf 71' lang='grc' dir='ltr'>’τοῦ</span> <span class='ocrx_word' id='word_1_607' title='bbox 1232 2277 1518 2323; x_wconf 76' lang='grc' dir='ltr'><em>Βελλεροφόντου</em></span> <span class='ocrx_word' id='word_1_608' title='bbox 1537 2276 1650 2320; x_wconf 66' lang='grc' dir='ltr'><strong><em>ἄλης,</em></strong></span> <span class='ocrx_word' id='word_1_609' title='bbox 1680 2280 1827 2318; x_wconf 59' lang='lat' dir='ltr'>‘roua-8²5⁶</span> <span class='ocrx_word' id='word_1_610' title='bbox 1843 2278 2006 2322; x_wconf 58' lang='grc' dir='ltr'>πλάνης,</span> <span class='ocrx_word' id='word_1_611' title='bbox 2032 2287 2071 2316; x_wconf 87' lang='lat' dir='ltr'>ut</span> <span class='ocrx_word' id='word_1_612' title='bbox 2085 2278 2200 2315; x_wconf 84' lang='lat' dir='ltr'>Grae·</span> 
     </span>
     <span class='ocr_line' id='line_1_87' title="bbox 1158 2325 2201 2375; baseline 0 -10"><span class='ocrx_word' id='word_1_613' title='bbox 1158 2329 1189 2366; x_wconf 93' lang='lat' dir='ltr'>ci</span> <span class='ocrx_word' id='word_1_614' title='bbox 1213 2329 1382 2372; x_wconf 89' lang='lat' dir='ltr'>tradunt,</span> <span class='ocrx_word' id='word_1_615' title='bbox 1410 2327 1620 2375; x_wconf 85' lang='lat' dir='ltr'>appellatus.</span> <span class='ocrx_word' id='word_1_616' title='bbox 1674 2327 1789 2364; x_wconf 88' lang='lat' dir='ltr'>Porro</span> <span class='ocrx_word' id='word_1_617' title='bbox 1809 2325 1937 2363; x_wconf 85' lang='lat' dir='ltr'>eadem</span> <span class='ocrx_word' id='word_1_618' title='bbox 1953 2338 2047 2366; x_wconf 88' lang='lat' dir='ltr'>voce</span> <span class='ocrx_word' id='word_1_619' title='bbox 2071 2328 2201 2365; x_wconf 75' lang='lat' dir='ltr'>&amp;Cic-</span> 
     </span>
     <span class='ocr_line' id='line_1_88' title="bbox 1157 2377 2197 2428; baseline 0 -13"><span class='ocrx_word' id='word_1_620' title='bbox 1157 2380 1268 2416; x_wconf 83' lang='lat' dir='ltr'>utitur</span> <span class='ocrx_word' id='word_1_621' title='bbox 1299 2380 1336 2416; x_wconf 88' lang='lat' dir='ltr'>in</span> <span class='ocrx_word' id='word_1_622' title='bbox 1357 2389 1425 2416; x_wconf 81' lang='lat'>111.</span> <span class='ocrx_word' id='word_1_623' title='bbox 1451 2377 1602 2417; x_wconf 87' lang='lat' dir='ltr'>Tuscul.</span> <span class='ocrx_word' id='word_1_624' title='bbox 1635 2377 1754 2416; x_wconf 88' lang='lat' dir='ltr'>versus</span> <span class='ocrx_word' id='word_1_625' title='bbox 1782 2378 1943 2416; x_wconf 89' lang='lat' dir='ltr'>Homeri</span> <span class='ocrx_word' id='word_1_626' title='bbox 1983 2388 2171 2428; x_wconf 82' lang='lat' dir='ltr'>exponens</span> <span class='ocrx_word' id='word_1_627' title='bbox 2179 2393 2197 2425; x_wconf 66' lang='lat' dir='ltr'>i</span> 
     </span>
     <span class='ocr_line' id='line_1_89' title="bbox 1155 2429 1965 2468; baseline -0.01 -2"><span class='ocrx_word' id='word_1_628' title='bbox 1155 2429 1229 2468; x_wconf 90' lang='lat' dir='ltr'>hoc</span> <span class='ocrx_word' id='word_1_629' title='bbox 1251 2429 1390 2467; x_wconf 85' lang='lat' dir='ltr'>modo:</span> <span class='ocrx_word' id='word_1_630' title='bbox 1958 2451 1965 2458; x_wconf 89' lang='lat'>.</span> 
     </span>
    </p>
   </div>
   <div class='ocr_carea' id='block_1_19' title="bbox 1214 2497 1705 2549">
    <p class='ocr_par' dir='ltr' id='par_1_23' title="bbox 1214 2497 1705 2549">
     <span class='ocr_line' id='line_1_90' title="bbox 1214 2497 1705 2549; baseline 0.01 -15"><span class='ocrx_word' id='word_1_631' title='bbox 1214 2497 1289 2548; x_wconf 50' lang='lat' dir='ltr'>Qui</span> <span class='ocrx_word' id='word_1_632' title='bbox 1306 2497 1408 2546; x_wconf 66' lang='lat' dir='ltr'>misir</span> <span class='ocrx_word' id='word_1_633' title='bbox 1424 2499 1461 2536; x_wconf 83' lang='lat' dir='ltr'>in</span> <span class='ocrx_word' id='word_1_634' title='bbox 1481 2499 1608 2549; x_wconf 83' lang='lat' dir='ltr'>campis</span> <span class='ocrx_word' id='word_1_635' title='bbox 1629 2500 1705 2540; x_wconf 60' lang='lat' dir='ltr'>&amp;Q</span> 
     </span>
    </p>
   </div>
   <div class='ocr_carea' id='block_1_20' title="bbox 1160 2567 2199 2869">
    <p class='ocr_par' dir='ltr' id='par_1_24' title="bbox 1160 2567 2199 2869">
     <span class='ocr_line' id='line_1_91' title="bbox 1161 2567 2199 2609; baseline 0.004 -4"><span class='ocrx_word' id='word_1_636' title='bbox 1161 2567 1230 2606; x_wconf 88' lang='lat' dir='ltr'>Sed</span> <span class='ocrx_word' id='word_1_637' title='bbox 1249 2569 1342 2606; x_wconf 79' lang='lat' dir='ltr'>haec</span> <span class='ocrx_word' id='word_1_638' title='bbox 1365 2567 1496 2606; x_wconf 87' lang='lat' dir='ltr'>eadem</span> <span class='ocrx_word' id='word_1_639' title='bbox 1525 2570 1635 2606; x_wconf 89' lang='lat' dir='ltr'>etiam</span> <span class='ocrx_word' id='word_1_640' title='bbox 1658 2569 1718 2607; x_wconf 90' lang='lat' dir='ltr'>alii</span> <span class='ocrx_word' id='word_1_641' title='bbox 1736 2576 1970 2608; x_wconf 86' lang='lat' dir='ltr'>annotarunt.</span> <span class='ocrx_word' id='word_1_642' title='bbox 2020 2569 2199 2609; x_wconf 68' lang='grc' dir='ltr'><strong>Μῐεγιῑὲ</strong></span> 
     </span>
     <span class='ocr_line' id='line_1_92' title="bbox 1160 2617 2197 2668; baseline 0.004 -13"><span class='ocrx_word' id='word_1_643' title='bbox 1160 2617 1407 2668; x_wconf 86' lang='lat' dir='ltr'>Bellerophon</span> <span class='ocrx_word' id='word_1_644' title='bbox 1422 2646 1432 2662; x_wconf 93' lang='lat'>,</span> <span class='ocrx_word' id='word_1_645' title='bbox 1461 2620 1519 2656; x_wconf 92' lang='lat' dir='ltr'>cui</span> <span class='ocrx_word' id='word_1_646' title='bbox 1542 2620 1704 2657; x_wconf 87' lang='lat' dir='ltr'>formosa</span> <span class='ocrx_word' id='word_1_647' title='bbox 1727 2620 1838 2658; x_wconf 89' lang='lat' dir='ltr'>facies</span> <span class='ocrx_word' id='word_1_648' title='bbox 1861 2632 1956 2668; x_wconf 88' lang='lat' dir='ltr'>pene</span> <span class='ocrx_word' id='word_1_649' title='bbox 1977 2622 2091 2658; x_wconf 86' lang='lat' dir='ltr'>exitio</span> <span class='ocrx_word' id='word_1_650' title='bbox 2104 2622 2197 2666; x_wconf 80' lang='lat' dir='ltr'>fuit,</span> 
     </span>
     <span class='ocr_line' id='line_1_93' title="bbox 1161 2669 2196 2720; baseline 0 -13"><span class='ocrx_word' id='word_1_651' title='bbox 1161 2669 1351 2707; x_wconf 86' lang='lat' dir='ltr'>calumniis</span> <span class='ocrx_word' id='word_1_652' title='bbox 1362 2671 1543 2717; x_wconf 80' lang='lat' dir='ltr'>appetitus</span> <span class='ocrx_word' id='word_1_653' title='bbox 1564 2670 1607 2708; x_wconf 92' lang='lat' dir='ltr'>ab</span> <span class='ocrx_word' id='word_1_654' title='bbox 1620 2672 1760 2708; x_wconf 85' lang='lat' dir='ltr'>Antaea</span> <span class='ocrx_word' id='word_1_655' title='bbox 1775 2698 1786 2714; x_wconf 93' lang='lat'>,</span> <span class='ocrx_word' id='word_1_656' title='bbox 1813 2682 1908 2720; x_wconf 87' lang='lat' dir='ltr'>quae</span> <span class='ocrx_word' id='word_1_657' title='bbox 1920 2672 1957 2708; x_wconf 70' lang='grc' dir='ltr'>ὅ(</span> <span class='ocrx_word' id='word_1_658' title='bbox 1973 2671 2196 2714; x_wconf 80' lang='lat' dir='ltr'>Stenoboea,</span> 
     </span>
     <span class='ocr_line' id='line_1_94' title="bbox 1160 2719 2198 2769; baseline 0.002 -13"><span class='ocrx_word' id='word_1_659' title='bbox 1160 2720 1282 2757; x_wconf 88' lang='lat' dir='ltr'>Proeti</span> <span class='ocrx_word' id='word_1_660' title='bbox 1304 2732 1420 2757; x_wconf 84' lang='lat' dir='ltr'>uxore</span> <span class='ocrx_word' id='word_1_661' title='bbox 1443 2748 1454 2765; x_wconf 91' lang='lat'>‚</span> <span class='ocrx_word' id='word_1_662' title='bbox 1490 2721 1593 2769; x_wconf 89' lang='lat' dir='ltr'>quod</span> <span class='ocrx_word' id='word_1_663' title='bbox 1624 2719 1734 2769; x_wconf 84' lang='lat' dir='ltr'>ipsam</span> <span class='ocrx_word' id='word_1_664' title='bbox 1767 2721 1813 2758; x_wconf 89' lang='lat' dir='ltr'>de</span> <span class='ocrx_word' id='word_1_665' title='bbox 1831 2720 2008 2760; x_wconf 78' lang='lat' dir='ltr'>adulterio</span> <span class='ocrx_word' id='word_1_666' title='bbox 2030 2721 2198 2759; x_wconf 85' lang='lat' dir='ltr'>sollicita-</span> 
     </span>
     <span class='ocr_line' id='line_1_95' title="bbox 1161 2769 2198 2819; baseline 0.002 -12"><span class='ocrx_word' id='word_1_667' title='bbox 1161 2778 1217 2808; x_wconf 90' lang='lat' dir='ltr'>tus</span> <span class='ocrx_word' id='word_1_668' title='bbox 1239 2769 1437 2819; x_wconf 77' lang='lat' dir='ltr'>rejecisset,</span> <span class='ocrx_word' id='word_1_669' title='bbox 1465 2783 1511 2809; x_wconf 85' lang='lat' dir='ltr'>ex</span> <span class='ocrx_word' id='word_1_670' title='bbox 1531 2772 1703 2810; x_wconf 87' lang='lat' dir='ltr'>Homero</span> <span class='ocrx_word' id='word_1_671' title='bbox 1730 2770 1832 2810; x_wconf 85' lang='lat' dir='ltr'>Iliad.</span> <span class='ocrx_word' id='word_1_672' title='bbox 1855 2776 1892 2810; x_wconf 86' lang='grc' dir='ltr'>Γ.</span> <span class='ocrx_word' id='word_1_673' title='bbox 1932 2772 2033 2811; x_wconf 87' lang='lat' dir='ltr'>Hinc</span> <span class='ocrx_word' id='word_1_674' title='bbox 2054 2773 2092 2810; x_wconf 73' lang='grc' dir='ltr'>ὅ(</span> <span class='ocrx_word' id='word_1_675' title='bbox 2111 2771 2198 2817; x_wconf 51' lang='grc' dir='ltr'>Ηοῖ</span> 
     </span>
     <span class='ocr_line' id='line_1_96' title="bbox 1162 2821 1595 2869; baseline 0 -9"><span class='ocrx_word' id='word_1_676' title='bbox 1162 2822 1270 2860; x_wconf 85' lang='lat' dir='ltr'>ratius</span> <span class='ocrx_word' id='word_1_677' title='bbox 1295 2822 1354 2859; x_wconf 89' lang='lat' dir='ltr'>lib.</span> <span class='ocrx_word' id='word_1_678' title='bbox 1377 2834 1442 2859; x_wconf 86' lang='lat'>111.</span> <span class='ocrx_word' id='word_1_679' title='bbox 1461 2821 1547 2860; x_wconf 90' lang='lat' dir='ltr'>Ode</span> <span class='ocrx_word' id='word_1_680' title='bbox 1561 2833 1595 2869; x_wconf 92' lang='lat'>7.</span> 
     </span>
    </p>
   </div>
   <div class='ocr_carea' id='block_1_21' title="bbox 1211 2903 1924 3104">
    <p class='ocr_par' dir='ltr' id='par_1_25' title="bbox 1211 2903 1924 3104">
     <span class='ocr_line' id='line_1_97' title="bbox 1211 2903 1924 2954; baseline -0.007 -11"><span class='ocrx_word' id='word_1_681' title='bbox 1211 2910 1259 2943; x_wconf 85' lang='lat' dir='ltr'>Et</span> <span class='ocrx_word' id='word_1_682' title='bbox 1278 2913 1437 2944; x_wconf 82' lang='lat' dir='ltr'>Proetum</span> <span class='ocrx_word' id='word_1_683' title='bbox 1456 2905 1580 2943; x_wconf 85' lang='lat' dir='ltr'>mulier</span> <span class='ocrx_word' id='word_1_684' title='bbox 1597 2904 1726 2954; x_wconf 82' lang='lat' dir='ltr'>perfida</span> <span class='ocrx_word' id='word_1_685' title='bbox 1747 2903 1924 2942; x_wconf 81' lang='lat' dir='ltr'>credulum</span> 
     </span>
     <span class='ocr_line' id='line_1_98' title="bbox 1215 2953 1898 3005; baseline -0.003 -12"><span class='ocrx_word' id='word_1_686' title='bbox 1215 2956 1319 3005; x_wconf 77' lang='lat' dir='ltr'>Falfis</span> <span class='ocrx_word' id='word_1_687' title='bbox 1343 2957 1516 3003; x_wconf 75' lang='lat' dir='ltr'>impulerit</span> <span class='ocrx_word' id='word_1_688' title='bbox 1541 2956 1767 3001; x_wconf 81' lang='lat' dir='ltr'>criminibus,</span> <span class='ocrx_word' id='word_1_689' title='bbox 1794 2953 1898 2992; x_wconf 80' lang='lat' dir='ltr'>nimis</span> 
     </span>
     <span class='ocr_line' id='line_1_99' title="bbox 1263 3007 1630 3056; baseline -0.005 -12"><span class='ocrx_word' id='word_1_690' title='bbox 1263 3009 1365 3055; x_wconf 70' lang='lat' dir='ltr'>Casto</span> <span class='ocrx_word' id='word_1_691' title='bbox 1384 3007 1630 3056; x_wconf 79' lang='lat' dir='ltr'>Bellerophonti</span> 
     </span>
     <span class='ocr_line' id='line_1_100' title="bbox 1270 3058 1719 3104; baseline 0.004 -10"><span class='ocrx_word' id='word_1_692' title='bbox 1270 3064 1456 3094; x_wconf 73' lang='lat' dir='ltr'>Maturare</span> <span class='ocrx_word' id='word_1_693' title='bbox 1475 3062 1585 3095; x_wconf 72' lang='lat' dir='ltr'>necem</span> <span class='ocrx_word' id='word_1_694' title='bbox 1605 3058 1719 3104; x_wconf 75' lang='lat' dir='ltr'>refhrt.</span> 
     </span>
    </p>
   </div>
   <div class='ocr_carea' id='block_1_22' title="bbox 1166 3128 2198 3185">
    <p class='ocr_par' dir='ltr' id='par_1_26' title="bbox 1166 3128 2198 3185">
     <span class='ocr_line' id='line_1_101' title="bbox 1166 3128 2198 3185; baseline -0.01 -8"><span class='ocrx_word' id='word_1_695' title='bbox 1166 3139 1201 3179; x_wconf 81' lang='lat' dir='ltr'>Is</span> <span class='ocrx_word' id='word_1_696' title='bbox 1216 3140 1378 3178; x_wconf 80' lang='lat' dir='ltr'>Antaeae</span> <span class='ocrx_word' id='word_1_697' title='bbox 1389 3138 1579 3177; x_wconf 80' lang='lat' dir='ltr'>calumniis</span> <span class='ocrx_word' id='word_1_698' title='bbox 1590 3137 1758 3176; x_wconf 85' lang='lat' dir='ltr'>liberatus</span> <span class='ocrx_word' id='word_1_699' title='bbox 1773 3164 1784 3180; x_wconf 92' lang='lat'>‚</span> <span class='ocrx_word' id='word_1_700' title='bbox 1811 3134 2095 3185; x_wconf 77' lang='lat' dir='ltr'>graviffimisque</span> <span class='ocrx_word' id='word_1_701' title='bbox 2105 3128 2198 3178; x_wconf 71' lang='lat' dir='ltr'>peri-2</span> 
     </span>
    </p>
   </div>
   <div class='ocr_carea' id='block_1_23' title="bbox 1166 3182 2203 3276">
    <p class='ocr_par' dir='ltr' id='par_1_27' title="bbox 1166 3182 2203 3276">
     <span class='ocr_line' id='line_1_102' title="bbox 1166 3182 2198 3276; baseline -0.01 -47"><span class='ocrx_word' id='word_1_702' title='bbox 1166 3192 1255 3232; x_wconf 81' lang='lat' dir='ltr'>culis</span> <span class='ocrx_word' id='word_1_703' title='bbox 1287 3189 1523 3239; x_wconf 52' lang='lat' dir='ltr'>permistim,</span> <span class='ocrx_word' id='word_1_704' title='bbox 1562 3189 1721 3276; x_wconf 52' lang='lat' dir='ltr'>denki-{iue</span> <span class='ocrx_word' id='word_1_705' title='bbox 1752 3198 1864 3238; x_wconf 81' lang='lat' dir='ltr'>gener</span> <span class='ocrx_word' id='word_1_706' title='bbox 1885 3186 2008 3225; x_wconf 83' lang='lat' dir='ltr'>Proeti</span> <span class='ocrx_word' id='word_1_707' title='bbox 2023 3182 2198 3268; x_wconf 44' lang='lat' dir='ltr'>regniqiicije</span> 
     </span>
     <span class='ocr_line' id='line_1_103' title="bbox 1691 3244 2203 3273; baseline -0.012 6"><span class='ocrx_word' id='word_1_708' title='bbox 1691 3248 1710 3273; x_wconf 64' lang='grc' dir='ltr'><strong>ι</strong></span> <span class='ocrx_word' id='word_1_709' title='bbox 2186 3244 2203 3273; x_wconf 64' lang='lat' dir='ltr'><strong>z</strong></span> 
     </span>
    </p>
   </div>
  </div>
 </body>
</html>
