2547 3708
268 173 332 222 70

704 154 763 211 P.
841 151 1266 212 OVIDII
1336 155 1874 223 NASONIS

557 252 675 308 Nec
699 254 795 310 tibi
821 255 925 311 fida
951 255 1115 328 magis
1143 255 1349 312 misceri
1373 261 1563 328 pocula
1589 261 1814 332 poffint,

415 343 521 389 300
633 326 812 398 Quam
837 328 929 398 qui
954 330 1243 400 cornigero
1271 329 1341 383 de
1360 331 1498 400 Jove
1523 348 1674 388 natus
1698 351 1825 393 erat.

558 397 724 452 More
752 401 835 452 vel
860 402 1087 454 intereas
1112 405 1252 473 capti
1284 404 1550 474 suspensus
1581 407 1816 473 Achaei,

627 471 738 541 Qui
765 472 919 525 miser
945 473 1170 528 aurifera
1197 475 1327 530 teste
1358 478 1614 548 pependit
1641 483 1793 552 aqua.

553 542 666 595 Aut
698 557 755 598 ut
783 546 1085 600 Achillidae
1109 561 1344 619 cognato
1366 553 1585 606 nomine
1613 554 1816 610 clarum

254 743 293 783 in
320 740 511 780 Alcibiade
531 741 733 790 posteriore
754 744 803 781 ita
833 745 1027 783 meminit:
1057 741 1169 791 Οἶμαι
1189 747 1231 786 δέ
1251 761 1293 787 σε

253 795 297 832 ἐκ
327 792 454 837 &vinam
471 792 569 839 eiwons,
600 792 667 831 ’ἔνιοί
685 811 724 841 γε
745 795 855 847 χθιζοί
884 813 919 836 τι
938 802 971 851 '53
997 795 1127 850 πζωϊζοὶ
1146 815 1293 846 ’γεγεννη-

253 849 362 900 μένκ,
391 852 442 888 ’ότε
462 850 643 899 Ἀρχέλαον
663 848 691 890 ΓΞ·
711 851 904 890 Μακεδόνων
925 855 1071 903 τύραννον
1107 853 1156 891 τοὶ
1178 857 1291 895 παιδι-

253 902 303 942 κοὶ
327 904 513 955 ἔςκσθ-έντοι
542 907 600 943 καὶ
621 905 820 958 ragnesili&
839 908 904 945 έθὲν
932 903 1035 951 iiiior,
1066 906 1141 962 ’ἦπεξ
1162 913 1290 956 ineis&

251 959 283 998 ὅ
303 959 471 1000 παιδικῶν
492 960 657 1000 ἀπέκτεινε
685 960 714 1000 ³?-
733 961 878 1015 aigae-7311,
906 963 1054 1015 τύραννός
1084 981 1118 1002 τε
1144 968 1205 1003 καὶ
1236 967 1288 1006 Ξυ-

251 1010 377 1065 ὃοῖιμων
392 1014 567 1065 εὐέμῖυῷι.
640 1017 817 1054 MICYLL.
859 1017 1067 1066 Philippum
1097 1020 1290 1069 Amyntae

247 1068 364 1107 filiurn
388 1071 643 1108 Macedonum
665 1070 832 1118 Regem,
860 1070 1106 1128 eundemque.
1122 1072 1288 1112 Alexan-

248 1117 305 1156 dri
333 1122 458 1158 manni
471 1130 633 1169 patrem,
650 1121 794 1169 nuptias
816 1120 1041 1169 Cleopatrae
1057 1121 1153 1160 filiae
1172 1124 1211 1162 ὃς
1232 1125 1287 1164 A..

244 1153 419 1209 lexandr‘i’
430 1172 666 1220 Epirotarum
683 1173 791 1220 Regis
805 1172 1052 1210 celebrantem
1065 1202 1076 1218 ,
1099 1174 1287 1234 Pausanias

249 1221 382 1259 nobilis
409 1234 454 1260 ex
484 1224 754 1261 Macedonibus
784 1222 994 1261 adolescens
1027 1225 1287 1273 obtruncavit,

247 1271 427 1322 diemque
453 1274 615 1312 laetitiae
644 1273 863 1312 destinatum
885 1303 895 1318 ‚
932 1275 1088 1314 foedum
1107 1277 1208 1317 lustu
1228 1280 1285 1317 fu-

248 1323 345 1360 neris
366 1325 466 1362 fecit.
519 1326 583 1362 Hic
599 1325 793 1369 Pausanias
807 1353 817 1369 ,
844 1327 1131 1375 inquitJustinus
1153 1329 1213 1367 lib.
1232 1343 1284 1369 1x.

243 1373 367 1422 primis
383 1374 574 1421 pubertatis
598 1376 702 1413 annis
721 1377 879 1424 stuprum
901 1385 960 1426 per
986 1379 1156 1427 injuriam
1172 1381 1285 1435 passus

247 1423 293 1459 ab
313 1427 442 1463 Attalo
461 1428 585 1472 fuerat
600 1455 610 1472 ‚
638 1428 733 1475 cujus
759 1427 969 1476 indignitati
985 1429 1067 1467 haec
1090 1432 1198 1468 etiam
1210 1435 1285 1480 foe-

250 1474 346 1512 ditas
373 1477 549 1526 accefferat
573 1495 583 1516 .·
624 1491 709 1516 nam
726 1480 930 1528 perductum
956 1479 994 1517 in
1011 1483 1174 1519 convivio
1189 1484 1284 1528 solu-

247 1535 392 1576 tumque
412 1541 503 1565 mero
524 1529 694 1575 Attalus,
722 1543 790 1566 non
804 1529 891 1579 suae
909 1540 1076 1577 tantum,
1104 1547 1230 1572 verum
1243 1547 1287 1576 ω’

246 1578 484 1616 convivarum
495 1579 645 1625 libidini,
661 1580 761 1618 velut
764 1581 1010 1628 scortum‚v1'le
1011 1585 1217 1634 subjecerat,
1230 1587 1284 1623 lu-

245 1626 467 1679 dibriumque
509 1631 666 1669 omnium
705 1632 797 1669 inter
837 1634 1031 1684 coaequales
1073 1637 1286 1676 reddiderat.

247 1684 351 1716 Hanc
372 1694 442 1717 rem
466 1694 561 1729 aegre
582 1686 698 1728 ferens
731 1684 928 1730 Pausanias
955 1687 1135 1744 querelam
1157 1689 1285 1739 Philip-

241 1738 285 1778 po
299 1730 394 1779 saepe
420 1732 594 1770 detulerat
615 1761 625 1778 ,
663 1747 742 1772 cum
774 1735 889 1773 variis
910 1738 1198 1782 frustrationibus
1219 1754 1287 1779 non

236 1778 312 1828 fine
330 1782 400 1829 risu
412 1783 607 1832 differretur
619 1813 629 1830 ,
642 1797 682 1826 (9·
696 1785 905 1824 honoratum
916 1788 1050 1845 insuper
1065 1790 1203 1844 'ducatu
1220 1793 1284 1830 ad-

245 1833 442 1880 versarium
466 1846 635 1880 cerneret,
662 1837 755 1873 iram
777 1836 814 1873 in
833 1838 942 1885 ipsum
975 1839 1173 1890 Philippum
1203 1856 1284 1882 ver-

246 1880 294 1918 tit
307 1909 316 1927 ,
346 1884 710 1937 ultionemque,quam
721 1887 765 1923 ab
775 1887 976 1936 adversario
996 1901 1221 1943 non'poterat,
1239 1895 1283 1933 ab

245 1932 365 1983 iniquo
380 1936 496 1982 judice
521 1940 645 1985 exegit.
699 1938 862 1976 Videndi
884 1949 1070 1986 praeterea
1092 1943 1283 1986 Diodorus

243 1982 303 2022 lib.
334 1996 416 2023 xvx.
452 1986 662 2026 Aristoteles
691 1988 753 2025 lib.
776 2000 811 2026 V.
839 1990 980 2029 Politic.
1004 1993 1215 2035 Plutarchus
1243 2001 1281 2036 in

245 2033 474 2075 Alexandro.
528 2038 648 2087 Hujus
668 2048 792 2075 autem
814 2039 886 2076 loci
907 2043 1111 2090 principem
1136 2048 1282 2095 expost-

244 2084 389 2123 tionem
415 2087 477 2124 fibi
504 2089 663 2126 vindicat
694 2088 847 2137 Baptista
879 2090 960 2129 Pius
983 2092 1042 2130 ille
1062 2093 1280 2136 Bononien-

245 2133 308 2178 fis,
337 2138 400 2184 qui
421 2141 648 2186 temporibus
667 2139 733 2177 suis
753 2142 867 2177 inanis
883 2142 1090 2188 juventutis
1119 2148 1283 2196 Cymba-

244 2184 324 2223 lum
349 2188 440 2230 fuit,
472 2198 511 2226 ut
533 2189 578 2226 de
596 2191 672 2237 ipso
694 2190 859 2237 loquitur
886 2191 1043 2240 Scaliger
1063 2222 1073 2238 ,
1098 2196 1135 2232 in
1151 2199 1288 2236 Auso--

244 2236 792 2283 nianis1„e6ti0ni½us,tamets1
813 2241 953 2279 Urceus
977 2244 1122 2282 Codrus
1144 2248 1281 2286 sermo-

244 2298 294 2324 ne
319 2298 351 2326 1.
387 2289 485 2327 illam
522 2299 606 2328 ante
638 2291 832 2338 Baptistam
878 2292 985 2330 Pium
1029 2295 1282 2343 publicaverit.

242 2337 443 2378 SALVAGN.
470 2341 716 2379 Amantiaden
738 2343 843 2380 multi
871 2344 1018 2383 codices
1039 2347 1077 2383 &
1097 2348 1279 2390 editiones

243 2390 399 2438 primae.
420 2403 486 2439 pro
500 2392 609 2440 saevo
629 2395 725 2442 ense,
744 2393 870 2441 scaevo
892 2395 979 2432 alter
996 2397 1225 2439 Petavianus.

295 2451 382 2489 299.
409 2448 478 2479 Nec
500 2443 649 2491 tibifida
665 2444 810 2494 magian]
851 2445 1069 2493 ThemistO,
1109 2462 1204 2489 uxor
1226 2453 1278 2492 A-

239 2489 460 2538 thamantis,
489 2494 662 2532 Echionis
695 2495 786 2537 filia,
817 2495 1113 2553 Broteanjovis
1134 2501 1249 2542 filium
1267 2532 1278 2549 ‚

241 2544 417 2580 maritum
441 2543 545 2583 suum
560 2546 815 2596 insequentem
829 2558 978 2586 veneno
990 2553 1195 2600 interfecit,
1210 2568 1276 2594 un··

241 2591 288 2630 de
310 2594 362 2631 ait
380 2593 613 2643 Propertius:

297 2677 423 2724 Infelix
441 2682 589 2721 Brothea
601 2711 611 2728 ,
638 2698 747 2734 quam
768 2687 837 2725 vili
853 2701 960 2730 morte
975 2698 1192 2743 peremptus,

343 2731 488 2770 Femina
507 2744 540 2772 te
554 2737 671 2784 potuit
683 2764 694 2782 ,
722 2749 755 2775 te
767 2739 929 2788 superare
950 2745 1083 2783 virum.

240 2809 476 2855 Interimam.
490 2818 630 2859 Frustra
644 2835 794 2872 quaeras
806 2827 880 2866 hoc
890 2829 1069 2870 distichon
1081 2836 1175 2882 apud
1185 2837 1275 2875 Pro-

236 2867 460 2909 pertium.Et
475 2882 560 2908 vero
573 2884 650 2910 non
661 2875 876 2925 alius,quam
893 2881 1102 2922 Alexander
1116 2888 1273 2936 Magnus

236 2912 411 2955 hocloco
432 2920 697 2970 intelligendus.
714 2926 774 2963 De
790 2930 889 2977 cujus
903 2933 1051 2971 interitu
1066 2948 1195 2984 magna
1217 2941 1273 2977 in-

235 2970 291 3001 ter
310 2978 449 3006 veteres
479 2975 724 3013 controversia
756 2978 811 3015 est.
869 2982 1027 3021 Ovidius
1058 2987 1101 3024 iis
1129 2987 1274 3028 ass'cnti-

233 3022 295 3052 tur
311 3044 321 3061 ,
349 3021 410 3067 qui
427 3032 575 3060 veneno
587 3024 764 3065 sublatum
784 3030 989 3077 prodidere.
1047 3036 1271 3079 Consulendi

230 3062 464 3115 Plutarchus,
493 3073 666 3113 Arrianus
687 3104 696 3120 ‚
735 3079 882 3120 Curtius
898 3085 1013 3127 ,item
1028 3087 1185 3133 Juflinus
1213 3091 1273 3129 lib.

232 3126 306 3155 x11.
333 3119 525 3161 Diodorus
556 3125 694 3165 Siculus
731 3129 906 3170 libam.
944 3135 982 3172 ὅτ
1010 3137 1130 3177 obiter
1156 3140 1272 3180 locuti

231 3165 420 3210 Pausanias
448 3173 485 3211 in
503 3176 715 3223 Art-adicis,
745 3181 940 3223 Cornelius
954 3187 1107 3237 Nepos,
1136 3191 1197 3229 ubi
1223 3193 1269 3231 de

232 3215 418 3271 Regibus,
437 3223 574 3266 Plinius
601 3228 760 3272 lib.xxx.
788 3236 1023 3284 cap0ulti1no.
1049 3240 1217 3283 SALvAG.

2280 638 2394 712 Op-

1411 760 1496 798 300.
1524 752 1646 800 Qum
1670 752 1731 803 qui
1753 756 1960 810 cornigera]
1994 760 2205 803 Alexander
2221 766 2392 807 humano

1355 799 1497 848 fastigio
1529 815 1608 840 non
1641 812 1836 845 contentus
1859 837 1868 852 ‚
1916 820 1958 849 ut
1989 813 2107 852 Curtii
2142 817 2260 856 verbis
2289 828 2395 865 utar,

1354 850 1617 891 Hammonem
1647 855 1783 902 Jovem
1812 859 1863 897 sui
1891 865 2032 911 generis
2064 867 2257 906 authorem
2282 898 2292 914 ,
2330 880 2394 910 aut

1348 903 1518 941 credebat
1549 904 1621 943 efle
1645 933 1655 950 ,
1694 916 1756 945 aut
1787 911 1886 948 credi
1915 915 2095 962 volebat,
2134 929 2297 968 eumque
2328 923 2392 961 sub

1344 951 1462 1000 specie
1482 954 1653 1003 serpentis
1673 957 1940 1010 Olympiadem
1966 976 2122 1007 matrem
2147 971 2392 1020 compreffiffe

1344 1005 1465 1052 palam
1488 1006 1642 1046 dicebat.
1697 1009 1788 1048 Ideo
1819 1013 2008 1054 Volucem
2033 1018 2299 1060 Saracenorum
2321 1023 2391 1062 du-

1345 1066 1428 1093 cem
1449 1084 1460 1100 ‚
1505 1060 1570 1107 qui
1595 1059 1628 1097 se
1650 1071 1872 1110 prognatum
1894 1066 2108 1109 Alexandro
2136 1073 2388 1120 praedicabat:

1344 1105 1546 1147 draconem
1580 1122 1735 1158 puerum
1767 1125 1978 1163 egerentem
2009 1131 2076 1168 pro
2106 1123 2237 1172 insigni
2269 1124 2388 1165 tulisse

1343 1159 1533 1205 proditum
1567 1161 1628 1198 est.
1681 1162 1815 1213 quue
1842 1169 2043 1208 nonnullos
2067 1199 2079 1217 ,
2125 1174 2389 1215 Mediolanen-

1343 1207 1437 1246 fium
1457 1209 1654 1260 insignium
1681 1214 1863 1264 originem
1886 1221 2021 1259 referre
2035 1222 2152 1262 scribit
2174 1225 2303 1266 Paulus
2319 1228 2387 1275 Jo-

1343 1259 1424 1298 vius
1436 1261 1472 1299 in
1485 1262 1718 1302 Praefatione
1728 1266 1772 1304 ad
1785 1267 1986 1309 duodecim
2002 1273 2286 1315 Vicecomitum
2302 1280 2388 1318 Me-

1342 1309 1479 1350 diolani
1493 1314 1705 1363 Principum
1719 1318 1810 1356 vitas
1823 1348 1832 1361 ,
1856 1320 1910 1359 his
1923 1324 2042 1362 verbis
2054 1341 2065 1362 .·
2092 1332 2279 1365 Caeterum
2292 1331 2385 1368 Otho

1336 1362 1414 1409 jam
1445 1364 1575 1402 duobus
1603 1367 1798 1416 asperrimis
1817 1371 1866 1407 ad
1894 1373 2062 1412 Nicaeam
2091 1387 2198 1428 atque
2218 1385 2385 1419 Orontem

1337 1413 1478 1461 praeliis
1490 1417 1664 1465 speciatae
1684 1418 1833 1458 virtutis
1855 1424 2002 1466 famam
2021 1429 2214 1474 consecutus
2227 1457 2237 1474 ,
2265 1440 2386 1481 oppug-

1340 1476 1449 1502 nante
1471 1467 1610 1504 demum
1632 1470 1883 1520 Hierofhlymas
1904 1476 2112 1524 Gothofredo
2119 1481 2262 1529 gloriosa
2275 1483 2384 1521 totius

1341 1517 1510 1555 exercitus
1527 1520 1776 1559 acclamatione
1802 1536 1960 1564 coronam
1981 1531 2194 1577 promeruit,
2221 1545 2298 1569 cum
2319 1539 2387 1572 Ve-

1342 1566 1453 1604 lucem
1482 1575 1729 1610 Saracenorum
1750 1574 1872 1612 ducem
1889 1604 1899 1621 ,
1916 1579 2025 1616 medio
2050 1581 2088 1617 in
2115 1592 2230 1631 campo
2247 1585 2296 1620 ad
2306 1583 2385 1632 fin-

1338 1618 1459 1665 gulare
1478 1632 1652 1659 certamen
1674 1624 1900 1672 fortiffimum
1930 1642 2100 1681 quemque
2117 1646 2159 1669 ex
2179 1633 2383 1681 Christiana

1339 1669 1415 1706 acie
1430 1679 1674 1718 provocantem
1686 1703 1697 1718 ‚
1725 1676 1789 1725 ipse
1818 1690 1909 1716 unus
1928 1692 2011 1718 ante
2026 1683 2110 1718 alios
2139 1684 2233 1721 nihil
2251 1687 2385 1724 imma-

1342 1719 1396 1756 nis
1415 1720 1557 1760 barbari
1569 1726 1702 1772 ferocia
1717 1755 1725 1770 ,
1754 1727 1812 1764 vel
1830 1729 1978 1767 terribili
1996 1730 2181 1781 insignium
2199 1749 2382 1776 armorum

1330 1770 1438 1818 specie
1455 1781 1630 1821 permotus
1644 1804 1653 1819 ‚
1665 1778 1809 1823 fortiter
1829 1789 1939 1830 atque
1944 1782 2092 1828 feliciter
2104 1784 2236 1822 devicit
2248 1815 2258 1832 ,
2287 1799 2384 1826 retu-

1340 1821 1450 1873 litque
1473 1824 1514 1861 de
1528 1825 1662 1873 confoffi
1680 1827 1780 1878 hostis
1786 1830 1887 1877 galea
1905 1832 2057 1880 opimum
2074 1834 2285 1888 plenumque
2313 1841 2382 1877 im-

1341 1873 1573 1913 mortalitatis
1578 1877 1688 1925 gloria
1697 1879 1843 1927 spolium
1857 1909 1867 1923 ,
1891 1894 2062 1921 auratam
2071 1886 2194 1931 scilicet
2206 1890 2382 1938 viperam,

1339 1922 1557 1972 inexplicatis
1568 1928 1670 1976 spiris
1694 1932 1878 1968 minaciter
1895 1931 1921 1969 a
1945 1947 2024 1972 cono
2045 1938 2189 1985 cuspidis
2208 1944 2382 1988 ereislam,

1339 1986 1384 2013 (9'
1398 1985 1543 2023 puerum
1559 1987 1603 2026 pa
1628 1994 1654 2015 is
1673 1980 1837 2018 manibus
1853 1983 2092 2024 devorantem.
2149 1990 2256 2036 Quod
2267 2005 2380 2030 unum

1335 2027 1530 2074 auspicatae
1553 2030 1701 2066 virtutis
1722 2043 1972 2079 argumentum
1987 2063 1996 2079 ‚
2025 2050 2094 2074 non
2122 2039 2222 2076 modo
2240 2043 2381 2090 gentili-

1335 2074 1407 2111 tiae
1431 2076 1548 2115 laudis
1576 2080 1742 2127 gestamen
1770 2083 1867 2128 fuit,
1888 2085 1950 2132 sed
1976 2099 2020 2126 eo-
2043 2088 2177 2136 posteris
2192 2090 2232 2127 id
2250 2092 2380 2142 insigne

1337 2126 1504 2164 audacter
1536 2131 1783 2177 usurpantibus
1807 2161 1817 2176 ‚
1854 2146 1898 2173 (5⁴
1921 2136 2066 2184 imperia
2097 2151 2140 2178 <7
2156 2149 2226 2187 opes
2245 2154 2287 2182 ω’
2307 2146 2379 2183 late

1334 2175 1483 2223 gloriam
1498 2181 1681 2225 portendit.
1733 2188 1840 2219 Fuere
1858 2185 1918 2234 qui
1927 2186 2124 2231 existimant
2144 2192 2297 2230 Volucem
2311 2224 2321 2239 ,
2334 2209 2379 2233 ex

1332 2225 1435 2272 stirpe
1448 2228 1649 2265 Alexandri
1664 2231 1787 2278 Magni
1802 2235 2014 2281 progenitum
2029 2265 2038 2281 ,
2061 2240 2168 2288 tulisse
2175 2251 2234 2289 pro
2254 2245 2378 2295 insigni

1336 2275 1492 2323 viperam
1513 2292 1555 2314 ex
1576 2280 1790 2329 Olympiadis
1799 2284 1930 2329 fabula
1943 2296 2091 2336 puerum
2104 2294 2376 2344 parturientem,

1335 2326 1427 2375 quod
1445 2339 1484 2364 ea
1505 2328 1530 2364 [ὶ
1550 2329 1648 2375 Jove
1662 2334 1694 2377 se
1713 2335 1927 2384 compreffam
1937 2338 2040 2386 fuisse
2051 2340 2208 2381 draconis
2226 2345 2376 2397 imagine

1328 2377 1555 2425 praedicaret.
1603 2381 1777 2431 Josephus
1793 2385 1976 2426 Iachiades
1991 2390 2195 2432 Hebraicus
2214 2396 2376 2445 Scriptor

1332 2427 1368 2464 in
1393 2439 1424 2466 e.
1446 2429 1478 2466 8.
1507 2430 1672 2470 Danielis
1693 2462 1702 2478 ‚
1733 2435 1765 2476 §.
1783 2449 1813 2482 ς.
1832 2449 1899 2484 pro
1920 2438 2012 2478 love
2028 2442 2227 2485 Alexandri
2242 2449 2375 2499 Magni

1332 2487 1434 2525 patre
1452 2480 1626 2520 substituit
1649 2485 1812 2534 Aegypti
1833 2489 1974 2538 Regem
1989 2518 1999 2534 ‚
2029 2494 2086 2531 cui
2117 2508 2259 2536 nomen
2285 2502 2373 2540 facit

1333 2529 1582 2570 Nefflnebor.
1611 2537 1775 2585 Corniger
1793 2547 1917 2577 autem
1941 2541 2058 2581 dietus
2080 2545 2275 2587 Hammon
2296 2551 2373 2590 five

1331 2579 1502 2619 Ammon
1520 2610 1530 2626 ‚
1559 2584 1707 2624 Graecis
1732 2591 1999 2637 Κερκτοφόρος,
2030 2596 2131 2643 quod
2143 2599 2299 2637 arietino
2314 2613 2374 2640 ca-

1330 2631 1405 2678 pite
1429 2631 1640 2682 fingeretur.
1668 2638 1811 2686 Jupiter
1830 2642 1922 2678 enim
1943 2669 1953 2686 ‚
1992 2644 2042 2681 ait
2064 2645 2245 2686 Minutius
2265 2651 2368 2691 Felix

1330 2683 1367 2718 in
1387 2682 1550 2722 Oetavio
1565 2713 1575 2729 ,
1601 2699 1680 2723 cum
1694 2695 1871 2728 Hammon
1881 2691 2009 2729 dicitur
2021 2722 2030 2738 ‚
2051 2694 2292 2738 habetcornua
2305 2730 2314 2746 ‚
2325 2715 2370 2743 ω’

1331 2745 1408 2768 cum
1428 2735 1641 2781 Capitolinus
1655 2765 1664 2781 ‚
1681 2741 1767 2787 gerit
1773 2741 1946 2786 fulmina.
1975 2745 2168 2786 videndus
2188 2751 2371 2801 Gyraldus

1332 2783 1533 2833 Syntagma
1546 2799 1580 2824 2.
1596 2788 1781 2827 Historiae
1794 2791 1978 2832 Deorum.
2031 2797 2231 2838 SALVAGN.

1384 2845 1468 2882 301.
1498 2843 1612 2876 Morte
1623 2839 1881 2890 velintereas.J
1909 2845 2078 2886 Achaeus
2098 2860 2222 2899 captus
2233 2853 2276 2891 ab
2288 2854 2370 2894 An·-

1330 2885 1459 2935 tioc'no
1494 2888 1617 2937 Rege,
1646 2891 1806 2940 &juxta
1832 2893 2022 2935 Paetolum
2061 2898 2216 2940 fluvium
2247 2932 2257 2947 ,
2302 2918 2367 2944 cu-

1329 2936 1382 2983 jus
1409 2948 1540 2977 arenae
1567 2951 1698 2979 aureae
1724 2942 1804 2982 sunt
1823 2971 1834 2989 ,
1869 2944 2052 2995 suspensus
2073 2951 2140 2996 est,
2175 2953 2271 2992 unde
2283 2955 2367 3004 Bat->

1330 2994 1399 3026 tus:

1379 3067 1578 3106 Antiochus
1600 3080 1739 3120 captum
1759 3075 1896 3114 vietum
1906 3079 2085 3127 suspendit
2101 3084 2311 3136 Achaeum,

1379 3119 1544 3168 Undaque
1564 3124 1693 3160 pueroli
1711 3124 1754 3172 esl
1774 3139 1880 3164 atirea
1902 3130 1990 3176 testis
2005 3130 2133 3173 adhuc.

1327 3202 1832 3260 InrertpaPrimusquidem
1847 3215 1940 3254 vidit
1954 3217 2132 3269 interpres
2145 3234 2250 3264 vetus
2262 3227 2362 3272 hunc

1321 3253 1447 3294 locum
1471 3257 1516 3297 de
1536 3259 1681 3302 Achaeo
1701 3265 1745 3304 ad
1777 3266 2010 3309 Antiochum
2035 3273 2177 3324 Regem
2201 3279 2360 3321 addutsto

2300 3342 2360 3380 Ca·-
