2547 3708
321 136 403 200 42<
936 114 1456 174 1³.ov1n11
1523 115 1796 170 VITA

325 219 513 280 tunica,
548 215 633 268 nifi
657 216 729 268 vel
756 228 864 266 cum
889 215 1012 265 virili
1042 227 1154 279 toga
1178 212 1289 261 esset
1313 211 1571 275 induenda,
1604 213 1680 262 vel
1712 229 1820 262 cum
1857 222 2097 278 praetexta
2130 211 2437 280 deponenda?

323 287 501 351 Neque
522 285 750 349 sequitur,
786 280 1051 345 Augustum
1074 295 1124 326 ea
1149 278 1308 326 tunica
1329 279 1545 327 indutum
1568 295 1678 326 cum
1703 290 1941 343 praetexta
1964 280 2011 324 in
2027 279 2202 326 Forum
2225 279 2301 326 die
2322 281 2437 330 tiro-

325 353 438 400 cinii
463 350 656 409 venisse,
693 348 726 396 fi
749 364 804 394 eo
830 347 903 394 die
927 347 1132 392 tunicam
1155 349 1311 392 rebium
1333 343 1554 391 sumserit.
1590 344 1721 392 Nam
1743 344 1790 389 ὅτ
1817 344 1935 390 hanc
1964 342 2316 392 &Luticluviam
2339 358 2440 398 tum
2498 395 2501 397 ,
2527 346 2533 363 ’“

325 416 516 464 induere
541 416 728 480 potuit,
766 412 796 458 fi
818 428 909 459 una
933 409 1072 457 fuerit
1095 409 1343 473 eademque
1366 410 1552 469 tunica,
1585 410 1660 456 vel
1685 407 1716 455 fi
1739 407 1912 473 duplex
1944 406 2106 456 induta
2128 407 2182 456 sit
2197 431 2214 466 3
2249 425 2356 457 cum
2380 411 2441 459 al-

329 496 559 530 terutrum
587 493 751 527 contra
772 492 950 523 morem
973 475 1060 522 effe
1082 490 1218 521 nemo
1245 474 1462 523 holstenius
1490 474 1774 539 probaverit.
1845 472 2027 520 Deinde
2054 490 2161 521 cum
2186 476 2284 522 Dio
2308 475 2442 524 diser·
2486 482 2489 487 ’

328 562 376 595 te
401 546 548 594 tradat
572 550 647 604 (al,
685 555 876 606 propter
910 542 1003 587 hoc
1037 556 1176 586 omen
1214 541 1399 586 tunicae
1421 541 1704 588 Laticlaviae
1739 538 1794 585 ad
1830 539 1966 602 pedes
1993 539 2249 586 decidentis
2268 540 2453 600 Julium-

333 611 535 659 retulisse
557 610 840 663 OCtavium,
877 607 956 669 qui
981 604 1172 668 posthac
1196 606 1462 668 Augustus,
1498 607 1545 651 in
1566 606 1813 669 patricios,
1852 603 1974 649 haud
2005 602 2106 650 satis
2139 604 2202 651 cst
2228 605 2446 653 Rubenio

334 677 631 737 Graevioque
655 674 862 720 Dionem
897 670 1061 717 erroris
1094 685 1313 733 arguere,
1349 671 1434 717 nisi
1469 686 1565 717 rem
1598 670 1730 716 aliter
1762 669 1804 715 se
1836 668 2032 728 habere,
2067 669 2156 715 alio
2189 671 2457 733 probassent.

332 740 535 807 graviori
562 737 857 796 testimonio,
894 735 1020 801 quod
1053 747 1206 781 tamen
1239 734 1295 781 ab
1330 735 1416 783 illis
1449 735 1715 782 adhucdum
1747 734 2076 797 exspec‘tamus.
2143 735 2317 798 Neque
2349 748 2455 782 tan-

334 807 437 852 dem
463 805 558 850 ullo
582 802 864 850 confirmant
888 801 1027 859 teste,
1062 801 1194 847 aliam
1233 800 1318 847 hac
1345 802 1392 847 in
1416 817 1464 847 re
1487 803 1773 848 Putritiorum
1799 800 1956 859 fuisse,
1991 815 2126 860 quam
2166 813 2454 847 caeterorum

337 870 592 917 Nobilium
618 884 868 933 puerorum
893 866 1103 914 caussam.
1173 864 1228 911 ld
1261 866 1384 912 enim
1417 883 1512 922 non
1547 868 1725 915 evincit
1747 866 1914 914 Statius
1944 863 2000 911 ab
2022 876 2225 928 utroque
2252 864 2327 912 Cl.
2351 866 2454 911 viro

340 937 387 982 in
418 934 618 980 medium
653 933 888 997 prolatus,
924 932 972 979 &
996 932 1074 996 qui
1112 929 1229 977 solus
1260 930 1448 994 quidem
1482 931 1608 978 istius
1638 931 1874 994 opinionis
1888 930 2051 993 fundus
2075 930 2324 990 Rubenio,
2359 932 2457 993 ejus

336 1000 537 1047 assertori
559 1000 711 1063 primo
728 1032 744 1057 ,
779 999 969 1043 dicitur.
1041 996 1123 1042 llle
1146 995 1257 1042 Lib.
1286 996 1345 1042 V.
1368 996 1496 1060 Sylv.
1520 998 1540 1043 I
1550 998 1587 1043 Ι.
1614 996 1727 1043 haec
1752 995 1808 1042 ad
1831 995 2127 1060 Crispinum:

466 1066 537 1113 Sic
563 1076 634 1122 te,
668 1066 776 1109 clure
800 1076 928 1122 puer,
956 1063 1142 1123 genitum
1153 1062 1241 1121 fibi
1263 1060 1407 1107 Curia
1419 1062 1578 1125 fhustt,

466 1131 701 1190 Primaque
724 1128 909 1190 patritia
933 1128 1078 1186 cluufit
1100 1125 1273 1188 vestigia
1298 1126 1461 1174 Luna:
2247 1155 2275 1178 ..

470 1196 584 1243 Mox
607 1193 746 1254 Tyrios
769 1210 817 1239 ex
841 1208 951 1238 more
959 1195 1106 1252 finus,
1139 1193 1401 1254 tunicamque
1414 1202 1621 1253 potentem

469 1265 690 1323 Agnovere
714 1259 890 1305 humeri.
1085 1278 1091 1284 ·

343 1354 379 1388 ,-,
412 1325 543 1385 Ubi,
578 1337 712 1371 notat
733 1320 980 1370 Rubenius
1006 1320 1093 1383 (b),
1128 1337 1225 1368 non
1247 1320 1440 1369 dubium
1468 1322 1560 1382 est,
1596 1337 1678 1385 per
1704 1318 1844 1382 &rios
1855 1327 2002 1385 finus,
2038 1331 2325 1384 praetextam
2351 1334 2469 1382 pue·
2544 1354 2547 1382 3

344 1426 379 1453 „
414 1392 573 1450 rilem,
607 1406 688 1455 per
721 1392 903 1436 tunicum
930 1398 1135 1447 potentem
1158 1421 1174 1447 ,
1209 1387 1513 1436 Laticlaviam
1550 1386 1790 1451 designari.
1859 1385 2122 1450 Crispinum
2157 1398 2315 1431 autem
2351 1397 2468 1431 tunc
2544 1394 2547 1434 ι’

345 1457 570 1520 temporis
594 1453 801 1503 nondum
824 1453 1003 1501 virilem
1031 1466 1193 1517 togam
1226 1451 1452 1514 sumsisse,
1486 1454 1587 1501 satis
1622 1455 1686 1500 ait
1719 1469 1777 1500 ex
1812 1454 1866 1500 iis
1898 1467 2016 1516 quae
2049 1451 2303 1514 sequuntur
2337 1464 2472 1498 com·
2538 1463 2547 1527 ‘¹

347 1536 559 1587 portum:

477 1589 577 1635 Nec
585 1587 742 1651 fhltem
760 1589 909 1633 teneris
933 1584 1106 1646 Ostrum
1119 1588 1280 1646 puerile
1303 1585 1470 1631 lacertis

479 1653 619 1699 Exuit
634 1687 649 1713 ,
683 1654 911 1713 albentique
932 1651 1120 1697 humeros
1141 1646 1309 1697 induxit
1329 1653 1500 1696 umiHu.
2546 1686 2547 1690 ,

350 1718 418 1765 At
443 1734 583 1776 vei-0,
619 1730 672 1764 ut
698 1718 878 1781 optime
901 1717 1074 1780 regerit
1099 1715 1332 1763 Ferrarius
1355 1714 1438 1775 (c),
1472 1716 1620 1763 Poeta
1645 1713 1882 1779 postremo
1909 1713 2002 1760 hoc
2029 1711 2140 1760 loco
2167 1708 2472 1774 conqueritur
2546 1734 2547 1769 ᾗ

352 1796 564 1847 ereptum
587 1783 691 1830 fatis
713 1794 982 1846 parentem,
1016 1797 1123 1828 cum
1147 1781 1298 1829 adhuc
1322 1797 1438 1847 puer
1460 1780 1569 1828 esset
1586 1779 1851 1844 Crispinus,
1886 1778 1934 1825 &
1960 1789 2274 1842 praetextatus
2287 1797 2304 1832 3
2339 1785 2483 1839 atque·¹
2539 1782 2547 1813 1

355 1849 417 1895 ita
451 1865 546 1895 non
582 1848 779 1912 potuisse
807 1845 1014 1894 interesse
1050 1845 1133 1893 filii
1168 1847 1422 1907 tirocinio,
1459 1846 1507 1893 &
1534 1858 1674 1910 togae
1705 1845 1850 1894 virilis
1879 1843 2176 1892 solemnitati.
2244 1839 2482 1895 Proximis

354 1913 477 1959 enim
499 1913 734 1960 versiculis
760 1913 932 1960 Statius
954 1913 1211 1959 cecinerat:

485 1980 582 2025 Nec
605 1980 797 2042 genitor
807 1979 967 2038 juxta:
992 1976 1106 2038 fatis
1127 1994 1304 2040 numque
1325 1977 1494 2039 haustus
1516 1978 1669 2038 iniquis

488 2043 711 2091 Occidit:
748 2044 852 2101 heu,
879 2045 1088 2105 geminum
1103 2045 1262 2103 prolem
1269 2042 1354 2105 sub
1367 2043 1554 2104 pruestde
1576 2044 1774 2104 linquens.

487 2109 584 2154 Nec
601 2108 785 2168 saltem,
821 2108 914 2154 &c.

361 2171 491 2218 Haec
516 2171 664 2234 igitur
687 2172 881 2217 omnino
905 2171 1249 2232 demonstrant,
1283 2170 1553 2235 Crispinum
1570 2173 1667 2236 jam
1688 2169 1870 2219 virilem
1895 2181 2054 2231 togam
2078 2164 2298 2222 induisse3
2335 2163 2482 2214 idem.-

362 2251 454 2299 que
480 2234 792 2294 confirmant,
827 2252 943 2299 quae
962 2235 1241 2298 sequuntur:

493 2303 637 2367 ⁴Quem
657 2318 736 2348 non
757 2304 979 2363 corrumpit
1003 2301 1148 2365 pubes
1170 2300 1362 2363 effrena?
1394 2313 1620 2361 novaeque

496 2368 692 2414 Libertus
706 2377 930 2428 properata
949 2365 1119 2430 togae?
1154 2366 1246 2414 &a

362 2430 499 2488 Qun
525 2433 622 2479 imo
648 2432 821 2479 Statius
846 2447 959 2478 vers.
990 2447 1058 2477 12.
1084 2431 1302 2490 testatur,
1338 2429 1605 2494 Crispinum
1621 2425 1743 2476 ‘tunc
1765 2445 1864 2476 xv1.
1888 2427 2049 2476 aetatis
2068 2442 2238 2475 annum
2265 2424 2419 2491 egifl‘e.

435 2526 439 2528 -
496 2528 594 2536 --—
628 2499 692 2544 Et
713 2495 930 2544 Οᾶοῐιοε
951 2495 1021 2543 bis
1035 2496 1132 2558 jum
1158 2499 1237 2544 tibi
1264 2500 1409 2543 circuit
1431 2493 1563 2542 orbes
2416 2512 2420 2515 Α

500 2563 551 2610 V
546 2566 624 2608 itu.

369 2626 496 2674 Ante
517 2643 655 2690 quam
679 2639 875 2674 aetatem
901 2625 1107 2673 solebant
1133 2626 1203 2673 his
1227 2625 1517 2691 temporibus
1540 2636 1651 2688 toga
1674 2623 1814 2672 libera
1839 2622 1984 2671 indui.

434 2691 505 2739 Ea
526 2704 680 2740 autem
706 2692 737 2739 fi
762 2693 1008 2739 Rubenius
1029 2690 1325 2751 observasset,
1361 2708 1456 2738 non
1478 2689 1661 2738 videtur
1687 2689 1885 2736 fundum
1919 2688 2018 2736 suae
2053 2686 2289 2752 opinionis
2312 2686 2361 2734 in
2385 2686 2489 2735 Sta-

372 2756 441 2803 tio
473 2757 736 2821 positurum
769 2755 914 2804 fuisse.
984 2759 1208 2804 Attamen
1239 2757 1315 2804 Cl.
1340 2757 1594 2816 Graevius,
1628 2758 1706 2819 qui
1739 2755 1935 2802 Ferrarii
1968 2753 2249 2801 solutionem
2287 2753 2488 2818 legerat,

372 2821 636 2869 adhucdum
659 2821 884 2869 affirmare
901 2821 1139 2880 sustinuit,
1174 2822 1358 2881 „istum
1386 2822 1521 2871 Statii
1542 2822 1703 2869 locum
1726 2833 1971 2885 tantopere
1991 2819 2176 2868 firmare
2198 2836 2299 2867 eam
2325 2817 2491 2866 Rube-

373 2920 409 2946 „
442 2887 504 2932 nii
537 2886 835 2946 sententiam,
870 2900 922 2933 ut
954 2887 1070 2934 nihil
1101 2886 1200 2934 fieri
1232 2887 1370 2951 possit
1403 2886 1631 2952 liquidius.
1698 2887 1788 2933 Per
1810 2883 1978 2946 firios,
2010 2887 2200 2951 pergit,
2220 2888 2339 2946 finus
2375 2878 2491 2930 nihil

376 2983 412 3010 „
446 2951 600 3013 potest
632 2952 858 3015 intelligi,
893 2951 976 2998 nifi
1014 2964 1280 3015 praetexta,
1316 2969 1410 3000 non
1433 2969 1573 3013 vero,
1607 2965 1661 2999 ut
1690 2953 2022 3016 interpretatur
2041 2950 2301 3009 Ferrarius,
2335 2948 2492 2996 tunica

374 3049 409 3076 „
445 3015 499 3062 ad
523 3016 681 3114 peStqs
696 3016 838 3129 ’Qfive
861 3016 909 3063 in
930 3015 1029 3064 finu
1055 3017 1149 3064 lato
1175 3016 1307 3066 clavo
1333 3018 1534 3083 insignis.
1602 3016 1724 3078 Qus
1743 3018 1867 3065 enim
1901 3031 2102 3081 unquam
2138 3013 2286 3062 smum
2326 3011 2490 3063 tribuit
2544 3036 2545 3041 =

377 3114 414 3141 „
448 3093 655 3134 tunicae.
698 3102 725 3128 e
750 3097 791 3128 c.

2496 2757 2504 2779 κ

2360 3141 2493 3197 ¹Cum
2545 3151 2546 3154 ¹

428 3260 490 3314 (a)
517 3259 607 3307 Lib·
625 3258 767 3305 XLV·
787 3272 823 3312 P·
839 3269 932 3315 ²7¹·
989 3262 1055 3314 (b)
1084 3259 1152 3309 De
1175 3261 1244 3307 Re
1265 3260 1433 3310 Vestiat.
1454 3260 1547 3306 Lib.
1569 3262 1601 3308 1.
1626 3276 1664 3308 e.
1683 3276 1746 3318 ¹4·
1803 3261 1868 3315 (c)
1900 3257 2087 3305 Anale‘el.
2106 3270 2144 3301 c.
2164 3269 2231 3302 20.
