2547 3708
719 114 1445 179 PERJ..MASSON.

2046 141 2063 174 1
2080 141 2097 175 1
2112 142 2130 175 1

40 221 214 270 vitrum
234 213 371 276 hujus‘
390 210 512 258 filius
532 209 607 257 ille
631 210 762 258 nobis
794 211 987 257 omnino
1007 209 1220 270 videtur,
1255 210 1380 273 quod
1403 208 1514 258 Lib.
1539 209 1577 258 Ι.
1604 222 1662 257 ex
1689 210 1846 258 Ponto
1868 211 1959 277 Ep.
1982 214 2045 263 11.
2082 218 2137 263 ad

37 282 179 349 ipsum
203 281 379 328 Fabium
400 275 588 334 scribat,
621 290 734 322 vers.
765 289 864 338 133.
889 276 1010 338 seqq.
1730 300 1739 309 .

59 366 77 390 .·
122 354 143 389 .‘
160 347 238 394 Ille
258 360 323 406 ego
348 341 482 404 (stim)
519 344 589 402 qui
612 340 725 387 duxi
747 341 898 402 vestros
921 342 1231 403 Hymenaeon
1254 341 1312 386 ad
1328 343 1436 404 ignes
1449 361 1465 398 3

223 410 287 454 Et
311 406 456 453 cecini
470 405 613 467 fausto
635 405 850 452 Carmina
872 407 995 468 digna
1017 416 1121 451 toro.

120 491 124 496 ·
161 474 289 534 Cujus
309 483 349 518 te
359 471 533 532 solitum
556 474 722 517 memini
741 472 914 532 laudare
937 471 1114 527 libellos,

223 539 447 597 Exceptis,
486 536 665 581 Dommo
686 539 756 597 qui
780 551 945 581 nocuere
986 551 1063 592 uo,
1098 533 1191 580 &a

34 603 145 652 Inde
163 603 334 665 liquet,
369 603 548 647 Fabium
572 602 754 646 huncce
777 612 890 646 tunc
913 599 1100 645 demum
1127 613 1320 645 uxorem
1346 597 1549 658 duxisse,
1585 614 1690 645 cum
1708 601 1801 662 jam
1827 599 2004 647 Noster
2027 603 2138 647 Car-

31 672 142 716 mina
168 667 367 713 condere
388 665 579 720 soleret3
617 663 836 725 fiquidem
862 665 909 709 in
932 666 1027 725 ejus
1049 664 1273 709 honorem
1297 665 1635 723 Epithalamium
1659 665 1845 711 cecinit.
1915 665 2061 724 Qiod
2089 667 2136 711 in

30 732 279 778 Consulem
307 732 433 777 Anni
456 730 520 777 U.
543 729 600 774 C.
623 727 961 775 DCCALIII.
996 727 1317 788 (Varroniani)
1351 728 1431 774 vix
1464 729 1624 773 cadere
1657 729 1841 791 potest5
1877 746 1932 775 eo
1957 733 2136 786 minus,

29 796 153 861 quod
177 796 305 843 illum
330 794 528 842 Ovidius
537 794 737 852 juvenem
758 805 925 851 vocat,
961 793 1039 855 qui
1064 805 1217 838 tamen
1244 793 1313 837 his
1346 793 1633 855 temporibus
1652 795 1747 856 jam
1769 794 1893 858 ftnex
1916 794 2066 854 foret,
2101 794 2134 841 fi

29 862 200 908 XXII.
225 874 331 906 ante
354 860 477 905 annis
499 856 808 903 Consulatum.
829 856 1049 920 gestisset:
1085 855 1196 902 Lib.
1222 856 1285 902 ll.
1309 872 1366 902 ex
1391 858 1544 903 Ponto
1570 857 1641 903 El.
1671 858 1762 904 ΠΙ.
1784 873 1896 906 vers.
1921 873 1997 920 55.

155 927 318 973 Scilicet
340 925 574 985 indignam,
603 922 819 981 JUVEle
853 922 1080 982 ramffime,
1114 922 1227 967 ducis

217 986 386 1048 Testem·
408 990 592 1033 comitem
603 987 758 1047 stantis
773 990 821 1036 *in
842 988 933 1033 orbe
956 987 1087 1032 Dede.

25 1055 177 1100 Immo
200 1051 537 1099 Fabius-Ovidii
570 1052 743 1097 amicus
770 1052 950 1115 aliquot
987 1050 1092 1114 post
1114 1050 1350 1099 Nostrum
1386 1051 1512 1097 annis
1545 1063 1676 1098 natus
1698 1049 1789 1110 est,
1824 1063 1876 1097 ut
1901 1067 2011 1097 mox
2038 1065 2130 1099 tra-

23 1119 118 1179 dit,
152 1133 264 1171 vers,
286 1124 453 1172 69-7z·.

64 1234 69 1236 .
100 1211 104 1216 ·
151 1183 300 1230 Movit
324 1184 532 1228 amicitiae
549 1191 639 1227 tum
661 1191 702 1228 te
723 1180 947 1242 constantia
970 1183 1109 1244 longae
1121 1203 1138 1238 3

218 1247 344 1292 Ante
369 1259 473 1308 tuos
498 1259 628 1292 ortus
653 1262 755 1308 quae
774 1246 882 1292 mihi
901 1257 1034 1306 coepta
1052 1246 1161 1308 fuit.

147 1311 214 1357 Et
232 1311 339 1371 quod
357 1326 450 1357 ems
472 1313 568 1356 aliis
579 1311 756 1372 fabius,
791 1310 906 1357 mihi
928 1324 1059 1357 natus
1080 1311 1281 1357 amicus:

213 1375 418 1441 ¹Quodque
438 1376 517 1421 tibi
533 1375 584 1423 in
607 1377 736 1422 cunis
764 1375 896 1436 oscula
910 1379 1053 1435 prima
1077 1377 1199 1433 dedi,
1234 1375 1327 1422 &c.

47 1423 49 1425 ¹
84 1437 176 1486 ΙΙΙ.
210 1438 419 1502 Epistola
444 1455 630 1503 quoque
652 1441 796 1486 VIII.
822 1439 1020 1504 ejusdem
1046 1440 1180 1486 Libri
1204 1440 1295 1486 IV.
1316 1455 1373 1485 ex
1397 1439 1554 1485 Ponto
1579 1436 1684 1501 post
1710 1437 1908 1501 Augusti
1943 1438 2127 1486 obitum

19 1503 183 1568 scripta
203 1503 265 1550 est
287 1504 461 1564 Suillio,
495 1506 573 1569 qui
596 1504 795 1552 Nasonis
818 1505 1080 1568 privignam
1104 1503 1296 1551 duxerat
1320 1518 1515 1551 uxorem
1529 1506 1571 1548 ᾖ.
1606 1502 1785 1550 Ibidem
1810 1504 1934 1550 enim
1948 1505 2123 1550 Germa-

18 1571 150 1616 nicum
174 1568 435 1630 alloquens,
468 1570 530 1616 ait
555 1585 667 1616 vers.
694 1578 771 1632 63.
796 1576 875 1630 64.

145 1634 208 1680 Et
235 1633 407 1692 modo,
444 1634 627 1698 Caesar,
663 1634 852 1694 A'vurn,
886 1650 1004 1696 quem
1023 1637 1163 1682 virtus
1185 1634 1350 1685 addidit
1370 1633 1517 1694 astris,

204 1699 437 1746 Sacrarimt
460 1701 601 1762 aliqua
624 1703 810 1747 carmina
823 1711 949 1761 parte
971 1713 1122 1746 tuum.

16 1759 319 1810 Germanicus
344 1780 510 1828 nempe
531 1764 775 1828 adoptatus
797 1762 823 1810 εὶ
847 1763 1070 1825 Tiberio,
1105 1760 1496 1828 quemAugustus
1515 1759 1839 1824 adoptaverat,
1873 1763 2023 1807 Avum
2044 1760 2127 1808 ha-

15 1826 118 1873 buit
139 1828 421 1891 Augustum.
490 1829 613 1876 Illud
647 1842 799 1876 autem
835 1830 948 1876 modo
985 1829 1254 1894 fignificat,⁴
1281 1828 1331 1874 ἃ
1364 1829 1480 1874 hanc
1505 1823 1791 1890 Epii'colam,
1825 1825 2041 1887 &ipsum
2075 1828 2125 1873 in

15 1891 215 1953 Augusti
239 1906 436 1938 mortem
462 1910 604 1955 opus,
639 1893 718 1940 sub
741 1895 877 1957 hujus
903 1896 1010 1941 anni
1034 1894 1207 1954 finem,
1240 1891 1315 1941 vel
1339 1893 1568 1939 summum
1604 1889 1685 1937 sub
1709 1890 1913 1954 proximi
1949 1891 2122 1952 princi-

12 1955 140 2018 pium
157 1987 173 2013 ‚
207 1953 334 2001 fuiffe
361 1956 562 2003 condita.

77 2018 170 2065 1V.
206 2021 408 2066 Mortuo
441 2020 600 2067 itidem
634 2020 849 2085 Augusto
883 2021 1061 2070 Noster
1090 2038 1141 2068 ea
1174 2020 1389 2079 inseruit,
1425 2035 1539 2083 quae
1572 2019 1793 2081 leguntur
1824 2018 1935 2078 Fast.
1958 2019 2058 2064 Lib.
2079 2020 2120 2066 l.

12 2082 91 2130 ubi
115 2084 264 2129 Poeta
290 2088 558 2131 Carmentem
582 2085 637 2131 de
661 2087 884 2132 Romano
913 2086 1118 2148 Imperio
1140 2087 1470 2133 vaticinantem
1498 2083 1561 2130 fic
1585 2082 1766 2130 inducit
1794 2081 1819 2128 ὲ
1840 2098 1953 2130 vers.
1980 2095 2087 2144 531.

138 2149 204 2193 Et
214 2161 336 2207 penes
360 2149 596 2211 Augustos
611 2154 779 2209 patriae
804 2152 935 2196 tutela
957 2152 1153 2197 manebit.

202 2213 331 2258 Ham
342 2212 419 2272 fas
444 2213 617 2273 Imperii
631 2213 791 2274 fraena
811 2225 944 2260 tenere
967 2216 1145 2260 domum.

137 2277 239 2323 Inde
263 2292 407 2339 nepos
431 2277 636 2339 natusque
660 2278 760 2323 Dm
798 2280 908 2338 (licet
929 2277 1008 2341 ipse
1028 2277 1220 2333 recuset)

201 2342 394 2388 Pondera
417 2342 567 2403 coelesti
586 2352 718 2388 mente
734 2353 913 2402 paterna
926 2343 1055 2405 feret.

136 2406 273 2466 thue
293 2422 358 2468 ego
373 2410 579 2467 perpetuis
603 2409 698 2453 olim
708 2407 911 2468 sacrabor
931 2410 974 2454 in
995 2409 1083 2453 aris
1095 2429 1111 2464 3

202 2470 272 2516 Sic
306 2471 561 2517 AuGus‘rA
596 2487 748 2518 novum
775 2472 940 2532 JULIA
974 2488 1124 2518 numen
1155 2473 1246 2518 erit.

10 2532 83 2581 Ex
107 2533 272 2596 quibus
309 2533 599 2596 perspicuum
637 2535 724 2595 fit,
759 2551 1043 2599 quantopere
1075 2535 1151 2581 Cl.
1179 2537 1375 2596 Norifiiis
1399 2534 1460 2595 (a)
1483 2532 1731 2590 erraverit,
1764 2530 1874 2577 dum
1909 2531 2118 2591 asseruit,

11 2597 232 2646 Ovidium
260 2600 410 2646 Libros
435 2600 650 2661 Fastorum
673 2600 846 2663 exsulem
857 2601 1085 2663 scripstffii‚
1117 2603 1286 2648 vivente
1307 2599 1440 2645 adhac
1463 2598 1660 2659 Augusto.
1719 2597 1902 2642 Etenim
1945 2612 1982 2641 1.
2015 2599 2111 2642 Ne-

0 2675 74 2722 pos
94 2665 160 2708 ille
183 2663 378 2724 natusque
403 2666 521 2724 Dei,
556 2665 636 2727 qui
657 2665 768 2712 licet
799 2665 1021 2712 recusaret
1037 2699 1052 2724 ‚
1087 2681 1199 2711 mox
1224 2678 1378 2710 tamen
1402 2663 1590 2724 Imperii
1616 2660 1817 2724 pondera
1840 2659 1975 2718 tulit,
2009 2660 2109 2706 nul-

7 2726 76 2773 lus
96 2738 219 2772 certe
240 2728 349 2774 alius
374 2742 687 2792 praeterquam
712 2727 900 2777 Tiberius
933 2729 1186 2793 adoptione
1200 2730 1324 2790 filius
1347 2726 1579 2791 Augusti,
1611 2728 1703 2788 jam
1735 2726 1868 2770 Divis
1891 2739 2110 2769 annume-

8 2790 120 2850 rati,
153 2805 205 2836 ac
232 2789 334 2836 ideo
357 2807 472 2852 nepos
489 2794 600 2853 Julii
628 2794 853 2853 Caesaris,
889 2796 1008 2841 inter
1029 2796 1145 2842 Deos
1169 2795 1331 2855 utique
1365 2791 1633 2839 consecrati.
1702 2788 1802 2852 Ipse
1826 2789 1960 2834 etiam
1991 2790 2108 2834 Tibe-

9 2857 119 2914 rius,
135 2867 188 2901 ut
206 2855 403 2902 Tacitus
426 2856 492 2917 (b)
519 2858 734 2918 testatur,
759 2859 976 2922 perplexa
995 2859 1044 2905 &
1068 2857 1257 2905 obscura
1279 2858 1487 2903 oratione
1513 2854 1765 2917 Imperium
1793 2850 1819 2898 ὲ
1841 2853 1885 2897 se
1905 2852 2104 2913 primum

11 2920 193 2981 rejicere
217 2918 368 2965 voluit
385 2953 400 2977 ‚
436 2936 520 2966 nec
544 2920 587 2965 id
610 2922 651 2967 se
674 2925 884 2987 accipere
909 2923 1165 2981 simulavit,
1201 2921 1284 2968 nifi
1307 2921 1549 2984 postquam
1580 2920 1772 2965 Senatus
1798 2916 2008 2979 precibus
2029 2932 2102 2961 ur-

13 2980 138 3043 fisset.
201 2983 348 3043 Qod
385 2983 433 3031 ὃς
465 2985 713 3032 Suetonius
749 2989 905 3050 paucis
937 2989 1136 3036 narravit
1161 2986 1252 3050 (c):
1286 2987 1613 3048 Principdtum,
1646 2985 1738 3042 ait,
1770 2983 1960 3044 quamvis
1982 2996 2105 3042 neque

2041 3060 2104 3090 οεδ-

64 3134 89 3158 *
112 3134 215 3178 Vide
231 3151 334 3179 vers.
352 3151 465 3191 9-12.
490 3137 528 3179 &
548 3138 633 3191 sup.
653 3149 740 3193 pag.
764 3150 828 3190 50.

68 3186 128 3238 (a)
148 3187 216 3229 De
234 3191 381 3232 Cenot.
402 3191 530 3232 Pisau.
557 3204 594 3244 p.
620 3204 709 3233 201.

68 3240 128 3292 (b)
157 3242 300 3291 Annal.
319 3244 412 3287 Lib.
437 3245 471 3291 1.
492 3244 578 3287 init.
635 3246 699 3298 (c)
728 3244 778 3286 In
796 3240 893 3289 Tib.
917 3244 966 3288 C.
988 3245 1156 3289 XXIV.
