2547 3708
863 86 894 168 '1⁴
1036 110 1084 170 B

1231 110 1260 171 1
1401 114 1454 174 S.
2151 144 2220 197 55

384 215 623 277 Perbibit
648 214 773 270 inde
798 213 915 270 suae
939 212 1142 269 rabiem
1169 217 1392 274 nutricis
1416 220 1676 287 alumnus,

452 293 637 346 Latrat
670 289 722 342 &
753 288 808 341 in
839 301 959 342 toto
989 288 1150 342 verba
1174 291 1388 360 canina„
1413 291 1549 347 foro.

241 389 271 422 2
280 386 345 437 35
385 365 746 434 Membraque
772 360 1058 415 vinxerunt
1087 361 1262 416 tinffls
1289 364 1561 437 ferrugine
1587 366 1798 438 panniS,

459 441 514 493 A
539 435 675 492 male
710 433 922 489 deserto
945 449 1081 507 quos
1108 451 1332 507 rapuere
1358 454 1511 510 rogo.

97 664 292 704 Avicenna
317 660 377 701 lib.
396 673 451 699 iv.
486 660 559 698 fen.
578 656 616 696 6.
634 655 736 695 traci.
764 666 796 695 1.
816 665 960 706 cap.32.
987 656 1130 713 viperas

97 718 136 754 &
156 717 332 754 dracones
359 723 474 750 mares
504 708 651 747 feminis
675 707 876 745 deteriores
896 705 967 744 effe
986 706 1130 756 scripse-

97 768 165 811 rit;
196 777 266 816 qua
279 765 323 804 de
336 776 373 802 re
394 760 568 800 videndus
580 758 808 815 Mercurialis
832 756 1012 815 lib.2.·de
1023 757 1131 795 Mor·

101 817 153 855 bis
174 815 388 855 Venenatis.
436 812 519 849 Nec
532 822 619 848 vero
633 820 773 858 viperas
783 809 1130 847 feminasinternos-

99 879 181 906 cere
203 866 346 905 difficile
367 863 436 907 est,
464 873 550 911 quas
581 862 618 898 &
637 871 701 898 ore
720 859 927 908 patentiore
948 860 986 898 &
1007 867 1129 898 extre-

98 929 164 956 mo
185 928 338 966 corpore
360 913 540 952 crassiores
552 911 621 950 esse
635 911 784 968 constat.
839 911 931 959 Quo
954 909 994 967 fit
1015 918 1055 949 ut
1068 922 1128 948 ea-

96 981 176 1008 rum
198 967 335 1006 morsus
367 965 441 1013 plus
469 963 587 1001 multo
618 961 769 1011 periculi
787 960 921 1000 habere
943 961 1131 1000 Nicander

98 1019 286 1058 existimet.
338 1016 534 1054 Caeterum
547 1013 629 1057 felle
655 1024 720 1061 pro
743 1023 890 1050 veneno
909 1011 1002 1049 dixit
1034 1013 1132 1049 Ovi-

97 1071 200 1115 dius,
225 1068 401 1119 quoniam
418 1095 428 1111 ,
455 1074 493 1103 ut
513 1064 562 1102 ait
581 1064 718 1102 Plinius
743 1062 863 1101 lib.1r.
891 1074 969 1111 cap.
993 1074 1052 1111 37.
1080 1063 1131 1101 fel

97 1132 281 1159 venenum
314 1118 361 1156 est
389 1117 610 1165 serpentium
637 1142 646 1159 ‚
674 1113 778 1163 quod
795 1113 832 1151 in
853 1113 1028 1151 omnibus
1049 1115 1128 1152 ani-

95 1171 275 1210 mantibus
287 1167 376 1207 nihil
389 1168 437 1205 est
455 1165 550 1205 aliud
568 1193 578 1210 ,
593 1176 705 1215 quam
717 1173 1003 1213 purgamentum
1023 1165 1128 1213 pessi-

93 1222 148 1260 mi
165 1220 368 1269 sanguinis,
403 1219 443 1256 &
467 1217 552 1255 ideo
582 1217 618 1254 in
649 1216 802 1253 materia
830 1215 906 1264 ejus
930 1215 990 1252 est.
1048 1215 1129 1253 Ser-

91 1272 262 1321 pentibus
289 1279 412 1308 autem
443 1269 615 1317 portione
642 1264 807 1304 maxime
836 1265 1028 1314 copiosum
1053 1266 1127 1312 est,

92 1331 134 1361 ut
153 1323 191 1360 &
204 1322 354 1370 piscibus
368 1349 378 1365 ,
400 1319 535 1357 eodem
548 1318 668 1356 Plinio
688 1317 788 1355 teste.
841 1317 888 1355 Et
907 1316 1129 1366 serpentium

91 1384 282 1412 venenum
302 1372 403 1409 aiunt
414 1398 423 1414 ,
437 1370 580 1420 quoties
597 1369 675 1407 irati
687 1366 881 1412 mordent,
913 1367 933 1405 ὲ
946 1367 1028 1406 cista
1042 1369 1132 1408 fellis

90 1436 156 1473 per
183 1423 349 1473 augustos
381 1429 522 1460 meatus
553 1419 637 1458 ferri
665 1418 710 1457 ad
740 1418 913 1456 dentium.
926 1419 1064 1457 radices
1092 1420 1130 1458 in

92 1475 274 1519 sacculos,
297 1475 335 1512 in
356 1484 441 1513 eum
461 1472 564 1511 usum
587 1469 749 1508 anatura
771 1469 926 1518 pofitos;
958 1470 1045 1507 hinc
1064 1482 1130 1509 ve-

89 1537 232 1565 nenum
260 1524 478 1574 serpentium
510 1522 689 1560 Hebraeis
719 1521 757 1558 &
801 1520 897 1570 Syris
932 1524 1062 1566 '3:9⁹5
1089 1523 1129 1561 ὅ(

91 1580 208 1623 &ww
234 1577 318 1624 quia
339 1586 525 1612 venenum
559 1573 764 1621 serpentum
786 1571 834 1609 est
850 1572 886 1608 in
908 1571 1010 1609 felle:
1039 1584 1126 1611 nam

91 1629 129 1666 &
158 1631 275 1679 &⁵8²1
305 1626 481 1663 Hebraeis
510 1623 557 1661 est
588 1624 667 1667 fel,
696 1631 734 1659 ut
755 1621 961 1660 observavit
982 1622 1130 1662 Samuel

90 1677 312 1721 Romanus,
342 1677 395 1714 vir
414 1674 762 1722 Hebra'i'caelinguae
782 1673 1012 1720 peritiffimus
1028 1702 1038 1718 ,
1069 1675 1129 1713 lib.

91 1740 140 1767 υ.
158 1729 203 1766 de
214 1728 445 1766 Phoenicum
460 1726 650 1770 Coloniis,
679 1735 756 1773 cap.
771 1735 826 1772 ις.
855 1725 1071 1770 Satvmu„
1084 1726 1131 1764 de

91 1779 243 1818 colubra
261 1778 345 1817 vide
365 1779 410 1815 ad
431 1789 484 1815 iv,
512 1777 708 1822 Met-474.

142 1842 228 1880 230.
253 1835 381 1881 Terque
392 1838 588 1866 cruentatas
599 1827 789 1874 increpuere
809 1826 976 1877 mariun]
1003 1826 1044 1866 Id
1056 1827 1104 1866 est
1119 1856 1130 1874 ‚

89 1889 145 1918 ter
164 1881 391 1929 plauserunt,
417 1890 503 1917 nam
526 1880 564 1917 in
585 1877 708 1925 plausu
736 1876 884 1921 dando,
914 1887 1055 1917 veteres
1075 1887 1130 1918 ter

94 1941 190 1968 voce
217 1931 256 1968 ὃ(
285 1929 464 1968 manibus'
483 1928 763 1978 significationes
793 1929 904 1966 laetas
931 1929 1016 1966 dare
1037 1929 1130 1967 sole-

94 1981 180 2018 bant
189 1995 202 2024 3
230 1980 340 2030 idque
358 1991 425 2028 pro
443 1980 565 2017 multis
593 1978 804 2016 habebatur.
839 1977 951 2016 Unde
981 1978 1130 2019 Flaccus

92 2031 154 2069 lib.
175 2042 222 2068 11.
247 2030 480 2067 Carminum.
497 2040 552 2075 17.

140 2103 291 2135 Laetum
314 2096 462 2133 theatris
480 2105 533 2132 ter
554 2093 684 2143 crepuit
702 2094 836 2141 fimum.

92 2167 141 2205 Er
159 2164 378 2214 Propertius.
398 2174 462 2201 111.
474 2172 609 2208 vnn-1.

143 2239 188 2273 Et
207 2235 367 2274 manibus
377 2232 509 2281 faustos
527 2242 578 2271 ter
599 2239 749 2281 crepuere
762 2231 873 2280 sonos.

95 2310 171 2348 Hic
190 2308 281 2348 vero
309 2319 360 2347 ter
382 2309 516 2358 signate
550 2306 690 2346 dietum
712 2335 724 2351 ,
762 2308 849 2355 quia
870 2303 1043 2342 ternarius
1064 2313 1133 2359 nu-

97 2371 216 2398 merus
236 2360 384 2398 infernis
403 2361 498 2399 sacer
520 2367 607 2397 erat.
660 2358 745 2396 Imo
768 2358 806 2395 &
826 2357 863 2394 in
884 2356 987 2393 rebus
1008 2364 1133 2411 omni·

97 2411 160 2449 bus
179 2410 310 2448 divinis
320 2412 478 2449 ternario
488 2420 646 2449 numero
667 2408 799 2457 priscos
816 2408 870 2445 nti
882 2405 1004 2443 solitos
1015 2413 1127 2460 etiam

97 2473 141 2499 ex
151 2460 342 2499 Aristotele
358 2461 525 2500 discimus
552 2460 611 2498 lib.
621 2472 647 2498 1.
659 2459 704 2498 de
717 2458 852 2495 Coelo.
906 2456 941 2495 Si
959 2465 1087 2495 tamen
1106 2465 1134 2492 is

98 2512 228 2550 author
253 2512 314 2550 est.
364 2512 516 2550 Tritum
538 2510 587 2549 est
617 2510 706 2549 illud
725 2509 872 2557 Virgilii
893 2519 939 2545 ex
955 2507 1129 2564 Pharma-

97 2563 253 2607 ceutria,
282 2568 434 2600 Numero
461 2568 553 2600 Deus
580 2561 711 2609 impare
726 2561 866 2609 gaudet.
919 2558 1009 2596 Alio
1030 2555 1129 2595 sensu

101 2612 236 2651 dierum
258 2613 305 2651 est
323 2613 343 2651 a
362 2614 557 2662 Propertio
572 2611 632 2650 lib.
645 2624 701 2650 iv.
721 2622 856 2649 vinu.

457 2693 555 2702 —.
585 2692 683 2701 .-
790 2680 795 2685 ·
813 2678 840 2715 l·

205 2731 381 2770 Pollicibus
390 2731 538 2781 fragiles
556 2679 901 2780 imrepueiitrbbbus.

104 2803 230 2849 Quem
249 2798 376 2838 locum
396 2800 745 2851 Iosephus-Scaliger
766 2801 973 2850 eleganter,
1000 2805 1040 2837 ut
1061 2797 1133 2835 mi-

100 2849 302 2898 hiquidem
321 2849 486 2897 videtur,
511 2851 686 2901 exposuit.
738 2851 907 2889 SALVAG.
932 2851 992 2888 De
1010 2848 1133 2898 plausu

100 2900 251 2949 quidem
264 2908 394 2949 crepare
407 2899 479 2937 dici
494 2902 623 2940 fateor.
633 2902 694 2940 sed
707 2903 743 2941 &
758 2901 873 2951 poffet
884 2903 944 2939 hic
956 2901 1000 2939 de
1013 2899 1134 2938 sonitu

101 2951 326 3000 flagellorum
350 2978 359 2993 ,
393 2961 487 2998 quae
513 2951 640 2990 Furiae
661 2954 826 2991 manibus
847 2960 998 2996 tenent,
1026 2950 1133 2989 intel-

99 3001 164 3051 ligi
189 3001 302 3038 locus.
328 3011 413 3038 narn
435 2999 481 3038 de
507 3001 560 3038 his
580 3010 710 3050 crepare
735 3004 962 3053 &increpare
984 3003 1130 3051 proprie

101 3053 185 3091 dici·
199 3051 311 3090 docet
338 3050 582 3089 Broukhusius
610 3051 655 3088 ad
684 3052 867 3101 Prop.1v.
892 3066 964 3092 v11.
983 3064 1045 3092 21.
1080 3054 1130 3092 ita

95 3103 278 3152 sonantem
291 3102 414 3152 pinum
427 3101 518 3141 dixit
529 3102 565 3139 V
569 3102 650 3140 aler.
666 3101 762 3140 Flac.
773 3115 820 3143 11.
844 3116 927 3154 ως.
948 3105 1011 3144 ubi
1031 3103 1131 3145 vide.

102 3153 232 3193 Bunm.
1101 3166 1104 3167 ⁷

153 3216 239 3255 231.
264 3202 506 3255 Imbuerunt.]
536 3203 737 3244 imbuerant
757 3202 875 3253 multi.

2084 466 2223 574 *Et

1243 665 1327 705 133.
1356 655 1507 696 Perbibit
1528 658 1608 696 inde
1622 659 1707 708 suas
1719 659 1849 698 rabiem
1863 660 2006 699 nutricis
2027 660 2226 711 alumnus]

1186 704 1229 743 In
1250 708 1413 745 moribus
1434 709 1674 749 inolescendis
1701 723 1873 760 magnam
1905 714 1979 750 fere
1998 722 2137 761 partem
2159 726 2229 751 nu-

1186 757 1282 794 tricis
1302 759 1494 807 ingenium
1514 762 1551 797 δε
1574 769 1700 799 natura
1721 763 1819 800 lafflis
1846 772 1969 807 tenet,
1996 775 2089 812 quae
2113 764 2229 802 infusa

1185 815 1315 846 tenero
1339 812 1377 847 &
1398 814 1513 847 mixta
1534 820 1731 859 parentum*
1746 813 1874 851 semini
1892 815 2010 852 adhuc
2031 816 2166 855 recenti
2181 827 2228 853 ex

1185 859 1254 896 hac
1273 860 1422 908 gemina
1449 864 1693 900 concretione
1725 875 1835 900 unam
1864 865 2028 902 indolem
2064 864 2231 914 configu-

1184 917 1260 952 rat,
1289 911 1342 948 uti
1364 911 1439 948 fuse
1457 912 1560 960 juxta
1583 913 1620 950 δε
1644 913 1825 962 eleganter
1839 913 1969 952 diss'erit
1993 915 2230 960 Macrobius,

1186 972 1353 999 enarrans
1373 961 1461 1000 illud
1474 962 1719 1012 Virgilianum
1736 991 1746 1008 ,
1771 964 2009 1013 Hircanaeque
2037 967 2229 1003 admorunt

1187 1010 1292 1048 ubera
1323 1013 1446 1059 tigres,
1475 1013 1533 1051 lib.
1558 1026 1592 1051 v.
1630 1015 1897 1058 Saturnalium,
1936 1027 2012 1064 cap.
2038 1028 2091 1053 11.
2130 1017 2227 1056 Item

1186 1062 1304 1100 Aulus
1328 1063 1623 1102 Gelliuslib.x11.
1653 1065 1766 1103 Noec.
1781 1066 1986 1114 Attic.cap.
2002 1079 2033 1104 1.
2060 1066 2102 1104 In
2116 1078 2227 1115 quam

1184 1113 1402 1151 sententiam
1441 1115 1479 1151 P.
1511 1115 1695 1153 Bellonius
1732 1117 1849 1154 scribit
1892 1117 2072 1156 observat.
2101 1117 2161 1156 lib.
2184 1131 2232 1158 11,

1185 1175 1262 1212 cap.
1284 1175 1344 1202 20.
1373 1164 1406 1201 se
1431 1164 1559 1202 vidiss'e
1588 1166 1832 1205 Alexandriae
1861 1167 2046 1217 hyaenam
2067 1196 2078 1213 ,
2116 1181 2230 1217 quam

1183 1223 1355 1252 mutuato
1369 1215 1411 1252 ab
1425 1215 1601 1254 Arabibus
1613 1218 1770 1254 nomine
1789 1218 1945 1255 civeram
1961 1219 2123 1264 vocant',
2134 1221 2230 1258 adeo

1186 1266 1346 1304 cicurem
1360 1293 1371 1311 ,
1397 1276 1437 1304 ut
1458 1278 1542 1304 cum
1562 1267 1774 1306 hominibus
1797 1269 2023 1311 colluderet,
2051 1272 2136 1318 quia
2152 1298 2161 1315 ,
2176 1273 2233 1309 vi-

1189 1315 1346 1362 delicet,
1376 1317 1419 1355 ab
1449 1318 1601 1356 ineunte
1631 1328 1750 1356 aetate
1779 1321 1945 1357 humano
1964 1319 2057 1357 laete
2079 1321 2233 1360 educata.

1189 1367 1320 1405 fuerat.
1373 1368 1512 1407 Rarum
1534 1370 1726 1417 musceto,
1755 1370 1875 1419 inquit
1896 1371 1977 1415 ille,
2007 1371 2056 1408 ita
2078 1373 2231 1411 cicurari

1188 1417 1289 1466 posse
1310 1419 1445 1457 animal
1474 1419 1569 1458 adeo
1590 1422 1709 1459 ferum
1733 1422 1771 1472 ὃς
1794 1420 2034 1459 indomitum.
2086 1424 2232 1470 Quibus

1188 1469 1433 1508 consentanea
1460 1471 1569 1509 refert
1600 1472 1645 1509 de
1673 1472 1802 1520 tigride
1831 1471 1946 1519 Julius
1973 1472 2102 1510 Caesar
2122 1474 2232 1511 Scali-

1183 1522 1686 1568 ger‚exercitationeccx11.
1715 1523 1920 1562 cuilemma
1935 1552 1944 1567 ,
1964 1524 2142 1572 Qomodo
2152 1527 2230 1561 ani·-

1184 1570 1295 1607 malia
1305 1573 1386 1618 fera
1404 1573 1610 1611 cicuremur.
1663 1573 1816 1613 Satvrio
1825 1587 1864 1612 N.
1896 1575 2046 1611 Perbibit
2064 1574 2233 1623 Plerique

1186 1631 1340 1672 veteres.
1373 1623 1465 1661 mihi
1493 1633 1619 1660 tamen
1641 1623 1818 1663 distichon
1839 1626 1914 1662 hoc
1940 1624 2141 1674 suspectum
2162 1654 2171 1669 ‚
2192 1634 2232 1663 ut

1186 1673 1288 1721 supra
1307 1673 1347 1715 Ji.
1366 1685 1421 1719 14.
1443 1675 1516 1721 jam
1547 1675 1625 1712 sum
1643 1675 1800 1715 testatus·
1860 1676 2007 1714 Heras.
2035 1675 2136 1715 ebibit
2159 1676 2232 1715 alii.

1181 1724 1341 1773 praebuit
1368 1733 1439 1762 tres
1456 1724 1548 1763 libri.

1238 1799 1327 1837 235.
1367 1787 1598 1838 Membraque
1620 1789 1864 1839 junxerunt.]
1902 1790 2038 1829 Melius
2063 1817 2073 1835 ,
2107 1789 2236 1828 vinxes

1186 1849 1284 1876 runt.
1295 1839 1381 1877 licet
1395 1840 1431 1876 ὃ(
1444 1839 1518 1878 hoc
1527 1837 1644 1888 posset
1656 1840 1806 1878 defendi
1820 1841 2075 1879 CorisTAEAN.
2092 1842 2125 1879 S.
2139 1842 2234 1878 Hie-0

1186 1901 1366 1938 ronymus
1387 1892 1424 1927 in
1437 1901 1514 1939 cap.
1533 1902 1624 1928 vm.
1644 1891 1858 1929 Ezechielis.
1896 1893 2232 1938 Tenerainfantium

1186 1950 1321 1989 corpora
1339 1941 1467 1989 pannis
1489 1941 1729 1977 involvuntur
1740 1941 1905 1989 duplicem
1926 1941 1965 1977 ob
1987 1945 2125 1989 causam
2141 1969 2151 1986 ‚
2191 1952 2233 1979 ut

1185 2001 1230 2030 (φ
1243 1991 1318 2038 fiale
1329 1989 1475 2037 siccetur
1504 2000 1618 2038 corpus
1638 2016 1648 2030 ,
1686 1990 1776 2039 quod
1791 1990 1920 2038 pannis
1951 2005 1992 2028 ne
2014 1990 2145 2039 defluat
2156 1992 2235 2040 ser-

1185 2050 1299 2076 vatur
1317 2051 1361 2078 (9¹
1374 2039 1584 2089 stringitur;
1614 2051 1656 2079 ω’
1674 2040 1835 2077 membra
1856 2041 2045 2078 tenerrima
2066 2055 2108 2079 ne
2120 2043 2234 2086 facil}¹

1186 2091 1431 2137 depraventur.
1484 2091 1601 2133 Unde,
1628 2100 1672 2129 ω’
1689 2099 1824 2138 corpora
1849 2090 2082 2128 Barbarorum
2107 2098 2233 2129 Roma-

1188 2140 1240 2176 nis
1251 2139 1438 2187 corporibus
1450 2140 1593 2176 reHiora
1605 2143 1693 2186 sunt
1706 2168 1716 2184 ,
1745 2142 1849 2188 usque
1866 2141 1914 2178 ad
1926 2141 2120 2190 secundum
2135 2144 2228 2180 enim

1190 2201 1235 2229 o·
1258 2190 1403 2226 tertium
1417 2202 1553 2227 annum
1561 2190 1921 2239 pannisinvoluntur.
1949 2192 2233 2233 SArvAGMul-

1185 2241 1213 2277 ti
1235 2240 1382 2278 codices
1404 2268 1414 2285 ‚
1446 2241 1656 2289 junxerunt.
1707 2253 1800 2280 unus
1830 2241 1973 2281 Heinsri
1991 2271 2002 2288 ‚
2034 2244 2232 2285 tinxerunt.

1186 2303 1280 2329 unus
1291 2292 1425 2341 Regius
1436 2291 1662 2336 innexerunt3
1676 2292 1819 2331 vitiose.
1841 2294 1964 2332 Cicer.
1978 2294 2146 2335 Brut.60.
2175 2297 2234 2333 dee

1188 2341 1350 2378 vine'lum
1369 2342 1491 2389 fasciis
1508 2344 1700 2380 Octavium
1729 2343 1827 2382 dicit.
1857 2344 1916 2382 sed
1937 2346 2052 2394 magis
2084 2346 2128 2384 ad
2151 2358 2230 2385 rem

1187 2393 1275 2430 facit
1293 2393 1474 2440 Vopiscus
1496 2393 1622 2432 Aurei.
1644 2405 1724 2442 cap,
1746 2405 1802 2432 1v.
1839 2395 1959 2432 Addit
1989 2395 2096 2433 etiam
2114 2396 2230 2440 illud,

1189 2443 1279 2494 quod
1299 2444 1459 2480 vinctum
1471 2444 1619 2492 fasciola
1638 2443 1876 2483 Aurelianum
1898 2445 2022 2495 aquila
2040 2447 2179 2485 innoxie
2191 2449 2232 2485 de

1189 2493 1285 2532 cunis
1314 2494 1500 2532 levaverit.
1554 2495 1630 2533 Ubi
1653 2495 1768 2534 multa
1797 2496 1988 2535 Salmasius
2011 2497 2056 2535 de
2077 2500 2228 2548 pannis,

1186 2545 1316 2595 quibus
1340 2544 1499 2583 infantes
1522 2546 1776 2585 involvuntur.
1802 2547 1931 2585 Euam.

1237 2607 1281 2644 23
1293 2608 1323 2644 ς.
1333 2596 1462 2633 Tinctis
1464 2598 1642 2645 firrugim
1649 2596 1956 2647 pannis.]Ferrugi
1962 2608 2046 2636 nem
2055 2627 2064 2644 ‚
2075 2598 2146 2637 five
2159 2599 2232 2637 fer-

1181 2649 1378 2696 rugineum
1391 2646 1554 2684 colorem
1568 2648 1809 2686 Grammatici
1825 2650 1921 2686 varie
1934 2650 2231 2697 interpretantur.

1185 2698 1330 2736 Servius
1352 2698 1452 2734 enim
1486 2697 1522 2734 in
1545 2697 1633 2736 illud
1662 2698 1804 2747 Virgilii
1826 2699 1886 2736 lib.
1909 2712 1998 2737 viu.
2026 2702 2142 2738 Pietas
2163 2714 2228 2739 acis

1186 2747 1405 2797 chlamydem
1432 2748 1663 2798 &ferrugine
1683 2748 1797 2786 clarus
1820 2749 1925 2787 lbera.
1975 2757 2140 2799 ferrugo,
2169 2754 2226 2789 in-

1187 2801 1286 2848 quit,
1317 2798 1431 2836 coloris
1448 2811 1553 2847 genus
1572 2800 1616 2848 est
1630 2828 1639 2843 ,
1666 2801 1726 2847 qui
1746 2799 1882 2837 vicinus
1900 2800 1943 2844 esi
1959 2810 2130 2850 purpurae
2143 2802 2227 2849 sub·

1188 2851 1318 2899 nigrae.
1372 2849 1542 2886 Donatus
1563 2851 1706 2888 aerium
1730 2851 1903 2899 ferrugini
1931 2852 2084 2897 tribuit,
2123 2853 2227 2900 quod

1187 2902 1321 2939 Nonio
1345 2899 1523 2937 Marcello
1553 2901 1668 2938 visum
1703 2901 1781 2943 est,
1822 2902 1875 2939 his
1907 2902 2043 2940 verbis:
2073 2904 2228 2950 ferrugi-

1188 2965 1290 2989 neum
1309 2950 1448 2988 colorem
1464 2951 1553 2997 ferri
1565 2951 1715 3000 fimilem
1735 2951 1790 3000 esse
1810 2952 1948 2989 volum.
2002 2959 2080 2990 Vere
2106 2966 2225 2990 autem

1177 3002 1399 3051 firrugineus
1424 3001 1510 3037 color
1539 3002 1709 3039 caeruleus
1737 3002 1802 3050 est,
1835 3003 1964 3051 Virgil.
1993 3005 2129 3052 Georg.
2165 3003 2226 3041 lib.

1188 3066 1242 3091 iv.
1273 3058 1319 3089 Et
1329 3051 1544 3100 ferrugineos
1564 3052 1782 3102 hyacinthos.
1806 3053 1950 3092 Plautus
1971 3055 2110 3091 Milite:
2142 3054 2225 3089 Pal-

1188 3104 1309 3142 liolum
1339 3102 1465 3138 habens
1489 3102 1724 3152 ferrugineum
1747 3131 1757 3147 ‚
1784 3110 1881 3141 Nam
1902 3104 1929 3140 is
1949 3104 2034 3141 color
2052 3103 2227 3152 thalaffius

1193 3155 1248 3200 est.
1280 3155 1319 3192 in
1353 3164 1511 3202 eamque
1540 3154 1755 3192 sententiam
1784 3155 1927 3191 videtur
1948 3154 2142 3202 capiendus
2164 3154 2227 3193 hic

1192 3205 1296 3245 iocus
1317 3203 1482 3248 Tibulli,
1509 3202 1556 3244 de
1578 3206 1680 3245 lridis
1700 3205 1904 3251 coloribus,
1931 3205 1990 3244 lib.
2004 3204 2214 3306 r.El{g.4.<

2123 3265 2226 3293 urimo
