2547 3708
224 143 302 213 {422

702 130 764 188 P.
837 125 1258 187 OVIDII
1331 125 1874 187 NASONIS

525 228 649 287 Sive
673 228 859 299 aliquis
887 227 1134 298 dignatus
1168 226 1269 282 erit
1295 225 1597 297 supponere
1624 239 1827 299 terrae,

600 306 712 358 Aut
741 302 869 356 dare
894 299 1107 372 plebejo
1133 317 1327 373 corpus
1352 301 1508 355 inane
1544 317 1698 372 rogo,

385 393 483 448 155
523 374 809 448 Quidquid
836 391 960 436 em,
999 372 1194 446 Stygiis
1220 389 1504 444 erumpere
1527 374 1666 428 nitar
1689 374 1753 429 ab
1786 375 1922 442 oris,

608 446 677 502 Et
706 446 925 501 tendam
951 445 1150 518 gelidas
1174 447 1318 502 ultor
1343 447 1399 501 in
1426 464 1518 501 ora
1543 464 1743 504 manus,

529 521 632 577 Me
656 520 875 591 vigilans
902 537 1119 583 cerneS‚
1157 520 1330 574 tacitis
1355 537 1459 590 ego
1484 521 1654 575 noclis
1678 522 1735 577 in
1761 521 1962 579 umbris

603 592 888 649 Excutiam
918 593 1162 658 somnOS,
1200 591 1337 648 visus
1360 591 1562 656 adesse,
1600 606 1740 654 tuos.

236 852 319 893 ires:
344 849 514 900 Intellige
535 847 697 888 vultures
716 875 727 892 ‚
755 857 851 896 quos
872 857 918 885 ex
937 845 1089 904 adverso
1107 846 1198 885 orbe
1221 845 1288 884 ad-

237 902 366 942 volare
387 902 551 952 plerique
573 899 820 938 crediderunt.
848 898 986 936 Plinius
1005 898 1067 936 hb.
1088 910 1126 955 X:
1150 910 1230 955 cap.
1251 897 1287 936 6.

236 954 430 993 vulturum
447 952 652 1002 praevalent
672 950 784 999 nigri;
815 949 913 986 nidos
931 962 1029 986 nemo
1055 959 1177 998 atttgtt
1191 977 1201 994 ‚
1215 947 1287 986 uleo

237 1006 348 1045 etiam
361 1007 462 1054 fuere
475 1032 486 1050 ,
499 1004 732 1055 quiputarent
751 1000 827 1038 illos
845 1013 886 1037 ex
907 1000 1056 1047 adverfh
1075 1000 1156 1056 'orbe
1174 999 1288 1056 aflvo-

236 1056 335 1101 lare,
355 1055 475 1105 falso:
505 1054 689 1101 nidificant
707 1052 857 1099 enimlin
876 1049 1099 1099 excelsiffimts
1120 1050 1262 1099 rupnbus
1279 1079 1291 1095 ,

234 1107 450 1147 Plutarchus
481 1104 632 1155 Quaest.
661 1105 824 1142 Roman.
845 1115 922 1151 cap.
943 1115 1006 1151 93.
1031 1114 1211 1163 quaerens
1229 1114 1292 1140 cur

237 1159 406 1198 Romani
425 1157 469 1196 ad
487 1156 644 1206 auspicia
661 1156 826 1194 maxime
846 1154 1048 1193 vulturibus
1067 1154 1117 1192 usi
1130 1183 1140 1198 ,
1157 1152 1164 1162 '
1180 1156 1213 1190 H
1238 1153 1295 1190 ὅτι

241 1212 316 1250 τῶν
342 1209 469 1257 ὀρνίθων
488 1207 596 1251 finaeo:
615 1209 768 1254 συνεχὴς
788 1207 850 1242 καὶ
872 1205 1010 1248 συνήθης
1032 1206 1203 1268 Ephrem,²
1218 1203 1296 1266 aas?

239 1263 312 1308 9¹5⁶?
350 1260 498 1299 veae-ria
523 1259 642 1307 γυπὸς
673 1258 845 1305 ἐντυχεῖν
876 1255 996 1300 ῥαδίως
1026 1255 1105 1296 ἒςῖν
1131 1285 1142 1302 ,
1185 1260 1296 1293 amoc

237 1311 409 1360 πόῥρωθεν
431 1311 534 1349 πόθεν
554 1308 727 1358 ἐξαπίνης
746 1308 977 1353 καταίρουσι,
1004 1307 1054 1345 διδ
1069 1308 1130 1344 καὶ
1144 1308 1295 1365 omanus-2

240 1363 304 1408 δῆς
324 1364 343 1407 ἦ
367 1363 448 1408 ’όῲις
466 1361 583 1400 αὐτῶν
604 1360 692 1403 ἐςὶν-
721 1366 787 1398 An
808 1360 892 1410 quia
912 1360 1039 1397 avium
1055 1372 1212 1417 omrazum
1226 1372 1293 1416 mvt-

241 1415 339 1455 nime
367 1415 431 1458 illa
450 1414 657 1465 frequenter
682 1411 825 1462 conspici
842 1412 955 1460 fialet,
981 1424 1051 1448 non
1081 1410 1297 1468 fmmfac‘lss

241 1466 285 1506 in
304 1466 412 1517 pullos
431 1465 590 1503 vulturis
613 1464 775 1503 incideris
788 1491 798 1508 ‚
819 1462 883 1511 sed
901 1476 943 1500 ex
966 1471 1106 1500 remotas
1124 1462 1203 1500 locas
1228 1461 1297 1499 alt-

242 1521 354 1556 eunde
369 1516 485 1568 subito
503 1515 701 1561 advolant,
730 1514 820 1552 unde
844 1513 1004 1564 sequitur
1031 1526 1148 1571 eorum
1168 1515 1299 1563 conspe-

244 1571 304 1606 &a
331 1568 470 1619 aliquid
489 1566 661 1618 portendi.
694 1566 907 1615 Antigonus
928 1567 966 1603 in
986 1575 1160 1614 congerie
1181 1577 1299 1622 παρος-

245 1618 357 1668 ἒόξων
375 1621 529 1665 ἱςοριῶν,
554 1630 678 1668 neque
706 1617 859 1655 vulturis
887 1616 1028 1665 pullum
1051 1644 1062 1661 ,
1089 1627 1212 1666 neque
1239 1628 1296 1654 ni-

241 1670 338 1710 dum
358 1671 532 1720 cuiquam
552 1669 669 1707 visum
699 1667 770 1707 effe
787 1667 908 1706 tradit.
960 1668 1200 1724 Quapropter
1216 1668 1296 1705 He·-

243 1721 401 1761 rodotus
420 1721 591 1772 Brysonis
611 1720 800 1769 sophistae
820 1727 922 1769 pater
935 1747 946 1765 ,
976 1717 1158 1776 existimat
1178 1730 1243 1775 eos
1254 1719 1298 1775 ab

244 1773 396 1812 editiori
415 1773 509 1812 aeris
528 1772 682 1821 regione
704 1770 845 1816 delabi,
874 1771 912 1809 &
935 1772 973 1809 in
1004 1769 1300 1827 emmennffimis

245 1824 398 1873 rupibus
425 1832 538 1872 atque
567 1822 753 1860 inacceffis
781 1822 969 1859 incubare.
1015 1820 1107 1859 Ideo
1139 1821 1301 1879 Phyllius

247 1875 427 1925 Cycnum
460 1872 643 1922 Apollinis
682 1874 720 1911 &
762 1872 900 1922 Hyries
927 1871 1045 1910 filium
1089 1871 1304 1920 deperiens,

245 1926 413 1976 primum
441 1925 596 1963 leonem
628 1923 703 1962 fine
732 1924 831 1961 ferro
860 1922 1045 1961 conficere
1063 1950 1074 1967 ,
1111 1930 1191 1980 tum
1213 1925 1307 1961 duos

246 1977 411 2016 vultures
438 1977 545 2014 vivos
568 1986 698 2023 capere
712 2002 723 2019 ,
751 1973 886 2012 deinde
903 1982 1050 2012 taurum
1072 1974 1240 2030 manibus
1260 1974 1305 2032 acl

247 2027 354 2075 Jovis
384 2037 485 2065 aram
513 2025 721 2074 pertrahere
741 2052 753 2070 ‚
780 2025 935 2073 praemii
961 2024 1073 2072 longe
1094 2025 1304 2082 ampliffirni

249 2078 344 2116 loco
360 2075 473 2126 juffus
502 2076 573 2120 est,
601 2085 641 2114 ut
668 2088 715 2114 ex
747 2074 938 2113 Nicandro
962 2076 1106 2112 Anton.
1127 2075 1303 2113 Liberalis

249 2128 289 2166 in
302 2129 469 2167 Metam.
490 2126 664 2174 scriptum
689 2125 835 2173 reliquit
849 2151 862 2170 ,
890 2125 990 2163 unde
1012 2126 1108 2172 Nafh
1122 2137 1194 2164 vu.
1211 2127 1309 2166 Met.

255 2189 344 2229 371.
370 2178 560 2217 illustratur
575 2204 586 2221 ,
614 2188 700 2217 cum
721 2176 794 2213 ait:

309 2239 396 2279 Inde
415 2239 511 2276 lacus
529 2236 653 2286 Hyries
671 2236 772 2273 videt
784 2263 794 2281 ,
822 2247 866 2277 ω’
885 2236 1037 2286 Cycneia
1057 2242 1176 2286 Tempe
1190 2264 1202 2283 ,

308 2294 414 2342 Qae
430 2288 568 2347 subitus
587 2286 776 2324 celebravit
798 2288 902 2333 Olor,
931 2300 1015 2324 nam
1037 2288 1196 2337 Phyllius
1215 2287 1286 2327 illic

309 2349 455 2391 Imperto
471 2339 568 2390 pueri
586 2339 808 2390 volucresque
821 2340 1006 2387 ferumque
1025 2338 1155 2376 leonem

310 2392 524 2432 Tradiderat
545 2389 720 2435 domitor3
750 2400 896 2428 taurum
928 2402 1061 2440 quoque
1089 2391 1226 2428 vincere
1242 2390 1316 2440 jus-

439 2443 503 2492 sus

314 2495 466 2533 Vicerat.

262 2556 343 2595 ll-lic
373 2557 476 2595 enim
510 2556 665 2595 Volucres
694 2554 851 2604 intelligi
885 2555 1020 2594 debent
1050 2556 1213 2594 vultures
1234 2584 1244 2600 ,
1274 2563 1315 2594 ut

264 2609 340 2646 hoe
364 2609 452 2646 loco
473 2608 612 2646 nostro.
639 2606 758 2656 Quod
777 2607 987 2645 imitatione
1008 2607 1185 2645 sermonis
1199 2608 1316 2645 Grae-

267 2661 300 2696 ci
324 2659 464 2697 di&um
485 2659 546 2697 est.
593 2659 691 2697 Cum
722 2656 822 2695 enim
845 2657 959 2701 οἰωνὸς
976 2658 1021 2696 de
1043 2659 1216 2696 omnibus
1236 2659 1316 2695 avi-

266 2710 333 2747 bus
352 2710 515 2755 dicatur,
541 2710 689 2759 proprie
711 2708 757 2746 de
782 2708 982 2747 vulturibus
1011 2709 1197 2748 interdum
1216 2709 1317 2747 usur-

267 2770 396 2810 patur,
424 2770 463 2798 ut
483 2761 679 2799 annotavit
701 2759 861 2797 Tzetzes
891 2760 929 2796 in
964 2759 1198 2798 Hefiodum:
1227 2758 1316 2796 Οἰω-

272 2813 321 2848 νοῐ
341 2812 461 2856 κυρίως
481 2813 511 2848 οἱ
531 2814 671 2858 γῦπες,
699 2811 743 2853 ὡς
762 2808 868 2847 οἷωνσῖ
887 2810 962 2851 ἤτοι
982 2810 1072 2855 μόνοι
1092 2810 1182 2856 δίχα
1202 2823 1318 2847 συνου-

271 2862 350 2904 arieg
371 2861 423 2898 ὠΞι
445 2863 610 2908 ὑπήνεμοι
631 2864 833 2907 γεννῶντες.
862 2860 1090 2909 Sed&apud
1102 2861 1318 2910 AEgyptios,

273 2913 399 2951 vultur
422 2913 585 2951 hominis
606 2914 787 2962 peregrini
808 2912 1006 2961 symbolon
1027 2912 1108 2950 fuit.
1145 2913 1234 2950 Hoc
1254 2924 1319 2950 au-

275 2972 353 3002 tem
376 2974 491 3013 genus
524 2975 607 3002 aves
624 2965 742 3002 Varro
754 2963 814 3001 lib.
835 2975 903 3007 111„
918 2963 963 3000 de
985 2963 1041 3000 Re
1052 2962 1198 3001 Rustica
1212 2991 1222 3007 ,
1240 2975 1319 3011 cap.

272 3028 307 3057 ς.
337 3014 496 3052 advenas
526 3014 681 3064 appellat
708 3042 720 3059 ,
751 3014 881 3062 quibus
911 3013 1122 3052 vernaculas
1149 3016 1320 3064 opponit.

273 3066 476 3104 Sathc-m.
502 3070 585 3102 Mea
606 3076 699 3114 terga
719 3064 806 3102 alter
829 3066 953 3103 petav,

327 3139 413 3178 152.
441 3130 521 3167 Sive
541 3145 612 3168 meo
632 3130 806 3180 tingent.]
837 3132 1004 3180 Tinguent
1022 3132 1121 3171 idem
1144 3131 1320 3170 Maffeia-

276 3190 356 3231 nus.
384 3181 557 3220 Ciorau.
586 3189 692 3231 Inque
712 3196 781 3218 meo
804 3182 1023 3222 Petavianus
1042 3184 1143 3222 alter.
1169 3183 1321 3222 &Edit.

278 3230 443 3279 §alvagm
466 3234 502 3270 &
532 3233 669 3271 Bersm.

337 3293 415 3331 ΜΞ.
443 3284 524 3322 sive
551 3285 680 3336 aliquis
706 3283 868 3335 dignatur
898 3283 963 3323 erit
977 3284 1162 3335 sapponere
1181 3295 1316 3333 terrae,

2281 725 2397 784 De==

1342 849 1425 884 Aut
1446 845 1530 883 dare
1557 845 1683 897 plebejo
1715 856 1829 899 corpus
1856 848 1963 887 inane
1985 849 2100 900 rogo.]
2157 850 2199 890 In
2223 858 2398 898 omnibus

1343 897 1568 936 editionibus
1586 898 1790 947 legebatur.
1826 904 1872 938 Et
1893 901 1978 938 dare
1995 901 2131 951 plebejo.
2185 905 2296 952 Quae
2317 911 2400 958 qui-

1345 947 1432 986 dem
1453 948 1566 987 leitio
1588 949 1769 996 faciebat,
1797 960 1836 989 ut
1857 952 2042 991 videretur
2064 953 2182 1000 ὕςερον
2207 957 2400 1007 πρότερον,

1344 1000 1667 1049 quemadmodum
1693 1001 1755 1040 lib.
1779 1013 1852 1041 vu.
1872 1004 2031 1042 Metam.
2053 1005 2142 1055 613.

1400 1083 1471 1116 Nec
1487 1078 1578 1116 locus
1598 1079 1636 1117 in
1657 1080 1810 1118 tumulos
1824 1109 1835 1127 ,
1862 1095 1920 1119 nec
1932 1082 2063 1132 sufficit
2081 1083 2182 1122 arbor
2202 1085 2239 1123 in
2261 1086 2372 1137 ignes.³

1353 1143 1450 1181 Nam
1480 1145 1579 1193 prius
1619 1157 1775 1194 corpora
1807 1149 2063 1189 cremabantur
2085 1178 2096 1195 ‚
2141 1151 2227 1190 inde
2262 1155 2403 1197 cineres

1351 1202 1445 1233 terra
1464 1195 1729 1237 condebantur.
1782 1199 1926 1238 Verum
1942 1227 1954 1246 ,
1983 1202 2069 1250 quia
2097 1202 2196 1240 Naso
2217 1204 2310 1243 dixit
2333 1217 2404 1243 cor-

1346 1253 1411 1294 pus
1428 1245 1556 1293 inane,
1584 1256 1726 1287 certum
1749 1250 1798 1289 est
1817 1251 1917 1290 hunc
1933 1252 2060 1291 locum
2079 1252 2126 1291 de
2144 1255 2309 1293 cinerum
2330 1260 2404 1295 hu-

1351 1298 1520 1336 matione
1540 1300 1656 1348 accipi
1673 1312 1751 1338 non
1783 1301 1926 1341 debere.
1973 1304 2236 1353 Quamobrem
2270 1310 2405 1348 veteris

1352 1347 1502 1387 Codicis
1521 1349 1633 1388 fidem
1664 1351 1805 1391 secutus
1835 1353 2022 1393 edendum
2043 1357 2192 1401 curavi,
2221 1361 2301 1394 Aut
2321 1359 2407 1399 dare

1353 1398 1486 1448 plebejo.
1513 1401 1756 1452 Posteaquam
1789 1405 1892 1444 enirn
1923 1406 1990 1444 tria
2021 1408 2152 1444 mortis
2184 1419 2320 1456 genera
2343 1411 2407 1449 tri-

1353 1450 1417 1489 bus
1439 1451 1597 1491 verfibus
1621 1457 1877 1502 enumeravit,
1905 1467 1987 1495 earn
2010 1457 2187 1495 nimirum
2202 1485 2212 1502 ‚
2236 1471 2331 1508 quae
2353 1462 2408 1499 fa·

1353 1510 1420 1547 to,
1445 1502 1595 1542 alteram
1628 1517 1723 1554 quae
1752 1506 1848 1545 ferro
1869 1535 1880 1551 ,
1917 1509 2062 1546 tertiam
2096 1520 2191 1557 quae
2214 1511 2411 1561 naufragio

1354 1553 1522 1592 accidere
1543 1556 1683 1604 potest,
1712 1556 1944 1607 sequentibus
1967 1560 2135 1609 quinque
2167 1560 2326 1601 verfibus
2345 1575 2410 1601 va-

1355 1605 1428 1642 rios
1450 1606 1695 1645 funerationis
1724 1610 1811 1647 ritus
1840 1609 2005 1658 subjicit,
2033 1609 2108 1648 five
2130 1611 2326 1660 inquiens,
2354 1616 2412 1654 vi-

1349 1655 1446 1694 scera
1478 1668 1563 1696 mea
1590 1657 1814 1709 longinquus
1836 1660 1939 1709 piscis
1960 1661 2045 1699 edet
2069 1688 2080 1705 ,
2109 1672 2193 1699 cum
2218 1663 2381 1712 respthu
2398 1695 2413 1712 ‚

1351 1708 1389 1745 ni
1410 1707 1537 1754 fallor,
1565 1708 1610 1747 ad
1637 1709 2006 1760 ichthyophagorum
2032 1723 2179 1750 morem
2197 1741 2207 1757 ,
2237 1716 2299 1762 qui
2322 1717 2413 1755 teste

1358 1757 1534 1798 Diodoro
1555 1759 1615 1798 lib.
1640 1773 1704 1799 111.
1733 1761 1891 1800 refluxus
1923 1770 2096 1811 tempore
2127 1764 2305 1804 cadavera
2327 1779 2415 1816 pro-

1353 1809 1533 1860 jiciebant
1549 1839 1560 1857 ,
1588 1819 1629 1850 ut
1651 1811 1830 1852 redeunte
1851 1813 1960 1852 maris
1980 1814 2076 1852 aestu
2103 1812 2272 1854 fluetibus
2293 1820 2416 1857 aufer-

1363 1869 1520 1906 rentur;
1558 1861 1620 1900 seu
1650 1863 1841 1903 vulturum
1877 1865 1916 1902 ὃς
1939 1865 2112 1913 luporum
2139 1866 2269 1914 praeda
2299 1868 2383 1907 fiam
2402 1897 2414 1912 ,

1365 1923 1451 1950 cum
1472 1912 1646 1952 allusione
1668 1942 1679 1959 ‚
1707 1924 1747 1953 ut
1771 1927 1877 1960 reor,
1905 1916 1951 1953 ad
1979 1916 2163 1965 Caspios,
2204 1917 2354 1958 Taxilas
2376 1921 2417 1959 δε

1362 1962 1548 2002 Persarum
1572 1966 1728 2013 Magos,
1755 1968 1821 2016 qui
1851 1966 2048 2005 defunfios
2079 1967 2281 2007 vulturibus
2302 1971 2339 2008 &
2361 1973 2416 2009 fe-

1361 2015 1406 2051 ris
1432 2014 1656 2063 objiciebant
1679 2044 1690 2061 ,
1727 2026 1767 2054 ut
1796 2017 1897 2054 idem
1927 2017 2121 2056 Diodorus
2154 2028 2294 2066 praeter
2325 2022 2419 2060 alios

1359 2065 1493 2102 author
1514 2065 1582 2103 est:
1612 2065 1686 2103 five
1705 2067 1874 2116 dignetur
1896 2068 2024 2116 aliquis
2045 2080 2176 2116 corpus
2195 2081 2320 2108 meum
2345 2080 2419 2111 ter-

1360 2126 1397 2152 ra
1418 2115 1579 2154 condere
1599 2144 1610 2162 ,
1637 2125 1700 2155 aut
1728 2119 1874 2166 plebejo
1903 2130 1998 2165 rogo
2029 2118 2270 2157 cremandum
2299 2122 2411 2167 dare,

1361 2167 1426 2212 qui
1447 2167 1522 2202 duo
1544 2168 1654 2210 ritus,
1681 2168 1853 2204 humatio
1868 2195 1877 2211 ,
1904 2167 2039 2205 scilicet
2061 2169 2099 2205 &
2113 2171 2292 2208 crematio
2306 2185 2417 2221 ‚prae

1367 2216 1518 2253 caeteris
1553 2215 1711 2264 usurpati
1746 2218 1909 2256 fuerunt.
1973 2219 2166 2257 Crematio
2208 2222 2246 2258 in
2276 2224 2418 2271 primis,

1368 2275 1481 2313 quam
1510 2267 1681 2305 universo
1712 2276 1890 2306 terrarum
1925 2269 2015 2307 orbe
2046 2281 2291 2310 communem
2315 2275 2420 2315 fuifl'e

1370 2324 1513 2354 veteres
1535 2317 1720 2356 Historiae
1746 2318 1859 2357 fidem
1893 2321 2055 2365 faciunt,
2082 2322 2271 2372 hodieque
2292 2326 2329 2363 in
2354 2338 2419 2365 ex-

1370 2375 1452 2404 tero
1472 2368 1583 2414 orbe,
1611 2376 1692 2407 tum
1713 2370 1750 2407 in
1773 2371 1954 2415 Oriente,
1983 2380 2063 2410 tum
2097 2372 2135 2410 in
2163 2374 2420 2416 Meridionali-

1372 2417 1436 2456 bus
1454 2419 1528 2457 oris
1553 2419 1786 2469 perusitatam
1817 2420 1888 2460 effe
1919 2422 2095 2472 legimus:
2131 2433 2170 2463 ut
2189 2425 2355 2465 videatur
2374 2429 2424 2467 ab*

1377 2469 1472 2507 urbis
1493 2469 1726 2509 Babilonicae
1753 2471 2013 2512 aedificatione
2036 2475 2074 2512 &
2093 2475 2241 2525 linguae
2259 2479 2419 2525 primae-

1380 2531 1450 2558 vae
1472 2522 1741 2560 confusionem
1760 2524 1943 2563 universas
1966 2534 2074 2564 terras
2085 2527 2318 2575 pervee’cam:
2349 2541 2419 2566 un-

1379 2570 1425 2609 de
1447 2572 1547 2609 enim
1567 2581 1666 2610 tanta
1685 2572 1887 2613 similitudo
1910 2576 2007 2625 apud
2028 2585 2103 2614 tarn
2117 2577 2272 2615 diversas
2287 2606 2296 2620 ,
2324 2587 2420 2617 tam-

1371 2633 1446 2671 que
1466 2623 1577 2671 longe
1611 2624 1706 2661 inter
1737 2624 1771 2662 se
1802 2635 1962 2664 remotas
1981 2636 2108 2676 gentes
2129 2626 2325 2675 extitisset,
2352 2631 2418 2669 nisi

1371 2685 1418 2710 ex
1441 2685 1512 2711 una
1533 2674 1740 2724 eademque
1753 2677 1896 2725 origine
1917 2676 2159 2725 promanaffet
2172 2677 2187 2715 ἓ
2202 2679 2310 2718 Certe
2321 2683 2419 2730 apud

1371 2732 1512 2762 veteres
1532 2725 1741 2764 Germanos
1763 2739 1917 2775 corpora
1948 2726 2052 2766 fuiffe
2073 2739 2232 2768 cremata
2252 2733 2347 2770 testis
2369 2733 2419 2771 est

1373 2774 1528 2813 Tacitus
1548 2776 1641 2813 libro
1671 2776 1717 2814 de
1741 2778 1909 2816 Moribus
1940 2779 2127 2827 ipsorum,
2156 2781 2194 2818 &
2225 2782 2422 2822 Diodorus-

1371 2825 1431 2863 lib.
1451 2837 1487 2863 v,
1510 2827 1573 2874 qui
1595 2826 1641 2864 de
1663 2827 1775 2866 Gallis
1801 2829 1899 2867 idem
1925 2830 2097 2878 prodidit.
2133 2832 2330 2881 Originem
2353 2845 2418 2871 ve-

1372 2888 1415 2914 ro
1437 2879 1550 2915 moris
1577 2878 1670 2916 illius
1698 2879 1794 2928 apud
1825 2881 2020 2919 Romanos
2040 2891 2182 2920 enarrat
2200 2883 2333 2921 Plinius
2351 2885 2415 2924 lib.

1373 2940 1463 2965 vm.
1484 2939 1561 2976 cap.
1583 2942 1639 2977 54.
1659 2930 1713 2968 his
1740 2930 1856 2969 verbis
1880 2944 1888 2969 :
1929 2934 2042 2982 Ipsum
2075 2946 2224 2970 cremare
2244 2936 2336 2982 apud
2353 2941 2420 2973 Ro-

1375 2992 1498 3017 manos
1521 2992 1589 3017 non
1606 2980 1679 3024 fuit
1702 2981 1828 3018 veteris
1850 2982 2003 3026 instituti
2016 3011 2027 3027 ,
2055 2994 2148 3020 terra
2169 2983 2420 3026 condebantur.

1375 3034 1433 3067 At
1453 3029 1628 3079 postquam
1651 3030 1844 3083 longinquis
1865 3033 1963 3071 bellis
1981 3034 2113 3071 obrutos
2132 3035 2206 3070 erui
2221 3047 2418 3082 coeno-verm

1376 3091 1460 3118 tunc
1478 3082 1691 3128 institutum.
1746 3088 1792 3120 Et
1818 3095 1938 3122 tamen
1963 3084 2096 3121 multae
2117 3085 2282 3131 familiae
2295 3088 2419 3137 priscos

1365 3132 1558 3180 firvavere
1576 3132 1686 3176 ritus,
1710 3132 1800 3182 ficut
1826 3135 1865 3172 in
1883 3134 2043 3173 cornelia
2064 3148 2161 3172 nemo
2181 3148 2263 3174 ante
2282 3138 2418 3186 Syllam

1373 3182 1577 3220 dictatorem
1606 3185 1765 3223 traditur
1793 3196 1975 3223 crematus.
2030 3186 2134 3234 quue
2165 3187 2302 3238 voluiſje
2325 3190 2421 3227 veri-

1374 3243 1450 3270 tum
1468 3234 1637 3271 talionem
1658 3246 1754 3274 eruto
1771 3242 1812 3274 C.
1834 3236 1947 3273 Marii
1964 3235 2143 3275 cadavere.
2170 3238 2311 3278 Primus
2322 3241 2435 3289 apud-

1374 3284 1537 3326 Graecos
1558 3286 1693 3337 Argius
1712 3287 1902 3338 Licymnii
1923 3287 2015 3328 filius
2036 3287 2080 3327 ab
2094 3289 2257 3330 Hercule
2279 3302 2421 3331 crema-

2361 3350 2420 3383 tus
