2547 3708
716 95 1444 158 peninar-isson,
2069 116 2128 166 μ

39 200 122 262 de,
152 197 222 247 uti
250 198 346 263 jam
370 190 535 258 Lipfio
564 190 614 240 &
644 190 875 239 Rubenio.
903 200 1118 235 notatum
1149 187 1240 247 est,
1276 190 1483 237 Dionem
1517 188 1629 251 quid
1664 188 1927 239 humanitus
1959 194 2135 257 passum

37 254 155 322 effe,
181 262 290 309 dum
311 246 656 318 affirmavit-(a),
691 269 796 302 ante
823 254 992 318 Caium
1018 251 1280 316 Caligulam
1308 252 1488 302 nonnisi
1502 254 1605 316 solis
1626 254 1840 303 Senatorio
1857 272 1999 317 genere
2024 262 2136 306 natis

35 322 307 391 (pedrosa-055
329 321 412 373 τοῖς
431 319 493 368 c’ac
522 319 578 370 vi}
598 319 847 376 βελευπκὲ
869 317 1007 382 <pristas
1027 317 1322 381 γεγενημένοις)
1349 320 1589 380 permtfflnn
1612 316 1740 366 fuiffe
1770 319 1887 380 ustmz
1909 322 2033 382 vestis
2059 324 2134 370 Se-

32 393 216 440 natoriae
229 422 244 448 ,
259 398 477 449 antequam
488 386 792 449 Magistratum
812 387 942 432 ullum
955 385 1177 446 geffiffi’nt,
1191 399 1265 445 quo
1286 385 1424 430 aditus
1447 387 1491 430 in
1511 385 1710 431 Senatum
1725 394 1925 444 paratur.
1963 401 2004 430 2.
2019 385 2138 432 Cer-

32 468 132 504 tum
157 453 245 511 est,
279 452 450 498 Latum
478 451 678 499 Clavum
709 451 797 498 illis
823 450 982 498 datum
1016 449 1064 496 in
1085 447 1203 510 spem
1236 449 1411 495 Ordinis
1446 449 1678 509 Senatcrii,
1711 461 1765 495 ut
1796 448 2005 512 loquitur
2036 450 2140 496 Dio

31 518 150 584 apud
174 516 475 579 Xiphilinum
503 515 570 577 (b)
594 515 651 562 de
673 517 793 577 ‘Julio
816 512 1038 574 Calvastro
1058 510 1372 572 adolescente,
1406 513 1485 576 qui
1513 514 1553 558 ei
1585 512 1760 558 dicitur
1784 513 2140 573 κεχιλιοίρχηκῶς

31 582 73 637 ἒς
94 580 283 640 Bantia-5
303 574 503 637 ἐλπίδα5
539 581 708 644 quique
730 578 849 625 idem
874 576 1185 641 proculdubio
1209 594 1261 624 ac
1286 592 1424 641 quem
1449 578 1696 625 Suetonius
1713 577 1778 639 (c)
1794 579 2138 627 innominatum

29 660 167 694 vocat
190 646 416 693 Tribunum
439 647 759 699 Laticlavium3
796 641 1018 706 siquidem
1052 641 1173 705 apud
1208 653 1458 705 utrumque
1492 640 1648 687 eadem
1685 658 1751 689 res
1787 657 2010 690 narratur.
2080 645 2139 690 In

29 727 126 760 eam
161 713 285 758 enim
310 711 572 759 Senatoriae
601 707 840 772 dignitatis
858 707 976 770 spem
1001 706 1203 754 Ovidius
1243 706 1387 752 latum
1424 705 1579 753 sumfit
1614 705 1841 768 Clavum,
1876 721 1932 756 ut
1964 706 2138 756 inviote

28 773 170 824 docet
190 791 304 823 mox
327 775 518 833 addens,
552 788 665 821 vers.
697 786 716 834 3
727 786 771 834 5.
808 774 940 819 Curia
963 771 1171 832 restabat,
1207 770 1300 816 &c.

101 855 140 903 3.
176 841 251 887 Ex
274 840 372 893 ¹hoc
395 836 563 886 Nostri
589 836 698 884 loco
723 848 880 900 patet,
915 834 1096 882 eosdem
1120 834 1375 893 Illust-rium
1399 834 1626 898 Equitum
1658 835 1827 885 liberos
1862 837 1995 886 simui
2025 853 2142 886 cum-

32 919 146 969 toga
165 903 284 951 virili
304 903 607 952 Laticlaviam
630 899 851 960 induiffe,
874 916 993 947 ‘cum
1020 899 1111 963 ipse
1136 900 1247 946 haec
1272 898 1366 946 duo
1388 915 1479 946 una
1508 903 1697 966 jungat:

156 968 375 1017 Liberior
383 967 525 1030 fratri
533 967 680 1030 ficmta
699 967 882 1029 mihique
908 976 1002 1028 toga
1024 964 1107 1026 est3

159 1033 428 1095 Induiturque
451 1033 633 1079 humeris
653 1047 745 1078 cum
766 1031 891 1078 Lato
907 1043 1097 1093 purpura
1119 1028 1284 1078 Clavo.

31 1097 144 1145 Nec
168 1097 256 1148 alio
287 1096 412 1144 sensu
449 1097 533 1144 hos
566 1095 816 1144 verficulos
853 1095 1184 1142 intellexerunt
1217 1095 1306 1142 viri
1340 1094 1498 1159 magni
1522 1094 1667 1142 Aldus
1693 1096 1938 1143 Manutius
1964 1096 2052 1159 (d),
2085 1113 2141 1144 ac

29 1160 184 1212 Isaac„
201 1146 493 1208 Casaubonus
516 1161 599 1223 (e)3
636 1161 830 1225 quibus,
866 1159 1015 1223 quoad
1042 1176 1136 1206 rem
1159 1158 1300 1222 ipsam
1315 1191 1330 1217 3
1352 1158 1580 1207 accedunt
1591 1161 1640 1207 T
1646 1160 1781 1207 heod.
1796 1161 2042 1208 Marcilius
2056 1161 2140 1221 (f),

21 1225 81 1289 ⁶&
94 1224 313 1273 Ostavius
325 1227 553 1273 Ferrarius
567 1226 651 1289 (g).
677 1229 743 1272 At
769 1225 960 1273 dubium
984 1224 1063 1271 hic
1090 1240 1279 1272 movere
1305 1223 1484 1287 potest,
1505 1224 1633 1288 quod
1653 1225 1977 1272 celeberrimus
1989 1225 2140 1273 Grae-

25 1290 125 1347 vius
146 1288 355 1338 observat
379 1289 434 1338 ad
458 1290 570 1337 haec
596 1291 807 1338 Suetonii
830 1289 897 1337 de·
911 1288 1127 1354 Augusto
1155 1290 1318 1337 verba:
1354 1290 1558 1336 Protinus
1579 1292 1608 1336 ὰ
1631 1292 1753 1337 virili
1785 1295 1867 1351 (ut
1889 1290 2145 1354 legendum

26 1352 193 1408 censet)
228 1365 321 1419 toga
344 1356 505 1403 Latum
526 1357 709 1403 Clavum
729 1357 892 1404 induere
902 1359 1119 1417 permzfit,
1150 1353 1244 1401 scil.
1259 1355 1535 1418 Senatorum
1560 1353 1756 1402 Liberis.
1790 1354 2030 1414 „Etenim
2055 1371 2137 1403 au-

26 1423 64 1479 „
96 1431 274 1480 tumat,
299 1423 516 1480 protinus,
551 1420 679 1484 quod
702 1421 887 1486 quidem
908 1420 974 1467 est
997 1422 1249 1481 continue,
1283 1437 1379 1466 non
1401 1421 1465 1467 ita
1497 1418 1852 1484 intelligendum
1869 1420 1991 1480 effe,
2026 1437 2138 1485 qua-

26 1516 62 1544 „
96 1482 129 1530 fi
150 1483 245 1546 ipso
271 1484 345 1531 die
366 1486 572 1533 tirocinii
593 1485 807 1534 sumenda
827 1502 1013 1550 quoque
1037 1484 1189 1533 fuiffet
1211 1486 1370 1534 tunica
1395 1485 1654 1533 Laticlavia
1667 1506 1683 1542 3
1700 1498 1801 1532 tum
1821 1486 1943 1532 enim
1966 1486 2141 1535 rectam

30 1580 66 1608 „
99 1547 336 1596 sumebant
350 1571 366 1606 3
402 1549 475 1597 sed
502 1552 649 1598 statim
666 1585 682 1611 ,
715 1564 794 1599 aut
816 1569 912 1599 non
937 1552 1079 1616 longe
1100 1550 1230 1615 post,
1252 1549 1377 1609 &31'1
1402 1550 1609 1610 luberet,
1642 1549 1857 1615 sequente
1878 1550 1966 1597 die.
2003 1550 2141 1608 Quae

27 1623 184 1659 tamen
210 1613 530 1677 interpretatio
552 1630 799 1676 contorta,
834 1633 919 1664 nec
943 1616 1098 1663 valido
1133 1615 1478 1663 tibicine·fulta
1503 1616 1702 1664 videtur.
1768 1614 1870 1663 Etsi
1892 1615 2015 1662 enim
2039 1631 2142 1663 cer-

27 1686 131 1736 tum
161 1676 296 1738 esset,
331 1680 537 1734 tunicam
571 1680 739 1730 rectam
775 1697 884 1728 cum
918 1694 1032 1745 toga
1054 1680 1177 1727 virili
1213 1680 1407 1728 sumtam
1440 1680 1601 1738 fu-iss‘e3
1637 1679 1799 1745 quidni
1833 1679 1993 1728 liceret
2028 1696 2142 1729 cum

25 1737 233 1789 Ferrario
258 1742 540 1805 existimare,
574 1747 780 1794 tunicam
803 1746 973 1794 metam
995 1746 1179 1794 &Lato
1197 1745 1347 1794 Clavo
1370 1745 1632 1810 insignitam
1657 1745 1814 1805 fuiffe,
1838 1759 1977 1810 atque
1995 1762 2140 1796 unam.

28 1805 306 1871 eandemque
343 1812 548 1858 tunicam
582 1812 711 1859 vario
747 1813 936 1860 nomine
963 1810 1164 1872 dietam,
1197 1812 1585 1877 quemadmodum
1626 1810 1716 1876 ipsa
1743 1824 1856 1875 toga
1881 1811 2053 1871 virilis,
2089 1811 2142 1859 ὃς

30 1869 173 1918 libera
207 1872 372 1933 etiam,
404 1891 455 1922 ac
490 1893 602 1939 pura
632 1877 914 1934 vocabatur3
949 1889 1027 1924 aut
1063 1877 1230 1925 restam
1268 1893 1376 1924 cum
1399 1877 1657 1924 Laticlavia
1689 1876 1912 1935 sumtam,
1945 1889 2000 1923 ut
2025 1878 2142 1924 haec

31 1931 266 1998 superior,
299 1937 376 1984 ina
397 1940 503 1986 esset
528 1940 733 1988 inferior.
800 1941 986 1989 Deinde
1010 1958 1201 2005 parvum
1234 1942 1300 1988 est
1323 1941 1597 2000 discrimen,
1632 1940 1665 1987 fi
1687 1940 1810 1987 dicas
1834 1940 2140 1988 Laticlaviam

32 1999 236 2046 tunicam
269 2015 376 2048 cum
413 2014 526 2067 toga
559 2006 709 2066 virili,
742 2005 816 2053 vel
841 2006 991 2053 statim
1026 2005 1129 2069 post
1152 2006 1344 2069 sequente
1376 2007 1467 2065 die,
1501 2005 1711 2052 indutam
1744 2004 1856 2064 esse,
1891 2017 1947 2052 ut
1971 2019 2138 2068 operae

30 2064 236 2126 pretium
259 2081 356 2112 non
376 2064 431 2113 fit
455 2068 615 2115 serram
641 2070 729 2116 hac
754 2069 810 2115 de
832 2086 879 2116 re
899 2071 1201 2132 reciprocare.

48 2165 50 2167 .
97 2127 167 2174 Ea
186 2143 326 2190 porro
351 2131 589 2178 noviffima
610 2132 954 2194 observatione,
987 2147 1041 2181 ut
1068 2135 1160 2182 hoc
1183 2133 1375 2194 addam,
1406 2133 1452 2181 id
1475 2149 1660 2198 quoque
1684 2134 1805 2192 ruit,
1839 2132 1966 2196 quod
1988 2131 2139 2179 eidem

33 2189 109 2240 Cl.
130 2191 278 2252 Viro,
313 2194 586 2242 Rubenium
610 2196 798 2256 secuto,
831 2201 895 2245 ita
919 2199 1146 2261 liquidum
1172 2199 1438 2258 videbatur,
1472 2212 1526 2245 ut
1559 2196 1676 2245 nihil
1710 2198 1886 2263 magis3
1924 2232 1959 2258 „
1985 2199 2144 2244 Patri-

35 2289 71 2318 „
102 2259 253 2304 tiorum
272 2273 438 2322 nempe
458 2258 580 2307 filios
603 2261 776 2310 Latum
806 2262 1006 2309 Clavum
1032 2262 1219 2327 gestasse
1241 2277 1348 2310 ante
1382 2276 1543 2327 togam
1581 2261 1762 2310 virilem
1798 2264 1845 2309 in
1878 2275 2141 2327 praetexta3

36 2352 73 2381 „
105 2319 322 2387 fiquidem
343 2323 417 2370 die
441 2325 646 2372 tirocinii
669 2328 875 2374 tunicam
902 2327 1071 2375 rectam
1094 2326 1208 2374 boni
1231 2327 1571 2380 oministcauffa
1595 2327 1846 2378 induebant
1861 2351 1877 2387 3
1895 2327 2017 2374 unde
2042 2330 2143 2375 Au-

38 2417 74 2444 „
104 2385 237 2449 gusto
257 2387 435 2437 virilem
456 2402 618 2455 togam
640 2391 851 2440 induenti
865 2393 1031 2440 tunica
1051 2391 1330 2454 Laticlavia,
1364 2410 1478 2457 quae
1501 2393 1556 2440 ad
1580 2394 1716 2457 pedes
1740 2393 1861 2440 illius
1885 2391 2139 2440 decidebat.

39 2449 226 2503 Etenim
243 2484 259 2510 ,
293 2452 477 2516 inquam
502 2471 621 2520 ego,
656 2473 762 2504 cum
790 2458 1036 2505 Suetonius
1058 2457 1126 2519 (h)
1147 2457 1333 2505 scribit:
1368 2459 1581 2521 Augusto,
1603 2458 1789 2522 ficmenti
1811 2461 1979 2505 virilem
2001 2460 2142 2504 tunica

38 2515 147 2562 Lati
169 2518 325 2576 Clavi,
355 2519 493 2582 refuta
516 2537 566 2568 ex
586 2533 762 2585 utraque
778 2533 931 2583 parte,
965 2524 1024 2570 ad
1035 2523 1155 2583 pedes
1186 2525 1366 2579 decidit3
1403 2540 1500 2570 non
1532 2524 1676 2588 magis
1706 2523 1834 2570 istam
1873 2522 2142 2570 sententiam

36 2578 193 2650 juvat,
224 2597 358 2644 quam
384 2585 515 2632 aliam
541 2586 931 2647 existimantium,
966 2587 1186 2634 Patritios
1216 2591 1285 2635 uti
1309 2588 1356 2636 &
1379 2602 1581 2635 caeteros
1615 2588 1790 2636 nobiles
1821 2603 1988 2652 pueros
2025 2603 2142 2634 non-

45 2641 129 2692 nlsl
154 2658 257 2715 cum
279 2658 388 2711 toga
414 2666 526 2713 pura
549 2651 720 2699 Latum
745 2653 935 2700 induiffe
951 2653 1167 2701 Clavum.
1237 2655 1429 2718 Semper
1449 2666 1575 2707 certe
1602 2653 1718 2701 redit
1740 2653 1970 2718 quaestiO,
2005 2667 2141 2715 quam

46 2718 104 2751 ex
127 2719 182 2753 eo
204 2707 410 2762 Suetonii
433 2714 541 2765 loco
564 2716 857 2769 casaubonus
880 2716 1122 2785 proposuit
1136 2739 1151 2776 5
1178 2718 1394 2832 quoi-susm
1419 2718 1514 2765 scil.
1538 2718 1626 2766 isto
1650 2719 1758 2767 loco
1782 2719 1829 2765 δε
1853 2729 2064 2782 tempore
2089 2732 2140 2790 ea

34 2826 43 2830 -
101 2802 105 2807 ·
227 2820 233 2821 γ
255 2819 279 2824 .,
342 2822 345 2825 ,
367 2822 370 2824 ,
538 2824 543 2831 ,
705 2825 708 2828 .
1360 2799 1367 2815 “
2013 2794 2142 2831 ἴῖΠλΞ*

32 2864 36 2868 -
97 2832 164 2889 (a)
178 2831 282 2896 Lib·
302 2833 416 2877 mx.
436 2850 521 2895 pag.
538 2844 628 2895 646.
648 2847 739 2900 647·

29 2906 31 2908 -
52 2906 55 2907 ⁷
97 2885 164 2936 (b)
192 2884 287 2927 Lib.
311 2887 490 2932 LXVII.
507 2905 590 2948 pag.
607 2901 694 2954 764.

32 2946 39 2966 ³
63 2946 73 2973 ·.’
97 2937 420 2991 (e)·1n·D0m1‘t.
442 2944 493 2984 C.
516 2944 575 2990 Χ,

28 2996 57 3037 f]
88 2991 166 3045 (d)
237 2995 372 3037 uaefit.
395 3008 462 3046 per
484 2995 602 3053 Epist.
620 2999 710 3044 Lib.
728 3003 778 3046 ll.
796 3021 834 3048 c.
858 3021 893 3051 2.

95 3045 158 3096 (e)
237 3056 296 3087 ot.
313 3047 355 3088 in
378 3048 549 3091 Sueton.
569 3053 676 3108 Aug.
699 3056 797 3111 Cap.
820 3063 882 3116 38,

64 3141 67 3144 ,
94 3097 166 3152 (f)
192 3096 298 3142 Not.
318 3099 359 3142 in
378 3101 490 3145 Suet.
517 3105 639 3160 Vesp.
661 3120 697 3150 c.
719 3122 758 3156 2.

63 3148 67 3154 ⁴
100 3151 165 3202 (g)
193 3152 378 3196 Analeeh
398 3169 434 3197 c.
459 3169 523 3200 20.

105 3204 167 3254 (h)
194 3204 243 3248 In
263 3206 370 3263 Aug.
391 3222 426 3252 c.
443 3222 512 3266 940
