2547 3708
645 131 774 179 PER
811 108 1369 191 JJMASSON.
2063 144 2144 212 σιν

4 235 124 288 Ubi
155 245 305 282 tamen
342 227 459 277 clare
484 224 613 275 Naso
645 223 902 290 fignificat,
935 223 979 271 se
1016 240 1075 271 ex
1100 225 1420 277 Centumviris
1434 225 1681 292 Judicibus
1717 224 1874 286 fuisse,
1908 230 2126 291 quemad-

3 305 6 350 Ι
28 296 214 350 modum
237 297 284 343 &
307 294 450 358 Epist.
476 306 521 354 5.
555 307 612 338 ex
637 292 793 338 Ponto
815 288 1045 337 LibjIll.
1067 290 1122 336 ad
1146 290 1365 342 Cottam:
1591 306 1598 310 ’

3 356 5 399 l
149 363 398 427 Legimus,
432 359 458 404 ὅ
457 358 660 418 juvenis,
685 358 823 417 patrii
844 372 922 403 non
940 356 1106 417 degener
1128 359 1236 415 oris,

216 423 354 473 Dksta
376 423 456 469 tibi
468 424 586 482 pleno
608 421 746 470 verba
766 420 922 483 diſserta
941 419 1096 479 Foro,
1132 420 1225 467 &c.

69 545 74 548 ,
151 492 217 539 At
240 493 315 550 nist
332 485 578 548 peccaſjem,
614 517 708 525 ..-
745 516 840 525 --

216 554 347 618 Qtod
366 555 468 614 lege,
502 562 575 598 tua
598 567 681 597 vox
701 550 938 609 exhibmfflt
959 562 1077 610 epus:

150 621 287 680 thue
299 616 370 679 fui
381 617 558 680 selitas,
579 613 958 678 fi’dssemforsttan
981 631 1097 661 unus

175 730 178 733 .
216 684 290 730 De
311 697 498 728 centum
517 680 669 740 Judex
689 683 733 724 in
756 689 831 724 tua
853 680 982 725 verba
1004 677 1146 726 Viris.
1879 719 1887 721 i

25 751 99 797 Ex
132 748 295 811 quibus
330 746 459 793 fimul
495 744 671 790 collatis
707 742 810 789 luce
833 743 1078 789 meridiana
1106 743 1269 791 clarius
1291 744 1385 804 est,
1421 745 1649 793 Ovidium
1673 745 1719 791 in
1743 745 1868 792 Foro
1895 760 2130 810 nunquam

25 814 188 860 caussas
222 812 275 858 ad
303 810 663 857 Cauflidicorum
697 807 836 853 instar
858 807 1022 870 egisse,
1056 807 1129 853 sed
1153 810 1273 855 inter
1297 809 1627 856 Centumviros
1649 810 1817 857 ibidem
1846 811 1893 856 in
1915 810 2130 858 subselliis

1 850 3 938 l
24 877 173 924 sedisse
195 892 278 923 ceu
297 875 591 939 judicem,ac
615 872 968 918 Advocatorum
994 873 1224 919 orationes
1245 874 1460 921 audivisse
1482 875 1735 936 caussasque
1750 875 1990 938 judicasse,
2005 876 2130 939 quod

0 950 4 987 l
24 942 89 988 est
106 942 238 1001 sedere
258 943 302 985 in
325 941 530 1000 aliquem,
565 937 667 995 vel,
702 948 753 982 ut
783 936 957 983 Noster
981 935 1147 995 habet,
1182 941 1226 983 in
1245 939 1420 999 alicujus
1439 940 1570 985 verba
1580 940 1733 1001 fidere.

0 994 3 1056 l
90 999 384 1052 Centumviri
407 1015 558 1049 autem
585 1003 665 1063 qui
689 1000 888 1059 fuerint,
924 1001 1079 1062 paucis
1105 1002 1244 1048 docet
1268 1003 1455 1050 Festus:
1495 1003 2131 1068 ‚‚Centumviralia,inquit,

1 1063 60 1131 ³„
89 1070 259 1135 judicia
294 1066 321 1114 a
345 1066 663 1114 Centumviris
699 1065 819 1112 dista
854 1065 970 1112 sunt.
1040 1066 1170 1113 Nam
1209 1082 1314 1113 cum
1348 1067 1487 1114 essent
1510 1069 1694 1115 Romae
1718 1069 1910 1131 triginta
1932 1071 2133 1133 quinque

0 1102 3 1187 i
28 1154 73 1194 „ff
96 1134 297 1190 Tribus,
331 1148 443 1196 quae
480 1131 527 1178 &
550 1130 718 1177 Curiae
751 1132 853 1177 sunt
877 1129 1052 1189 diffite,
1089 1133 1208 1177 terni
1230 1147 1288 1178 ex
1312 1131 1500 1196 singulis
1525 1133 1770 1180 Tribubus
1790 1134 1896 1180 sunt
1921 1134 2054 1181 ele<sti
2077 1133 2133 1180 ad

1 1206 2 1212 ’
28 1233 64 1259 „
94 1197 421 1263 judicandum,
457 1197 535 1259 qui
557 1194 850 1242 Centumviri
890 1195 1107 1258 appellati
1134 1195 1252 1244 sunt.
1321 1197 1386 1244 Et
1413 1198 1522 1244 licet
1548 1198 1754 1262 quinque
1775 1199 1968 1261 amplius
1993 1215 2130 1261 quam

27 1296 62 1322 „
97 1276 282 1310 centum
309 1261 509 1321 fuerint,
545 1273 696 1307 tamen
724 1277 816 1324 quo
840 1258 1016 1306 facilius
1039 1261 1412 1321 nominarentur,
1437 1262 1734 1310 Centumviri
1756 1263 1857 1308 sunt
1880 1262 2005 1309 dieti.
2041 1262 2135 1309 Ce-

27 1340 147 1386 tera,
182 1342 294 1390 quae
325 1327 379 1373 ad
416 1342 575 1372 eorum
605 1325 775 1389 judicia
797 1324 1025 1389 spe&ant,
1062 1326 1211 1388 plures
1230 1330 1325 1389 jam
1349 1327 1476 1374 doffi
1500 1328 1586 1375 viri
1608 1327 1668 1383 (a)
1696 1326 1982 1386 uastarunt,
2018 1343 2133 1390 quos

27 1392 260 1439 consulere
280 1391 359 1438 est.
408 1390 642 1438 Addemus
665 1404 876 1449 tantum,
909 1403 962 1437 ut
989 1391 1215 1453 posterior
1241 1391 1408 1440 Ovidii
1438 1392 1568 1438 locus
1590 1392 1869 1451 illustretur,
1903 1392 2135 1439 Centum-

25 1459 146 1504 viros
191 1472 284 1502 non
331 1455 458 1503 fuiffe
493 1468 739 1519 perpetuos
762 1489 777 1515 ‚
824 1470 909 1501 nec
944 1454 1119 1518 semper
1151 1456 1331 1503 eosdem
1366 1458 1609 1520 quotannis
1639 1459 1688 1503 in
1720 1457 2134 1505 centumviralibus

26 1519 208 1576 sedisse3
247 1519 334 1568 Sed
364 1536 420 1566 ex
438 1521 657 1581 Judicum
690 1520 883 1567 decuriis
917 1517 943 1565 a
967 1521 1182 1568 Praetore
1216 1521 1357 1569 le&os
1390 1524 1437 1568 in
1471 1521 1600 1568 suum
1626 1537 1793 1568 annum
1816 1522 1929 1581 esse,
1963 1536 2016 1569 ut
2043 1539 2134 1569 una

27 1600 133 1632 cum
169 1601 225 1631 eo
260 1585 422 1632 caussas
444 1583 812 1633 Centumvirales
838 1584 1115 1633 deciderent.
1182 1585 1326 1633 Unde
1347 1585 1653 1650 intelligitur,
1687 1602 1824 1650 quare
1846 1587 1976 1635 Naso
2003 1586 2132 1634 dixe-

27 1650 116 1709 rit,
142 1649 326 1710 βάψω
338 1651 552 1712 forfitem,
587 1650 678 1698 &c.

90 1713 182 1761 111.
219 1714 473 1778 Subiungit
495 1731 637 1779 porro
663 1715 842 1764 Noster
861 1715 1020 1764 eodem
1044 1716 1180 1778 loc0,
1215 1717 1362 1765 Trist.
1388 1716 1497 1765 Lib.
1523 1717 1589 1765 ΙΙ.
1613 1731 1728 1766 vers.
1750 1730 1830 1779 95⁷.

155 1780 251 1826 Res
272 1795 423 1841 quoque
445 1782 640 1844 privatas
652 1781 787 1842 statui
797 1786 889 1844 stne
910 1786 1076 1830 crimine
1096 1784 1274 1844 JUDEX
1300 1783 1387 1846 (b),

219 1845 363 1906 Deque
386 1861 474 1891 mea
486 1845 604 1907 faffiz
627 1846 681 1906 est
696 1861 800 1907 pars
821 1864 972 1910 quoque
996 1851 1114 1894 viem
1125 1850 1231 1910 fide.

29 1905 282 1955 Absurdam
319 1908 453 1972 hujus
487 1910 580 1956 loci
608 1911 1036 1973 interpretationem
1067 1916 1093 1958 a
1128 1911 1363 1965 nonnullis
1398 1911 1647 1960 conficff‘mm
1683 1911 1784 1959 satis
1822 1911 2140 1971 revincemus,

28 1971 171 2018 modo
209 1971 449 2019 restionem
483 1974 781 2035 proferamus.
851 1975 1041 2023 Scilicet
1077 1976 1103 2021 a
1137 1976 1431 2023 Praetoribus
1462 1993 1518 2022 ex
1559 1978 1772 2023 Decuriis
1807 1987 1985 2038 praeter
2011 1976 2138 2022 Cen-

29 2037 257 2083 tumviros
298 2035 566 2100 legebantur
599 2037 646 2084 &
678 2039 751 2085 alii
775 2038 830 2086 ad
852 2040 1139 2101 privatorum
1166 2041 1268 2087 lites
1290 2039 1629 2103 dijudicandas,
1666 2041 1742 2103 qui
1756 2043 1927 2101 privati
1952 2056 2140 2102 quoque

22 2098 207 2160 Judices
246 2102 563 2160 vocabantur,
609 2103 781 2165 quique
814 2102 1046 2167 figillatim
1085 2103 1140 2150 ad
1174 2104 1383 2167 quamvis
1417 2105 1639 2161 cauffam,
1677 2104 2012 2150 Centumviros
2043 2120 2140 2150 non

27 2162 332 2227 spectantem,
368 2165 606 2211 dabantur.
676 2167 930 2214 Audiamus
965 2169 1082 2215 hanc
1119 2169 1167 2214 in
1198 2185 1293 2215 rem
1318 2169 1426 2214 Aul.
1453 2168 1661 2214 Gellium
1690 2167 1774 2228 (c),
1810 2169 1890 2230 qui
1922 2167 1967 2213 id
1993 2183 2142 2231 genus

30 2228 168 2291 judex
190 2227 308 2276 fuit:
345 2262 379 2289 „
403 2228 516 2289 Qo
540 2231 743 2293 primum
769 2245 982 2293 tempore
1005 2232 1030 2277 a
1059 2232 1352 2278 Praetoribus
1376 2230 1518 2280 lectus
1546 2232 1594 2278 in
1613 2232 1803 2292 Judices
1826 2231 1923 2278 sum
1939 2265 1954 2290 ,
1976 2245 2029 2278 ut
2047 2232 2140 2292 Ju-

30 2325 65 2353 „
99 2309 245 2341 DrcrA
261 2327 276 2354 ,
310 2309 424 2357 quae
445 2295 734 2357 appellantur
756 2296 1027 2356 PRIVATA,
1061 2295 1329 2358 susciperem
1346 2318 1362 2352 3
1398 2296 1571 2343 Libros
1593 2295 1829 2359 utriusque
1850 2298 2066 2359 Linguae
2087 2298 2145 2343 de

31 2389 66 2416 „
99 2357 275 2405 Officio
293 2359 471 2419 Judicis
507 2358 700 2421 scriptos
723 2359 1009 2424 conquisivi,
1048 2371 1100 2406 ut
1126 2361 1271 2407 homo
1297 2360 1552 2407 adolescens
1579 2360 1605 2408 ὲ
1632 2363 1882 2409 Poetarum
1909 2362 2071 2409 fabulis
2096 2362 2145 2409 δε

30 2453 64 2481 ,,
98 2420 124 2468 ὲ
145 2423 408 2470 Rhetorum
435 2425 628 2489 epilogis
652 2424 706 2471 ad
730 2425 992 2487 judicandas
1015 2426 1117 2472 lites
1140 2439 1364 2485 vocatus,
1399 2442 1492 2472 rem
1512 2426 1827 2487 judiciariam,
1863 2442 2017 2472 -ex
2042 2442 2145 2473 mu-

29 2516 65 2546 „
99 2487 180 2544 tis,
214 2489 339 2550 quod
372 2492 530 2551 ajunt,
565 2490 790 2554 magistris
822 2489 1181 2555 cognoscerem,
1218 2490 1309 2537 &c.
1381 2490 1436 2537 In
1472 2490 1592 2539 hisce
1616 2508 1728 2539 vero
1751 2493 1940 2554 privatis
1955 2490 2143 2554 judiciis

30 2565 145 2597 unus
168 2553 352 2613 quidem
375 2567 558 2602 tantum
578 2556 731 2616 Judex
762 2556 891 2602 litem
918 2554 994 2602 sua
1017 2557 1253 2604 Sententia
1277 2555 1558 2612 definiebat3
1587 2568 1714 2603 erant
1741 2569 1894 2602 tamen
1917 2556 1992 2603 alii
2017 2556 2143 2612 Judi-

34 2615 99 2659 cis
135 2618 268 2664 amici
286 2619 542 2684 Jurisperiti
581 2621 627 2667 in
653 2620 897 2668 confilium
924 2620 1149 2680 adhibiti,
1184 2634 1325 2684 prout
1352 2620 1473 2667 idem
1503 2621 1861 2685 Gelliuspostea
1883 2621 1948 2682 (d)
1975 2620 2144 2668 docet:

36 2677 288 2741 Petebatur,
329 2684 419 2743 ait,
464 2687 576 2746 apud
604 2702 667 2733 me
688 2690 891 2749 pecunia,
936 2703 1040 2750 quae
1072 2686 1284 2733 dicebatur
1321 2688 1425 2733 data
1459 2696 1785 2749 numerataque,
1819 2685 1912 2732 &a
1978 2685 2143 2796 Pgucis

1292 2751 1344 2798 H
1384 2764 1403 2812 3
2048 2751 2145 2797 ein-

54 2868 63 2878 ,
89 2817 150 2868 (a)
181 2817 284 2879 Gul..
303 2818 484 2880 Budaeus
506 2824 612 2866 Not.
634 2830 752 2880 prior.
787 2831 836 2871 ad
860 2830 986 2872 Pand.
1009 2844 1045 2882 p.
1072 2844 1162 2882 242.
1193 2839 1284 2878 245.
1311 2828 1413 2869 Ant.
1433 2830 1647 2882 Augustin.
1674 2829 1724 2870 de
1743 2826 1885 2882 Legffb.
1907 2830 1983 2882 leg.
2006 2827 2147 2868 Aebu-

0 2919 2 2934 .
36 2879 101 2909 ua.
129 2868 220 2910 Car.
243 2869 431 2924 Sigonius
455 2875 503 2915 de
526 2878 683 2926 judiciis
705 2881 837 2924 Lib.1.
862 2898 897 2927 e.
916 2898 978 2927 22.
1010 2884 1196 2927 Siccama
1215 2882 1265 2923 de
1284 2880 1541 2924 Centumvir.
1567 2880 2147 2935 JudicioLib.1.capp.6-—13‚·

0 2938 3 2982 !
34 2921 180 2966 Franc.
205 2923 430 2969 Hotoman.
460 2927 509 2967 de
531 2929 788 2983 magistratib.
809 2936 937 2978 Rom.
964 2938 1050 2979 Lib.
1075 2938 1204 2980 1..&c.
1810 2968 1812 2970 v
1902 2968 1904 2970 ’

1 3012 3 3019 ,
87 2978 151 3028 (b)
182 2977 292 3018 Haec
315 2978 395 3018 Pet.
421 2978 544 3032 ssayle
577 2983 628 3022 fic
661 2985 864 3042 intelligit,
895 3001 938 3032 ut
961 2984 1140 3032 censeat'.
1164 2989 1366 3032 Ovidium
1385 2990 1625 3042 quibusdam
1644 2991 1683 3031 in
1707 2991 1802 3031 litib.
1835 2988 2040 3028 Arbitrum
2063 2987 2140 3027 effe

0 3034 3 3063 l
35 3027 209 3079 fastum,
238 3030 314 3071 δῖε.
347 3031 505 3074 Verum
525 3034 663 3082 ‘Judex
686 3039 733 3078 ab
755 3041 905 3082 Arbitro
925 3044 1070 3086 differt.
1105 3044 1180 3084 Ille
1203 3045 1257 3085 est
1278 3044 1346 3096 qui
1368 3043 1388 3084 a
1412 3044 1663 3086 Praetoribus
1690 3044 1830 3085 datur:
1856 3042 2011 3081 Arbiter
2031 3041 2099 3092 qui
2117 3040 2138 3079 a

1 3091 3 3142 ᾗ
37 3081 470 3185 lpiltigzfiigiffiigeligitur.
502 3087 580 3128 vid.
608 3088 752 3136 Senec.
772 3093 821 3134 de
840 3093 977 3142 Benef.
996 3098 1087 3142 Lib.
1115 3096 1187 3140 111.
1218 3110 1254 3139 c.
1273 3109 1312 3151 7.
1340 3098 1444 3142 Plin.
1472 3096 1545 3151 Ep.
1569 3109 1631 3152 30.
1652 3096 1740 3141 Lib.
1766 3095 1859 3139 VII.
1882 3094 2014 3138 Cicer.
2038 3101 2140 3136 orat,

95 3187 158 3237 (c)
180 3187 307 3230 Νοᾶ.
327 3190 454 3238 Attic.
476 3192 568 3235 Lib.
588 3194 714 3237 XIV.
737 3209 771 3239 c.
799 3213 844 3248 2,

92 3239 156 3291 (d)
182 3237 282 3283 Vide
301 3242 339 3285 ἃ
359 3242 451 3289 Lib.
467 3245 567 3290 ΧΗ.
591 3263 627 3291 c.
655 3262 718 3305 13.
