2547 3708
370 147 408 200 a
526 89 595 99 ’“
1178 122 1695 178 Ρ.ονῐυιῑ

370 221 526 277 gentius
549 217 702 268 Sidonii
727 225 845 267 verba
875 221 1178 265 trutinabimus:
1208 218 1277 272 qui
1307 230 1406 260 curn
1437 216 1535 257 velit
1560 214 1901 276 hendecasyllabis
1930 213 2245 257 Narbonensem
2274 217 2476 268 quendam

370 278 539 317 Po'e'tam
558 279 671 332 super
695 289 851 319 ceteros
873 279 1090 325 extollere,
1119 285 1224 326 quos
1245 282 1312 314 aut
1332 281 1465 325 aperte
1485 276 1694 319 nominat,
1721 276 1788 308 aut
1809 267 2016 321 periphrali
2037 268 2229 322 ostendit,
2260 270 2308 311 de
2326 268 2478 314 Ovidio

373 328 598 381 ficinqun:
1307 337 1310 342 ·
1760 348 1765 351 .

545 384 605 425 Et
622 396 659 425 te
677 386 847 424 carmlna
858 393 930 437 per
951 380 1143 433 libidinosa

546 438 698 478 Notum
711 469 722 489 ,
752 437 855 488 Ichso
874 446 1002 486 tener,
1033 430 1236 486 Tomosque
1253 429 1424 483 mg'ffnm,

547 490 744 545 Quondam
766 490 972 540 Caesareae
992 488 1101 528 nimis
1119 485 1289 539 puellae,

544 543 643 595 Falso
665 545 812 594 nomine
818 543 1018 592 subditum
1037 539 1241 579 Corinnae.

370 600 450 639 hoc
471 597 522 638 est
542 597 652 648 quod
673 598 826 636 rnultos
847 593 1005 644 decipit.
1063 590 1141 632 Sed
1164 590 1307 629 ordine
1326 588 1412 640 ipso
1437 589 1745 639 interpretemur
1766 585 1921 637 versus,
1951 587 1988 629 ὅτ
2013 600 2073 628 res
2097 588 2177 640 ipsa
2197 589 2371 631 lucidior
2395 592 2477 636 fiet.

371 651 560 702 Superat,
591 649 741 700 inquit,
771 657 810 687 te
831 645 946 687 Naso
977 654 1089 685 tener
1116 642 1264 684 lascive
1295 652 1465 692 notum,
1494 641 1690 702 infamem
1710 653 1777 692 per
1797 640 1977 681 carmina
2008 642 2240 694 libidinosa,
2270 655 2482 697 propterea

367 704 479 755 quod
508 713 633 743 artem
655 701 893 741 amatoriam
923 697 1120 749 scripsisti:
1152 696 1191 737 δί
1210 694 1372 736 missum
1389 694 1575 738 Tomos.
1602 693 1748 734 V1den’
1773 694 2124 745 quemadmodum
2146 696 2224 735 hoc
2252 699 2351 737 loco
2377 712 2478 740 con-

362 757 519 810 jungit,
535 756 570 795 &
597 753 756 794 missum
767 752 935 793 Tomos
958 764 1024 803 per
1046 750 1226 791 carmina
1244 761 1411 801 quoque
1434 747 1646 788 libidinosa
1662 746 1722 787 1&
1743 748 1823 788 fine
1844 747 2141 799 conjunctione
2163 749 2312 790 subdit:
2328 750 2475 803 Quon-
2519 790 2522 794 .

365 810 460 849 dam
481 808 598 848 nimis
621 806 825 848 subditum
848 807 1005 858 puellae
1026 804 1244 845 Caesareae
1260 834 1272 854 ‚
1300 802 1402 843 falso
1414 801 1623 843 Corinnae
1646 801 1827 841 nomine.
1885 800 1960 841 Per
1983 803 2082 842 haec
2103 803 2223 842 verba
2241 815 2324 843 non
2346 805 2477 847 osten-

366 862 444 911 dit,
468 873 511 900 ea
533 861 651 900 causa
676 861 835 902 miffum
858 859 935 900 eise
955 860 996 899 in
1016 858 1205 909 exilium,
1237 857 1347 908 quod
1358 855 1595 897 Caesaream
1613 855 1792 906 puellam
1812 854 1977 905 amarit,
2011 855 2078 896 sed
2099 855 2209 906 quod
2237 866 2363 897 artem
2384 858 2479 900 scri·
2529 860 2539 865 ”

361 914 490 965 pserit.
521 913 600 955 Sed
621 926 722 965 quae
745 914 861 955 fuerit
887 915 982 953 haec
1004 912 1200 952 Caesarea
1223 912 1379 962 puella,
1406 909 1446 948 in
1472 908 1595 949 dubio
1614 907 1680 947 est.
1708 919 1804 947 nam
1825 909 1849 948 fi
1869 907 1977 949 reete
1995 909 2253 961 perspicimus
2269 941 2280 962 ,
2295 913 2475 962 puellam
2522 914 2524 917 ’

360 980 447 1007 non
486 979 570 1007 tam
603 980 677 1019 pro
707 968 815 1017 filia,
840 976 909 1007 aut
943 975 1082 1018 nepte,
1112 977 1236 1016 quam
1263 976 1336 1015 pro
1367 962 1517 1003 ancilla
1544 961 1726 1012 accipere
1755 959 1991 1013 possumus,
2023 962 2080 1003 uti
2100 961 2136 1002 &
2155 974 2350 1016 puerum,
2377 977 2475 1007 cum

360 1033 506 1072 pueros
538 1033 623 1060 non
656 1020 785 1061 modo
810 1020 943 1069 filios,
974 1019 1011 1059 ἀ
1035 1019 1105 1070 qui
1129 1018 1219 1058 {unt
1238 1025 1366 1057 aetate
1386 1015 1550 1067 puerili,
1580 1014 1646 1054 sed
1671 1014 1794 1055 etlam
1813 1014 1951 1054 servos
1970 1027 2192 1067 vocamus,
2222 1026 2267 1057 ut
2285 1016 2475 1070 saepenu-

359 1086 476 1114 mero
504 1073 607 1125 apnd
630 1072 777 1113 Po'c'tas
813 1072 851 1114 ἃ
871 1071 1068 1114 Oratores
1101 1070 1294 1110 invenies.
1337 1068 1448 1121 quod
1468 1069 1590 1108 etiam
1612 1067 1783 1108 ostendit
1803 1066 1969 1108 Paullus
1984 1067 2299 1120 jurisconsultus
2318 1071 2368 1112 de
2388 1084 2476 1112 ver-

361 1128 508 1167 borum
541 1127 844 1180 fignificatione.
900 1124 1064 1166 Poterat
1093 1124 1211 1218 igitur
1232 1122 1472 1172 Caesaream
1505 1122 1698 1162 ancillam
1718 1133 1874 1170 amare,
1905 1120 1942 1161 &
1964 1133 2056 1162 eam
2076 1122 2148 1163 sub
2169 1122 2380 1165 Corinnae
2398 1122 2476 1165 no-'

359 1180 472 1220 mine
495 1182 705 1220 celebrare.
747 1180 794 1220 In
817 1179 926 1220 libris
946 1179 1057 1219 enim
1082 1191 1099 1217 a
1151 1177 1381 1218 Corinnam
1401 1175 1498 1215 nihil
1520 1176 1573 1216 etl
1598 1175 1765 1227 dignum
1786 1175 1962 1226 principe
1984 1175 2165 1216 muliere.
2194 1188 2291 1217 nam
2309 1177 2358 1218 ad
2379 1191 2476 1220 ean·

359 1232 453 1274 dem
479 1246 652 1275 coenam
675 1243 793 1274 eunt:
824 1242 931 1273 certe
955 1245 1053 1272 cum
1075 1231 1319 1282 principibus
1343 1241 1429 1270 non
1452 1228 1547 1269 isset.
1606 1226 1749 1269 Multa
1765 1226 2004 1280 imprecatur
2025 1228 2065 1267 in
2088 1229 2243 1270 virum:
2267 1230 2306 1270 in
2327 1231 2474 1273 Caesa-

360 1299 446 1326 rem
468 1300 551 1327 non
577 1287 629 1327 ita
649 1286 814 1327 fecisset.
877 1285 1046 1327 Accedit
1071 1285 1142 1325 illa
1164 1285 1212 1325 ad
1236 1283 1379 1333 illum,
1409 1294 1494 1321 non
1521 1281 1606 1321 isset
1627 1281 1823 1333 princeps.
1846 1279 1994 1321 Laniat
2018 1281 2309 1333 capillos:non
2333 1285 2386 1325 ita
2405 1286 2475 1326 de-

357 1351 476 1380 mens
496 1339 649 1389 fuisset,
680 1350 723 1380 ut
747 1338 932 1392 principis
952 1338 1143 1379 laniaffet.
1174 1337 1379 1378 Praeterea
1399 1336 1438 1375 in
1462 1335 1651 1375 omnibus
1674 1335 1844 1386 querelis
1860 1334 1922 1386 ,ἀ
1945 1336 2104 1386 quaein
2128 1337 2232 1376 libro
2254 1336 2475 1392 Tristium‚

358 1392 396 1432 ἅ
427 1406 528 1443 quae
560 1393 600 1433 in
630 1394 685 1433 his
713 1393 762 1433 de
785 1394 920 1433 Ponto
954 1392 1120 1444 scriptae
1149 1391 1263 1443 sunt,
1291 1390 1390 1431 nihil
1418 1388 1467 1428 de
1497 1400 1637 1428 amore
1667 1387 1867 1439 queritur,
1893 1388 1961 1428 nisi
1985 1388 2097 1439 quod
2116 1399 2244 1430 artem
2264 1389 2471 1443 scripserit.
2511 1405 2514 1407 ’

363 1446 461 1485 nihil
483 1448 522 1487 in
544 1459 727 1487 amorem
748 1447 1015 1498 imprecatum
1036 1456 1298 1496 erroremque
1319 1444 1359 1483 in
1380 1454 1464 1492 qno
1486 1441 1700 1482 damnatus
1723 1442 1889 1492 simion
1911 1443 2195 1491 culpam‚non
2216 1443 2366 1493 scelus,
2384 1457 2472 1488 non

361 1499 517 1540 crimen
539 1510 685 1541 vocat:
714 1513 760 1540 ac
784 1500 807 1539 fi
828 1499 1100 1539 demonstrare
1120 1497 1216 1537 velit
1237 1509 1370 1538 errore
1394 1495 1435 1534 in
1456 1495 1637 1534 alienum
1662 1495 1818 1534 crimen
1838 1493 2038 1545 incidisse,
2060 1496 2201 1546 vel‚ut
2221 1496 2285 1536 alii
2305 1496 2472 1551 dicunt,

359 1552 470 1602 quod
491 1552 644 1601 juliam
665 1553 816 1593 nudam
834 1553 997 1603 viderit,
1020 1554 1083 1592 vel
1106 1551 1219 1604 quod
1241 1550 1458 1591 Caesarem
1478 1548 1708 1602 Augustum
1727 1548 1769 1589 in
1788 1560 1830 1590 re
1851 1547 1956 1601 turpi
1973 1547 2287 1600 deprehenderit.
2345 1550 2475 1605 quue

354 1603 475 1645 facile
492 1618 537 1645 ex
563 1618 612 1645 eo
637 1608 734 1646 loco
756 1606 901 1658 percipi
924 1606 1065 1657 potest.

534 1658 569 1699 C
572 1673 620 1698 ur
643 1659 792 1713 aliquid
811 1658 916 1699 vidi?
944 1674 1011 1698 cnr
1031 1659 1147 1699 noxia
1165 1658 1312 1699 lumina
1321 1657 1427 1708 feci?

585 1712 670 1752 Cur
686 1713 919 1767 imprudenti
937 1713 1083 1766 cognim
1101 1713 1210 1768 culpa
1229 1711 1323 1751 mihi
1334 1710 1349 1750 ?

357 1777 534 1816 quorum
568 1767 758 1806 versuum
779 1767 1018 1807 sententiam
1042 1767 1160 1807 multi
1182 1775 1468 1819 perverterunt.
1498 1764 1593 1806 dixit
1615 1764 1723 1804 enim
1744 1761 1908 1815 cognita
1930 1764 2069 1814 culpa,
2098 1775 2184 1804 non
2213 1764 2280 1804 hic
2298 1764 2347 1804 de
2367 1765 2437 1806 sua
2454 1797 2467 1818 ‚
2508 1770 2519 1786 ’-

353 1818 420 1858 sed
456 1819 505 1858 de
536 1820 696 1860 alterius
728 1822 848 1872 culpa
868 1820 978 1863 dixit.
1035 1819 1084 1860 Et
1105 1820 1146 1860 in
1169 1822 1247 1860 hoc
1274 1818 1402 1859 subdit
1427 1817 1645 1859 Actaeonis
1673 1818 1929 1868 exemplum,
1959 1817 2027 1868 qui
2050 1817 2197 1857 inscius
2222 1818 2260 1857 in
2285 1816 2468 1861 Dianam

352 1871 506 1911 nudam
543 1873 701 1914 incidit:
734 1874 800 1920 fic*
815 1874 852 1914 &
875 1886 968 1913 eum
991 1874 1162 1914 inscium
1185 1873 1227 1913 in
1251 1872 1398 1923 aliquid
1421 1872 1546 1912 {imile
1566 1870 1746 1911 incidisse
1763 1870 2070 1922 conjiciendum
2090 1871 2165 1922 est,
2195 1871 2308 1923 quod
2331 1873 2467 1914 omni-

353 1935 411 1963 no
433 1926 567 1977 negari
589 1938 672 1966 non
695 1926 844 1978 potest:
873 1939 969 1967 cum
988 1928 1027 1967 in
1052 1927 1170 1967 tertio
1191 1925 1390 1966 Tristiurn
1413 1926 1515 1965 libro
1536 1925 1665 1965 dicat:

528 1977 653 2028 Ins'cia
673 1981 773 2033 quod
793 1981 937 2019 crimen
956 1982 1140 2021 viderunt
1163 1979 1332 2030 lumina,
1355 1977 1525 2033 pleelor,

586 2034 867 2088 Peccatumque
890 2033 1009 2074 oculos
1030 2035 1079 2086 est
1097 2033 1261 2086 habuiffe
1282 2047 1393 2071 meos.

356 2084 394 2124 ὅ(
415 2085 562 2135 pluries
585 2086 625 2124 in
648 2087 817 2126 eandem
838 2087 1077 2128 sententiam
1095 2087 1241 2128 redeat.
1271 2085 1435 2126 Etenim
1450 2116 1460 2136 ‚
1490 2086 1675 2137 quamvis
1698 2085 1938 2126 Caesaream
1961 2086 2141 2137 puellam
2161 2082 2347 2136 amanet,
2378 2097 2467 2127 cer·

351 2147 392 2176 te
411 2150 495 2177 non
517 2139 595 2177 hoc
616 2150 916 2185 errorem‚non
938 2140 1060 2179 inscie
1080 2141 1316 2190 delinquere
1337 2138 1500 2179 dixisset.
1531 2152 1626 2179 narn
1649 2139 1685 2178 ὅτ
1710 2139 1875 2178 conscie
1896 2139 1934 2177 &
1956 2139 2121 2177 summo
2143 2138 2292 2176 scelere
2312 2138 2351 2177 in
2378 2142 2464 2180 Au·
2494 2160 2496 2162 ·

351 2191 505 2240 gustam
534 2191 782 2241 majestatem
808 2191 1042 2242 deliquisset.
1099 2192 1360 2242 Relinquitur
1390 2204 1508 2242 ergo,
1539 2190 1650 2240 quod
1683 2191 1834 2240 aliquid
1860 2190 2024 2240 viderit,
2054 2201 2101 2228 ex
2122 2201 2210 2240 quo
2229 2190 2462 2242 Augustum

352 2244 392 2282 in
423 2242 564 2283 odium
597 2244 851 2294 provocarit,
882 2244 918 2285 ὅτ
950 2245 1071 2284 exilio
1102 2245 1174 2284 sub
1195 2244 1285 2283 artis
1305 2243 1524 2283 amatoriae
1544 2245 1662 2291 culpa
1675 2245 1878 2281 multatus
1901 2242 1957 2284 iit.
2013 2241 2171 2293 Scripta
2190 2244 2307 2295 elego
2330 2246 2463 2286 heroi·

353 2308 487 2346 coque
517 2297 697 2337 carmine
728 2297 888 2348 reliquit
916 2301 1069 2349 multa,
1101 2310 1202 2349 qnae
1230 2296 1404 2336 maxime
1437 2294 1472 2333 &
1499 2294 1585 2334 usui
1607 2293 1645 2334 &
1665 2304 1909 2335 ornamento
1932 2295 2090 2346 linguae
2114 2293 2332 2336 Romanae
2353 2298 2459 2340 sunt.

350 2348 581 2389 Heroidum
606 2351 789 2401 epistolas
814 2352 959 2401 plures.
1019 2351 1131 2391 Artis
1157 2349 1390 2391 Amatoriae
1411 2348 1533 2387 libros
1555 2358 1646 2387 tres.
1707 2347 1876 2387 Amoris
1898 2347 2063 2388 remedii
2087 2348 2210 2389 libros
2232 2349 2349 2391 duos.
2392 2350 2465 2394 De

349 2402 555 2442 amoribus
588 2403 637 2443 ad
659 2403 888 2443 Corinnam
910 2405 1032 2444 libros
1054 2414 1146 2444 tres.
1176 2401 1589 2444 Transmutationum
1615 2400 1736 2440 libros
1757 2401 2003 2452 quindecim.
2061 2399 2223 2454 Scripfit
2244 2402 2282 2443 &
2301 2412 2461 2458 tragoe-

2530 2199 2541 2205 τ
2518 2008 2547 2177 &Rea
2520 1865 2547 1991 :2213‘2‘1

2510 2287 2547 2467 ztrz‘ssseaf‘
2514 2234 2547 2271 ἈΞ

350 2455 454 2505 dias,
487 2467 660 2504 quarum
688 2456 863 2496 maxime
891 2456 929 2496 ὅς
959 2470 982 2496 a
1003 2456 1259 2509 Quintiliano
1291 2456 1328 2495 ὅ(
1350 2454 1549 2495 Cornelio
1571 2451 1724 2494 Tacito
1746 2453 1898 2495 Medea
1930 2455 2141 2505 probatur:
2173 2455 2212 2495 in
2235 2468 2313 2507 qua
2334 2470 2462 2508 quan-
2513 2474 2530 2506 22

350 2516 439 2548 tum
466 2510 611 2548 valeret
632 2509 817 2562 ingenio,
839 2510 1024 2551 ostendit.
1083 2509 1249 2550 Librum
1271 2509 1311 2548 in
1332 2510 1465 2548 malos
1487 2509 1626 2557 poetas
1647 2508 1902 2558 composuit,
1917 2518 1960 2548 ut
1983 2507 2129 2548 Fabius
2152 2507 2295 2560 Quint.
2324 2511 2458 2553 refert.

346 2559 572 2610 Epistolam
604 2561 751 2613 scripsit
778 2562 826 2602 acl
858 2560 1022 2603 Liviam
1046 2562 1211 2616 Augusti
1245 2562 1294 2602 de
1326 2570 1458 2601 morte
1477 2559 1612 2600 Druii.
1673 2560 1837 2601 Bellum
1860 2561 2078 2602 Actiacum
2111 2560 2329 2602 inchoavit.
2388 2564 2459 2605 Ad

349 2613 564 2654 Tiberium
598 2614 718 2655 libros
755 2614 884 2666 duos,
915 2615 956 2656 in
983 2616 1104 2657 exilio
1129 2616 1324 2655 Tristium
1347 2616 1468 2654 libros
1496 2614 1698 2664 quinque,
1727 2613 1776 2654 de
1800 2614 1934 2656 Ponto
1955 2623 2151 2665 quatuor,
2182 2614 2391 2657 Fastorum
2413 2618 2459 2658 li·
2511 2620 2527 2656 '1

350 2668 444 2707 bros
464 2665 559 2708 xli.
589 2666 830 2720 Scriplitque
862 2668 900 2708 in
926 2668 1009 2710 lbin
1043 2669 1404 2720 imprecationem,
1433 2666 1697 2718 vaticiniaque
1727 2680 1812 2708 uno
1834 2669 1936 2709 libro
1960 2670 2199 2719 complexus
2222 2669 2287 2709 est.
2348 2669 2459 2711 Scri·
2506 2691 2529 2715 ῃ

350 2721 420 2770 plit
453 2719 490 2759 ὅτ
515 2721 764 2771 triumphum
790 2721 982 2762 Caesaris.
1041 2722 1247 2763 Postremo
1270 2722 1319 2761 de
1340 2721 1508 2771 piscibus
1528 2733 1630 2771 opus
1651 2720 1877 2772 inchoavit,
1908 2733 2031 2773 quem
2052 2721 2183 2771 postea
2204 2721 2380 2763 imitatus
2402 2724 2458 2766 est
2506 2726 2525 2752 Ἴ

350 2772 573 2825 Oppianus.
635 2774 795 2826 Lingua
815 2774 958 2815 Getica
988 2776 1172 2816 libellum
1203 2775 1252 2816 de
1280 2775 1391 2829 gellis
1416 2774 1666 2825 imperatoris
1700 2773 1803 2826 a-pu'd
1830 2775 1956 2816 Getas
1987 2774 2120 2814 edidit.
2150 2776 2244 2825 quin
2276 2777 2396 2817 etiam
2417 2777 2457 2819 δι

309 2859 311 2862 .
342 2818 427 2866 ‘alia
450 2829 636 2876 pleraque
658 2825 846 2878 scripiiffe
870 2828 1037 2871 constat.
1095 2829 1283 2869 Interiere
1307 2837 1443 2868 tamen
1462 2830 1614 2872 multa,
1643 2827 1708 2867 sen
1731 2829 1985 2869 librariorum
2007 2827 2180 2876 incuria,
2209 2828 2275 2868 sen
2296 2829 2458 2880 posteri·
2509 2855 2511 2858 -

352 2878 441 2918 tatis
466 2880 617 2919 inertia.
660 2879 871 2921 Fastorum
894 2890 1029 2922 autem
1047 2882 1110 2922 sex
1134 2881 1425 2923 tantummodo
1446 2881 1487 2922 in
1508 2881 1640 2922 nostra
1660 2881 1796 2922 secula
1813 2893 2048 2934 pervenere,
2078 2892 2176 2921 cum
2198 2881 2235 2923 δι
2255 2882 2334 2934 ipse
2355 2883 2459 2925 duo·
2520 2933 2522 2937 y

351 2930 484 2973 decim
507 2931 693 2984 scripsisse
712 2933 751 2973 se
771 2933 902 2974 dicat:

526 2985 603 3024 Sex
624 3000 685 3039 ego
706 2985 899 3039 Frisiorum
907 2984 1060 3041 scripsi,
1091 2988 1318 3043 totidemque
1339 2988 1497 3043 libellos,

582 3037 760 3093 Cumque
768 3041 838 3091 suo
849 3040 971 3092 finem
993 3042 1114 3090 mense
1136 3041 1280 3082 libellus
1297 3042 1419 3083 habet.

349 3091 443 3132 Hos
464 3100 614 3152 ,nutem
647 3093 765 3133 multi
795 3103 935 3145 putant
960 3092 1129 3137 Romae,
1147 3095 1359 3138 inchoasse.
1416 3095 1494 3140 Sed
1515 3096 1555 3138 in
1577 3095 1710 3139 Ponto
1734 3096 1926 3152 absolvit,
1955 3106 1999 3139 ut
2017 3103 2123 3149 patet
2146 3107 2192 3137 ex
2218 3107 2270 3138 eo
2294 3098 2392 3139 loco
2412 3097 2454 3139 in

349 3143 428 3188 IV'.
446 3145 573 3198 libro,
608 3157 705 3189 cum
724 3146 874 3202 inquit:

2364 3255 2453 3298 Sul·
2486 3273 2491 3280 ³
