<?xml version="1.0" encoding="UTF-8"?>
<!DOCTYPE html PUBLIC "-//W3C//DTD XHTML 1.0 Transitional//EN"
    "http://www.w3.org/TR/xhtml1/DTD/xhtml1-transitional.dtd">
<html xmlns="http://www.w3.org/1999/xhtml" xml:lang="en" lang="en">
 <head>
  <title>
</title>
<meta http-equiv="Content-Type" content="text/html;charset=utf-8" />
  <meta name='ocr-system' content='tesseract 3.04.00' />
  <meta name='ocr-capabilities' content='ocr_page ocr_carea ocr_par ocr_line ocrx_word'/>
</head>
<body>
  <div class='ocr_page' id='page_1' title='image "./publiiovidiinaso04ovid_0281.png"; bbox 0 0 2547 3708; ppageno 0'>
   <div class='ocr_carea' id='block_1_1' title="bbox 737 142 2124 208">
    <p class='ocr_par' dir='ltr' id='par_1_1' title="bbox 737 142 2124 208">
     <span class='ocr_line' id='line_1_1' title="bbox 737 142 2124 208; baseline 0.003 -14"><span class='ocrx_word' id='word_1_1' title='bbox 737 142 1441 208; x_wconf 63' lang='lat' dir='ltr'><strong>PERJ.MASSON.</strong></span> <span class='ocrx_word' id='word_1_2' title='bbox 2037 163 2124 198; x_wconf 86' lang='lat'>101</span> 
     </span>
    </p>
   </div>
   <div class='ocr_carea' id='block_1_2' title="bbox 0 234 2129 560">
    <p class='ocr_par' dir='ltr' id='par_1_2' title="bbox 29 234 2126 306">
     <span class='ocr_line' id='line_1_2' title="bbox 29 234 2126 306; baseline -0.007 -5"><span class='ocrx_word' id='word_1_3' title='bbox 29 252 127 302; x_wconf 89' lang='lat' dir='ltr'>sunt</span> <span class='ocrx_word' id='word_1_4' title='bbox 149 247 205 295; x_wconf 87' lang='lat' dir='ltr'>de</span> <span class='ocrx_word' id='word_1_5' title='bbox 231 241 502 306; x_wconf 80' lang='lat' dir='ltr'>Triumpho</span> <span class='ocrx_word' id='word_1_6' title='bbox 528 239 853 306; x_wconf 80' lang='lat' dir='ltr'>intelligenda,</span> <span class='ocrx_word' id='word_1_7' title='bbox 887 253 1025 302; x_wconf 87' lang='lat' dir='ltr'>quem</span> <span class='ocrx_word' id='word_1_8' title='bbox 1056 237 1131 284; x_wconf 87' lang='lat' dir='ltr'>ille</span> <span class='ocrx_word' id='word_1_9' title='bbox 1166 236 1373 299; x_wconf 85' lang='lat' dir='ltr'>pluribus</span> <span class='ocrx_word' id='word_1_10' title='bbox 1406 248 1512 284; x_wconf 89' lang='lat' dir='ltr'>ante</span> <span class='ocrx_word' id='word_1_11' title='bbox 1545 234 1658 283; x_wconf 84' lang='lat' dir='ltr'>haec</span> <span class='ocrx_word' id='word_1_12' title='bbox 1681 235 1806 285; x_wconf 89' lang='lat' dir='ltr'>annis</span> <span class='ocrx_word' id='word_1_13' title='bbox 1828 235 1997 296; x_wconf 66' lang='lat' dir='ltr'>duEto,</span> <span class='ocrx_word' id='word_1_14' title='bbox 2030 238 2126 287; x_wconf 81' lang='lat' dir='ltr'>scil.</span> 
     </span>
    </p>

    <p class='ocr_par' dir='ltr' id='par_1_3' title="bbox 32 301 2127 369">
     <span class='ocr_line' id='line_1_3' title="bbox 32 301 2127 369; baseline -0.006 -7"><span class='ocrx_word' id='word_1_15' title='bbox 32 319 118 364; x_wconf 85' lang='lat' dir='ltr'>An.</span> <span class='ocrx_word' id='word_1_16' title='bbox 146 308 206 360; x_wconf 87' lang='lat' dir='ltr'>U.</span> <span class='ocrx_word' id='word_1_17' title='bbox 232 311 289 357; x_wconf 86' lang='lat' dir='ltr'>C.</span> <span class='ocrx_word' id='word_1_18' title='bbox 315 306 677 356; x_wconf 84' lang='lat' dir='ltr'><strong>DCCXLVII.</strong></span> <span class='ocrx_word' id='word_1_19' title='bbox 712 317 806 369; x_wconf 85' lang='lat' dir='ltr'>quo</span> <span class='ocrx_word' id='word_1_20' title='bbox 831 303 1020 367; x_wconf 82' lang='lat' dir='ltr'>ipset-net</span> <span class='ocrx_word' id='word_1_21' title='bbox 1057 318 1164 349; x_wconf 89' lang='lat' dir='ltr'>cum</span> <span class='ocrx_word' id='word_1_22' title='bbox 1190 301 1350 348; x_wconf 85' lang='lat' dir='ltr'>Pisone</span> <span class='ocrx_word' id='word_1_23' title='bbox 1376 301 1551 348; x_wconf 86' lang='lat' dir='ltr'>Consul</span> <span class='ocrx_word' id='word_1_24' title='bbox 1583 303 1752 348; x_wconf 86' lang='lat' dir='ltr'>iterum</span> <span class='ocrx_word' id='word_1_25' title='bbox 1770 335 1786 360; x_wconf 77' lang='grc'>,</span> <span class='ocrx_word' id='word_1_26' title='bbox 1821 301 2013 365; x_wconf 88' lang='lat' dir='ltr'>ipfisque</span> <span class='ocrx_word' id='word_1_27' title='bbox 2032 305 2127 349; x_wconf 73' lang='lat' dir='ltr'>Ka-</span> 
     </span>
    </p>

    <p class='ocr_par' dir='ltr' id='par_1_4' title="bbox 29 367 2129 436">
     <span class='ocr_line' id='line_1_4' title="bbox 29 367 2129 436; baseline -0.008 -7"><span class='ocrx_word' id='word_1_28' title='bbox 29 381 151 429; x_wconf 82' lang='lat' dir='ltr'><em>lendis</em></span> <span class='ocrx_word' id='word_1_29' title='bbox 173 376 400 436; x_wconf 81' lang='lat' dir='ltr'>Januariis</span> <span class='ocrx_word' id='word_1_30' title='bbox 424 371 632 432; x_wconf 79' lang='lat' dir='ltr'>Templum</span> <span class='ocrx_word' id='word_1_31' title='bbox 658 371 905 417; x_wconf 74' lang='lat' dir='ltr'><em>Concordiae</em></span> <span class='ocrx_word' id='word_1_32' title='bbox 924 369 1091 430; x_wconf 76' lang='lat' dir='ltr'>sthimet</span> <span class='ocrx_word' id='word_1_33' title='bbox 1113 369 1186 428; x_wconf 79' lang='lat' dir='ltr'>ipſs</span> <span class='ocrx_word' id='word_1_34' title='bbox 1208 368 1468 428; x_wconf 70' lang='lat' dir='ltr'>reficiendum</span> <span class='ocrx_word' id='word_1_35' title='bbox 1497 367 1707 426; x_wconf 69' lang='lat' dir='ltr'>injunxit,</span> <span class='ocrx_word' id='word_1_36' title='bbox 1739 377 1788 412; x_wconf 86' lang='lat' dir='ltr'>ut</span> <span class='ocrx_word' id='word_1_37' title='bbox 1804 368 1886 428; x_wconf 78' lang='lat' dir='ltr'>fito</span> <span class='ocrx_word' id='word_1_38' title='bbox 1909 367 1962 418; x_wconf 51' lang='grc' dir='ltr'>ἐξ</span> <span class='ocrx_word' id='word_1_39' title='bbox 1992 368 2129 428; x_wconf 79' lang='lat' dir='ltr'>Drusi</span> 
     </span>
    </p>

    <p class='ocr_par' dir='ltr' id='par_1_5' title="bbox 0 430 2128 560">
     <span class='ocr_line' id='line_1_5' title="bbox 30 430 2128 500; baseline -0.008 -7"><span class='ocrx_word' id='word_1_40' title='bbox 30 440 250 493; x_wconf 54' lang='lat' dir='ltr'>nomine&#39;id</span> <span class='ocrx_word' id='word_1_41' title='bbox 267 439 529 500; x_wconf 74' lang='lat' dir='ltr'><em>inscriberet,</em></span> <span class='ocrx_word' id='word_1_42' title='bbox 562 453 611 482; x_wconf 74' lang='lat' dir='ltr'>ac</span> <span class='ocrx_word' id='word_1_43' title='bbox 630 437 771 482; x_wconf 79' lang='lat' dir='ltr'>deinde</span> <span class='ocrx_word' id='word_1_44' title='bbox 791 435 1100 494; x_wconf 70' lang='lat' dir='ltr'>triumphavit,</span> <span class='ocrx_word' id='word_1_45' title='bbox 1135 446 1342 477; x_wconf 80' lang='lat' dir='ltr'>narrante</span> <span class='ocrx_word' id='word_1_46' title='bbox 1370 432 1527 478; x_wconf 86' lang='lat' dir='ltr'>Dione</span> <span class='ocrx_word' id='word_1_47' title='bbox 1554 430 1611 491; x_wconf 80' lang='lat' dir='ltr'>(a)</span> <span class='ocrx_word' id='word_1_48' title='bbox 1637 432 1884 478; x_wconf 84' lang='lat' dir='ltr'>Suetonius</span> <span class='ocrx_word' id='word_1_49' title='bbox 1920 446 2034 494; x_wconf 86' lang='lat' dir='ltr'>ergo</span> <span class='ocrx_word' id='word_1_50' title='bbox 2058 433 2128 478; x_wconf 81' lang='lat' dir='ltr'>vi-</span> 
     </span>
     <span class='ocr_line' id='line_1_6' title="bbox 0 495 1683 560; baseline -0.009 -3"><span class='ocrx_word' id='word_1_51' title='bbox 0 531 1 538; x_wconf 52' lang='lat'><em>*</em></span> <span class='ocrx_word' id='word_1_52' title='bbox 29 511 158 557; x_wconf 87' lang='lat' dir='ltr'>detur</span> <span class='ocrx_word' id='word_1_53' title='bbox 178 504 293 550; x_wconf 87' lang='lat' dir='ltr'>duos</span> <span class='ocrx_word' id='word_1_54' title='bbox 318 501 603 549; x_wconf 77' lang='lat' dir='ltr'>consundere</span> <span class='ocrx_word' id='word_1_55' title='bbox 623 500 806 548; x_wconf 81' lang='lat' dir='ltr'>Tiberii</span> <span class='ocrx_word' id='word_1_56' title='bbox 828 496 1139 560; x_wconf 84' lang='lat' dir='ltr'>Triumphos.</span> <span class='ocrx_word' id='word_1_57' title='bbox 1176 496 1263 543; x_wconf 91' lang='lat' dir='ltr'>Sed</span> <span class='ocrx_word' id='word_1_58' title='bbox 1285 496 1340 542; x_wconf 91' lang='lat' dir='ltr'>de</span> <span class='ocrx_word' id='word_1_59' title='bbox 1362 497 1430 542; x_wconf 81' lang='lat' dir='ltr'>his</span> <span class='ocrx_word' id='word_1_60' title='bbox 1454 498 1541 559; x_wconf 84' lang='lat' dir='ltr'>jam</span> <span class='ocrx_word' id='word_1_61' title='bbox 1567 495 1683 542; x_wconf 70' lang='lat' dir='ltr'>stitis.</span> 
     </span>
    </p>
   </div>
   <div class='ocr_carea' id='block_1_3' title="bbox 255 683 868 815">
    <p class='ocr_par' dir='ltr' id='par_1_6' title="bbox 255 683 868 815">
     <span class='ocr_line' id='line_1_7' title="bbox 255 683 868 735; baseline -0.01 -1"><span class='ocrx_word' id='word_1_62' title='bbox 255 686 353 735; x_wconf 76' lang='lat' dir='ltr'>Ch.</span> <span class='ocrx_word' id='word_1_63' title='bbox 378 702 445 733; x_wconf 81' lang='lat' dir='ltr'>XI.</span> <span class='ocrx_word' id='word_1_64' title='bbox 465 684 532 731; x_wconf 90' lang='lat' dir='ltr'>U.</span> <span class='ocrx_word' id='word_1_65' title='bbox 555 683 612 729; x_wconf 91' lang='lat' dir='ltr'>C.</span> <span class='ocrx_word' id='word_1_66' title='bbox 634 697 868 729; x_wconf 72' lang='lat' dir='ltr'>Dccmnv.</span> 
     </span>
     <span class='ocr_line' id='line_1_8' title="bbox 263 748 752 815; baseline -0.016 -15"><span class='ocrx_word' id='word_1_67' title='bbox 263 751 427 800; x_wconf 85' lang='lat' dir='ltr'>Ovidii</span> <span class='ocrx_word' id='word_1_68' title='bbox 455 765 557 799; x_wconf 77' lang='lat' dir='ltr'>Lm,</span> <span class='ocrx_word' id='word_1_69' title='bbox 582 748 631 794; x_wconf 83' lang='lat'>&amp;</span> <span class='ocrx_word' id='word_1_70' title='bbox 654 763 752 815; x_wconf 77' lang='lat' dir='ltr'>Ltv.</span> 
     </span>
    </p>
   </div>
   <div class='ocr_carea' id='block_1_4' title="bbox 217 860 1939 922">
    <p class='ocr_par' dir='ltr' id='par_1_7' title="bbox 217 860 1939 922">
     <span class='ocr_line' id='line_1_9' title="bbox 217 860 1939 922; baseline -0.005 -6"><span class='ocrx_word' id='word_1_71' title='bbox 217 870 291 916; x_wconf 88' lang='lat' dir='ltr'>M.</span> <span class='ocrx_word' id='word_1_72' title='bbox 327 866 629 916; x_wconf 85' lang='lat' dir='ltr'>AEMILIO</span> <span class='ocrx_word' id='word_1_73' title='bbox 664 864 957 922; x_wconf 81' lang='lat' dir='ltr'>LEPIDO,</span> <span class='ocrx_word' id='word_1_74' title='bbox 990 863 1056 909; x_wconf 93' lang='lat' dir='ltr'>T.</span> <span class='ocrx_word' id='word_1_75' title='bbox 1093 860 1431 910; x_wconf 88' lang='lat' dir='ltr'><strong>STATILIO</strong></span> <span class='ocrx_word' id='word_1_76' title='bbox 1466 861 1720 910; x_wconf 89' lang='lat' dir='ltr'><strong>TAURO</strong></span> <span class='ocrx_word' id='word_1_77' title='bbox 1756 862 1939 911; x_wconf 84' lang='lat' dir='ltr'><strong>COSS.</strong></span> 
     </span>
    </p>
   </div>
   <div class='ocr_carea' id='block_1_5' title="bbox 20 718 216 768">
    <p class='ocr_par' dir='ltr' id='par_1_8' title="bbox 20 718 216 768">
     <span class='ocr_line' id='line_1_10' title="bbox 20 718 216 768; baseline 0.01 -2"><span class='ocrx_word' id='word_1_78' title='bbox 20 718 216 768; x_wconf 53' lang='lat' dir='ltr'>-AffiNo</span> 
     </span>
    </p>
   </div>
   <div class='ocr_carea' id='block_1_6' title="bbox 16 978 2134 2023">
    <p class='ocr_par' dir='ltr' id='par_1_9' title="bbox 16 978 2134 2023">
     <span class='ocr_line' id='line_1_11' title="bbox 27 978 2130 1098; baseline -0.004 -63"><span class='ocrx_word' id='word_1_79' title='bbox 27 989 63 1038; x_wconf 88' lang='lat' dir='ltr'>L</span> <span class='ocrx_word' id='word_1_80' title='bbox 93 986 265 1098; x_wconf 85' lang='lat' dir='ltr'>AD</span> <span class='ocrx_word' id='word_1_81' title='bbox 299 986 424 1033; x_wconf 89' lang='lat' dir='ltr'>hunc</span> <span class='ocrx_word' id='word_1_82' title='bbox 457 1000 627 1032; x_wconf 85' lang='lat' dir='ltr'>annum</span> <span class='ocrx_word' id='word_1_83' title='bbox 659 983 825 1031; x_wconf 85' lang='lat' dir='ltr'>attinet</span> <span class='ocrx_word' id='word_1_84' title='bbox 848 981 937 1029; x_wconf 90' lang='lat' dir='ltr'>IV.</span> <span class='ocrx_word' id='word_1_85' title='bbox 960 978 1154 1043; x_wconf 78' lang='lat' dir='ltr'>Tristium</span> <span class='ocrx_word' id='word_1_86' title='bbox 1179 981 1335 1040; x_wconf 77' lang='lat' dir='ltr'>Liber,</span> <span class='ocrx_word' id='word_1_87' title='bbox 1370 996 1505 1042; x_wconf 83' lang='lat' dir='ltr'>quern</span> <span class='ocrx_word' id='word_1_88' title='bbox 1531 981 1736 1028; x_wconf 81' lang='lat' dir='ltr'>Romam</span> <span class='ocrx_word' id='word_1_89' title='bbox 1762 980 1914 1040; x_wconf 80' lang='lat' dir='ltr'>misit,</span> <span class='ocrx_word' id='word_1_90' title='bbox 1950 997 2056 1028; x_wconf 88' lang='lat' dir='ltr'>cum</span> <span class='ocrx_word' id='word_1_91' title='bbox 2082 980 2130 1028; x_wconf 85' lang='lat' dir='ltr'>in</span> 
     </span>
     <span class='ocr_line' id='line_1_12' title="bbox 247 1044 2128 1114; baseline -0.003 -16"><span class='ocrx_word' id='word_1_92' title='bbox 247 1053 399 1098; x_wconf 91' lang='lat' dir='ltr'>Ponto</span> <span class='ocrx_word' id='word_1_93' title='bbox 413 1051 617 1114; x_wconf 70' lang='lat' dir='ltr'>sollicitae</span> <span class='ocrx_word' id='word_1_94' title='bbox 629 1049 791 1110; x_wconf 77' lang='lat' dir='ltr'>jaceret</span> <span class='ocrx_word' id='word_1_95' title='bbox 819 1063 950 1094; x_wconf 77' lang='lat' dir='ltr'><em>novus</em></span> <span class='ocrx_word' id='word_1_96' title='bbox 982 1048 1113 1092; x_wconf 73' lang='lat' dir='ltr'>incola</span> <span class='ocrx_word' id='word_1_97' title='bbox 1141 1047 1284 1106; x_wconf 79' lang='lat' dir='ltr'>Sedis,</span> <span class='ocrx_word' id='word_1_98' title='bbox 1319 1044 1393 1091; x_wconf 88' lang='lat' dir='ltr'>El.</span> <span class='ocrx_word' id='word_1_99' title='bbox 1418 1046 1455 1091; x_wconf 93' lang='grc' dir='ltr'>Ι.</span> <span class='ocrx_word' id='word_1_100' title='bbox 1479 1061 1595 1092; x_wconf 85' lang='lat' dir='ltr'>vers.</span> <span class='ocrx_word' id='word_1_101' title='bbox 1625 1046 1700 1106; x_wconf 66' lang='grc' dir='ltr'>ὃς.</span> <span class='ocrx_word' id='word_1_102' title='bbox 1738 1045 1919 1093; x_wconf 81' lang='lat' dir='ltr'>Deinde</span> <span class='ocrx_word' id='word_1_103' title='bbox 1953 1045 2128 1110; x_wconf 85' lang='lat' dir='ltr'>liquido</span> 
     </span>
     <span class='ocr_line' id='line_1_13' title="bbox 25 1110 2127 1178; baseline -0.004 -15"><span class='ocrx_word' id='word_1_104' title='bbox 25 1117 238 1176; x_wconf 81' lang='lat' dir='ltr'>indicat‚·</span> <span class='ocrx_word' id='word_1_105' title='bbox 258 1117 346 1164; x_wconf 86' lang='lat' dir='ltr'>VI.</span> <span class='ocrx_word' id='word_1_106' title='bbox 370 1133 421 1164; x_wconf 85' lang='lat' dir='ltr'>ac</span> <span class='ocrx_word' id='word_1_107' title='bbox 445 1116 562 1164; x_wconf 77' lang='lat' dir='ltr'><strong>Vll.</strong></span> <span class='ocrx_word' id='word_1_108' title='bbox 585 1114 719 1178; x_wconf 83' lang='lat' dir='ltr'>Eleg.</span> <span class='ocrx_word' id='word_1_109' title='bbox 743 1112 941 1160; x_wconf 86' lang='lat' dir='ltr'>secundo</span> <span class='ocrx_word' id='word_1_110' title='bbox 967 1110 1113 1159; x_wconf 84' lang='lat' dir='ltr'>exsilii</span> <span class='ocrx_word' id='word_1_111' title='bbox 1142 1127 1263 1157; x_wconf 90' lang='lat' dir='ltr'>anno</span> <span class='ocrx_word' id='word_1_112' title='bbox 1297 1110 1532 1157; x_wconf 80' lang='lat' dir='ltr'>conditam</span> <span class='ocrx_word' id='word_1_113' title='bbox 1566 1111 1665 1157; x_wconf 80' lang='lat' dir='ltr'>effe.</span> <span class='ocrx_word' id='word_1_114' title='bbox 1711 1111 1794 1157; x_wconf 82' lang='lat' dir='ltr'>Illa</span> <span class='ocrx_word' id='word_1_115' title='bbox 1827 1112 1949 1157; x_wconf 86' lang='lat' dir='ltr'>enim</span> <span class='ocrx_word' id='word_1_116' title='bbox 1966 1144 1982 1170; x_wconf 83' lang='grc'>,</span> <span class='ocrx_word' id='word_1_117' title='bbox 2015 1127 2127 1159; x_wconf 69' lang='lat' dir='ltr'>vers,</span> 
     </span>
     <span class='ocr_line' id='line_1_14' title="bbox 31 1195 371 1237; baseline 0 -9"><span class='ocrx_word' id='word_1_118' title='bbox 31 1197 102 1237; x_wconf 89' lang='lat'>19.</span> <span class='ocrx_word' id='word_1_119' title='bbox 128 1197 202 1228; x_wconf 80' lang='lat' dir='ltr'>zo.</span> <span class='ocrx_word' id='word_1_120' title='bbox 225 1195 312 1228; x_wconf 81' lang='lat' dir='ltr'>ait:</span> <span class='ocrx_word' id='word_1_121' title='bbox 368 1222 371 1223; x_wconf 12' lang='grc' dir='ltr'><em>γ</em></span> 
     </span>
     <span class='ocr_line' id='line_1_15' title="bbox 155 1241 1197 1308; baseline -0.006 -15"><span class='ocrx_word' id='word_1_122' title='bbox 155 1249 216 1293; x_wconf 90' lang='lat' dir='ltr'>Ut</span> <span class='ocrx_word' id='word_1_123' title='bbox 233 1249 379 1306; x_wconf 70' lang='lat' dir='ltr'>patria</span> <span class='ocrx_word' id='word_1_124' title='bbox 401 1262 541 1303; x_wconf 72' lang='lat' dir='ltr'>caree,</span> <span class='ocrx_word' id='word_1_125' title='bbox 575 1247 636 1291; x_wconf 82' lang='lat' dir='ltr'>bis</span> <span class='ocrx_word' id='word_1_126' title='bbox 646 1244 844 1308; x_wconf 77' lang='lat' dir='ltr'>frugibus</span> <span class='ocrx_word' id='word_1_127' title='bbox 867 1259 966 1291; x_wconf 74' lang='lat' dir='ltr'>area</span> <span class='ocrx_word' id='word_1_128' title='bbox 987 1245 1094 1289; x_wconf 73' lang='lat' dir='ltr'>trita</span> <span class='ocrx_word' id='word_1_129' title='bbox 1116 1241 1197 1303; x_wconf 88' lang='lat' dir='ltr'>est:</span> 
     </span>
     <span class='ocr_line' id='line_1_16' title="bbox 212 1309 1008 1371; baseline -0.006 -13"><span class='ocrx_word' id='word_1_130' title='bbox 212 1312 407 1370; x_wconf 77' lang='lat' dir='ltr'>Difflluit</span> <span class='ocrx_word' id='word_1_131' title='bbox 430 1312 535 1358; x_wconf 81' lang='lat' dir='ltr'>nudo</span> <span class='ocrx_word' id='word_1_132' title='bbox 549 1311 685 1371; x_wconf 76' lang='lat' dir='ltr'>preffiz</span> <span class='ocrx_word' id='word_1_133' title='bbox 712 1313 773 1356; x_wconf 82' lang='lat' dir='ltr'>bis</span> <span class='ocrx_word' id='word_1_134' title='bbox 793 1324 881 1355; x_wconf 73' lang='lat' dir='ltr'>uva</span> <span class='ocrx_word' id='word_1_135' title='bbox 896 1309 1008 1369; x_wconf 84' lang='lat' dir='ltr'>pede.</span> 
     </span>
     <span class='ocr_line' id='line_1_17' title="bbox 24 1366 2130 1440; baseline -0.003 -19"><span class='ocrx_word' id='word_1_136' title='bbox 24 1373 208 1434; x_wconf 83' lang='lat' dir='ltr'>Qibus</span> <span class='ocrx_word' id='word_1_137' title='bbox 242 1375 499 1440; x_wconf 83' lang='lat' dir='ltr'>fignificat,</span> <span class='ocrx_word' id='word_1_138' title='bbox 534 1375 576 1422; x_wconf 90' lang='lat' dir='ltr'>se</span> <span class='ocrx_word' id='word_1_139' title='bbox 612 1374 732 1421; x_wconf 89' lang='lat' dir='ltr'>haud</span> <span class='ocrx_word' id='word_1_140' title='bbox 764 1387 868 1421; x_wconf 89' lang='lat' dir='ltr'>ante</span> <span class='ocrx_word' id='word_1_141' title='bbox 903 1373 1035 1436; x_wconf 85' lang='lat' dir='ltr'>hujus</span> <span class='ocrx_word' id='word_1_142' title='bbox 1059 1370 1165 1418; x_wconf 86' lang='lat' dir='ltr'>anni</span> <span class='ocrx_word' id='word_1_143' title='bbox 1191 1370 1483 1417; x_wconf 86' lang='lat' dir='ltr'>Autumnum</span> <span class='ocrx_word' id='word_1_144' title='bbox 1518 1367 1563 1415; x_wconf 92' lang='lat' dir='ltr'>id</span> <span class='ocrx_word' id='word_1_145' title='bbox 1591 1383 1773 1416; x_wconf 84' lang='lat' dir='ltr'>carmen</span> <span class='ocrx_word' id='word_1_146' title='bbox 1795 1366 2010 1431; x_wconf 78' lang='lat' dir='ltr'>scripsisse</span> <span class='ocrx_word' id='word_1_147' title='bbox 2023 1391 2038 1426; x_wconf 81' lang='lat'>3</span> <span class='ocrx_word' id='word_1_148' title='bbox 2076 1368 2130 1415; x_wconf 87' lang='lat' dir='ltr'>si-</span> 
     </span>
     <span class='ocr_line' id='line_1_18' title="bbox 24 1433 2134 1504; baseline -0.003 -17"><span class='ocrx_word' id='word_1_149' title='bbox 24 1440 206 1504; x_wconf 86' lang='lat' dir='ltr'>quidem</span> <span class='ocrx_word' id='word_1_150' title='bbox 242 1441 297 1488; x_wconf 90' lang='lat' dir='ltr'>ab</span> <span class='ocrx_word' id='word_1_151' title='bbox 332 1457 451 1488; x_wconf 87' lang='lat' dir='ltr'>anno</span> <span class='ocrx_word' id='word_1_152' title='bbox 479 1441 543 1488; x_wconf 91' lang='lat' dir='ltr'>U.</span> <span class='ocrx_word' id='word_1_153' title='bbox 570 1440 628 1486; x_wconf 90' lang='lat' dir='ltr'>C.</span> <span class='ocrx_word' id='word_1_154' title='bbox 653 1438 967 1487; x_wconf 87' lang='lat' dir='ltr'><strong>DCCLXlI.</strong></span> <span class='ocrx_word' id='word_1_155' title='bbox 1003 1436 1288 1500; x_wconf 82' lang='lat' dir='ltr'>exspirante,</span> <span class='ocrx_word' id='word_1_156' title='bbox 1324 1452 1416 1499; x_wconf 89' lang='lat' dir='ltr'>quo</span> <span class='ocrx_word' id='word_1_157' title='bbox 1454 1435 1599 1498; x_wconf 81' lang='lat' dir='ltr'>patria</span> <span class='ocrx_word' id='word_1_158' title='bbox 1633 1433 1785 1496; x_wconf 85' lang='lat' dir='ltr'>pulsus</span> <span class='ocrx_word' id='word_1_159' title='bbox 1819 1433 1910 1491; x_wconf 82' lang='lat' dir='ltr'>est,</span> <span class='ocrx_word' id='word_1_160' title='bbox 1945 1450 2032 1480; x_wconf 69' lang='lat' dir='ltr'>uva</span> <span class='ocrx_word' id='word_1_161' title='bbox 2069 1437 2134 1481; x_wconf 72' lang='lat' dir='ltr'>bis</span> 
     </span>
     <span class='ocr_line' id='line_1_19' title="bbox 16 1498 2130 1571; baseline -0.004 -18"><span class='ocrx_word' id='word_1_162' title='bbox 16 1507 152 1567; x_wconf 79' lang='lat' dir='ltr'>preffa</span> <span class='ocrx_word' id='word_1_163' title='bbox 174 1507 265 1553; x_wconf 91' lang='lat' dir='ltr'>dici</span> <span class='ocrx_word' id='word_1_164' title='bbox 287 1519 382 1554; x_wconf 86' lang='lat' dir='ltr'>non</span> <span class='ocrx_word' id='word_1_165' title='bbox 404 1508 562 1571; x_wconf 91' lang='lat' dir='ltr'>potuit</span> <span class='ocrx_word' id='word_1_166' title='bbox 577 1540 592 1566; x_wconf 81' lang='lat'>‚</span> <span class='ocrx_word' id='word_1_167' title='bbox 613 1503 696 1552; x_wconf 87' lang='lat' dir='ltr'>nifi</span> <span class='ocrx_word' id='word_1_168' title='bbox 718 1505 903 1552; x_wconf 84' lang='lat' dir='ltr'>demum</span> <span class='ocrx_word' id='word_1_169' title='bbox 929 1502 1032 1568; x_wconf 90' lang='lat' dir='ltr'>post</span> <span class='ocrx_word' id='word_1_170' title='bbox 1055 1500 1241 1567; x_wconf 86' lang='lat' dir='ltr'>hujusce</span> <span class='ocrx_word' id='word_1_171' title='bbox 1262 1502 1368 1548; x_wconf 88' lang='lat' dir='ltr'>anni</span> <span class='ocrx_word' id='word_1_172' title='bbox 1393 1499 1656 1549; x_wconf 83' lang='lat' dir='ltr'>vindemias.</span> <span class='ocrx_word' id='word_1_173' title='bbox 1691 1498 1855 1562; x_wconf 84' lang='lat' dir='ltr'>Elegia</span> <span class='ocrx_word' id='word_1_174' title='bbox 1876 1513 1987 1546; x_wconf 86' lang='lat' dir='ltr'>vero</span> <span class='ocrx_word' id='word_1_175' title='bbox 2016 1501 2130 1548; x_wconf 88' lang='lat' dir='ltr'><strong>VII.</strong></span> 
     </span>
     <span class='ocr_line' id='line_1_20' title="bbox 24 1570 495 1625; baseline -0.002 -8"><span class='ocrx_word' id='word_1_176' title='bbox 24 1570 205 1625; x_wconf 73' lang='lat' dir='ltr'>scribit,</span> <span class='ocrx_word' id='word_1_177' title='bbox 243 1587 355 1619; x_wconf 87' lang='lat' dir='ltr'>vers.</span> <span class='ocrx_word' id='word_1_178' title='bbox 387 1589 425 1618; x_wconf 92' lang='lat'>1.</span> <span class='ocrx_word' id='word_1_179' title='bbox 454 1587 495 1618; x_wconf 82' lang='lat'>2.</span> 
     </span>
     <span class='ocr_line' id='line_1_21' title="bbox 149 1634 1278 1700; baseline -0.004 -16"><span class='ocrx_word' id='word_1_180' title='bbox 149 1638 229 1684; x_wconf 86' lang='lat' dir='ltr'>Bis</span> <span class='ocrx_word' id='word_1_181' title='bbox 250 1654 314 1684; x_wconf 83' lang='lat' dir='ltr'>me</span> <span class='ocrx_word' id='word_1_182' title='bbox 321 1637 393 1700; x_wconf 85' lang='lat' dir='ltr'>sol</span> <span class='ocrx_word' id='word_1_183' title='bbox 414 1639 522 1684; x_wconf 76' lang='lat' dir='ltr'>adiit</span> <span class='ocrx_word' id='word_1_184' title='bbox 539 1635 698 1699; x_wconf 77' lang='lat' dir='ltr'>gelidae</span> <span class='ocrx_word' id='word_1_185' title='bbox 710 1636 799 1697; x_wconf 81' lang='lat' dir='ltr'>post</span> <span class='ocrx_word' id='word_1_186' title='bbox 814 1634 983 1698; x_wconf 74' lang='lat' dir='ltr'>frigora</span> <span class='ocrx_word' id='word_1_187' title='bbox 1006 1635 1174 1681; x_wconf 74' lang='lat' dir='ltr'>brumae</span> <span class='ocrx_word' id='word_1_188' title='bbox 1188 1667 1204 1693; x_wconf 82' lang='lat'>‚</span> <span class='ocrx_word' id='word_1_189' title='bbox 1275 1671 1278 1672; x_wconf 13' lang='grc' dir='ltr'><em>γ</em></span> 
     </span>
     <span class='ocr_line' id='line_1_22' title="bbox 214 1698 1220 1766; baseline -0.005 -17"><span class='ocrx_word' id='word_1_190' title='bbox 214 1702 369 1766; x_wconf 78' lang='lat' dir='ltr'>Bisque</span> <span class='ocrx_word' id='word_1_191' title='bbox 382 1703 506 1765; x_wconf 78' lang='lat' dir='ltr'>suum</span> <span class='ocrx_word' id='word_1_192' title='bbox 532 1707 642 1748; x_wconf 57' lang='lat' dir='ltr'>meio</span> <span class='ocrx_word' id='word_1_193' title='bbox 668 1702 788 1764; x_wconf 81' lang='lat' dir='ltr'>Pisce</span> <span class='ocrx_word' id='word_1_194' title='bbox 805 1704 963 1764; x_wconf 72' lang='lat' dir='ltr'>peregit</span> <span class='ocrx_word' id='word_1_195' title='bbox 983 1703 1091 1758; x_wconf 79' lang='lat' dir='ltr'>iter,</span> <span class='ocrx_word' id='word_1_196' title='bbox 1128 1698 1220 1746; x_wconf 58' lang='lat' dir='ltr'>&amp;a</span> 
     </span>
     <span class='ocr_line' id='line_1_23' title="bbox 23 1758 2133 1832; baseline -0.003 -19"><span class='ocrx_word' id='word_1_197' title='bbox 23 1764 95 1813; x_wconf 89' lang='lat' dir='ltr'>Ut</span> <span class='ocrx_word' id='word_1_198' title='bbox 119 1765 227 1813; x_wconf 89' lang='lat' dir='ltr'>haec</span> <span class='ocrx_word' id='word_1_199' title='bbox 252 1769 389 1814; x_wconf 90' lang='lat' dir='ltr'>etiam</span> <span class='ocrx_word' id='word_1_200' title='bbox 416 1767 677 1832; x_wconf 85' lang='lat' dir='ltr'>nequiverit</span> <span class='ocrx_word' id='word_1_201' title='bbox 699 1780 803 1813; x_wconf 85' lang='lat' dir='ltr'>ante</span> <span class='ocrx_word' id='word_1_202' title='bbox 823 1781 1017 1813; x_wconf 88' lang='lat' dir='ltr'>vernum</span> <span class='ocrx_word' id='word_1_203' title='bbox 1040 1765 1176 1823; x_wconf 74' lang='lat' dir='ltr'>hujus</span> <span class='ocrx_word' id='word_1_204' title='bbox 1201 1763 1307 1810; x_wconf 83' lang='lat' dir='ltr'>anni</span> <span class='ocrx_word' id='word_1_205' title='bbox 1329 1773 1511 1826; x_wconf 85' lang='lat' dir='ltr'>tempus</span> <span class='ocrx_word' id='word_1_206' title='bbox 1537 1775 1725 1818; x_wconf 84' lang='lat' dir='ltr'>canere,</span> <span class='ocrx_word' id='word_1_207' title='bbox 1761 1775 1854 1822; x_wconf 88' lang='lat' dir='ltr'>quo</span> <span class='ocrx_word' id='word_1_208' title='bbox 1871 1758 1951 1808; x_wconf 93' lang='lat' dir='ltr'>Sol</span> <span class='ocrx_word' id='word_1_209' title='bbox 1974 1775 2030 1807; x_wconf 80' lang='lat' dir='ltr'>ex</span> <span class='ocrx_word' id='word_1_210' title='bbox 2051 1775 2133 1806; x_wconf 85' lang='lat' dir='ltr'>an-</span> 
     </span>
     <span class='ocr_line' id='line_1_24' title="bbox 23 1824 2133 1893; baseline -0.002 -17"><span class='ocrx_word' id='word_1_211' title='bbox 23 1832 261 1893; x_wconf 86' lang='lat' dir='ltr'>tiquorum</span> <span class='ocrx_word' id='word_1_212' title='bbox 290 1831 474 1880; x_wconf 78' lang='lat' dir='ltr'>calculis</span> <span class='ocrx_word' id='word_1_213' title='bbox 510 1848 684 1879; x_wconf 89' lang='lat' dir='ltr'>novum</span> <span class='ocrx_word' id='word_1_214' title='bbox 713 1832 817 1881; x_wconf 85' lang='lat' dir='ltr'>anni</span> <span class='ocrx_word' id='word_1_215' title='bbox 844 1830 1026 1877; x_wconf 89' lang='lat' dir='ltr'>cursum</span> <span class='ocrx_word' id='word_1_216' title='bbox 1064 1827 1432 1892; x_wconf 78' lang='lat' dir='ltr'>redintegrabat‚</span> <span class='ocrx_word' id='word_1_217' title='bbox 1467 1842 1575 1874; x_wconf 86' lang='lat' dir='ltr'>cum</span> <span class='ocrx_word' id='word_1_218' title='bbox 1596 1830 1691 1891; x_wconf 86' lang='lat' dir='ltr'>jam</span> <span class='ocrx_word' id='word_1_219' title='bbox 1720 1824 1906 1888; x_wconf 68' lang='lat' dir='ltr'>Piscium</span> <span class='ocrx_word' id='word_1_220' title='bbox 1934 1824 2133 1873; x_wconf 81' lang='lat' dir='ltr'>subiiffet</span> 
     </span>
     <span class='ocr_line' id='line_1_25' title="bbox 25 1894 1543 1959; baseline -0.001 -19"><span class='ocrx_word' id='word_1_221' title='bbox 25 1894 223 1959; x_wconf 85' lang='lat' dir='ltr'>fignurn.</span> <span class='ocrx_word' id='word_1_222' title='bbox 292 1897 510 1956; x_wconf 82' lang='lat' dir='ltr'>Etenim,</span> <span class='ocrx_word' id='word_1_223' title='bbox 544 1894 800 1944; x_wconf 40' lang='lat' dir='ltr'>ut‘Noster</span> <span class='ocrx_word' id='word_1_224' title='bbox 824 1895 963 1942; x_wconf 88' lang='lat' dir='ltr'>habet</span> <span class='ocrx_word' id='word_1_225' title='bbox 988 1896 1026 1941; x_wconf 84' lang='lat' dir='ltr'>F</span> <span class='ocrx_word' id='word_1_226' title='bbox 1029 1895 1105 1941; x_wconf 82' lang='lat' dir='ltr'>ast.</span> <span class='ocrx_word' id='word_1_227' title='bbox 1129 1894 1237 1941; x_wconf 91' lang='lat' dir='ltr'>Lib.</span> <span class='ocrx_word' id='word_1_228' title='bbox 1267 1895 1299 1940; x_wconf 90' lang='grc'>1.</span> <span class='ocrx_word' id='word_1_229' title='bbox 1324 1910 1440 1941; x_wconf 81' lang='lat' dir='ltr'>vers.</span> <span class='ocrx_word' id='word_1_230' title='bbox 1472 1907 1490 1954; x_wconf 78' lang='lat'><em>3</em></span> <span class='ocrx_word' id='word_1_231' title='bbox 1498 1907 1543 1946; x_wconf 88' lang='lat'>9.</span> 
     </span>
     <span class='ocr_line' id='line_1_26' title="bbox 153 1959 1477 2023; baseline -0.004 -16"><span class='ocrx_word' id='word_1_232' title='bbox 153 1961 322 2008; x_wconf 66' lang='lat' dir='ltr'>,cMezrtis</span> <span class='ocrx_word' id='word_1_233' title='bbox 338 1973 429 2007; x_wconf 79' lang='lat' dir='ltr'>erat</span> <span class='ocrx_word' id='word_1_234' title='bbox 444 1966 606 2022; x_wconf 80' lang='lat' dir='ltr'>primus</span> <span class='ocrx_word' id='word_1_235' title='bbox 626 1966 767 2023; x_wconf 83' lang='lat' dir='ltr'>menfis</span> <span class='ocrx_word' id='word_1_236' title='bbox 780 1995 796 2019; x_wconf 83' lang='lat'>,</span> <span class='ocrx_word' id='word_1_237' title='bbox 830 1960 1076 2022; x_wconf 75' lang='lat' dir='ltr'>Venerisque</span> <span class='ocrx_word' id='word_1_238' title='bbox 1092 1959 1306 2021; x_wconf 77' lang='lat' dir='ltr'>secundus.</span> <span class='ocrx_word' id='word_1_239' title='bbox 1469 1971 1477 1979; x_wconf 85' lang='lat'><strong>·</strong></span> 
     </span>
    </p>
   </div>
   <div class='ocr_carea' id='block_1_7' title="bbox 26 2145 882 2257">
    <p class='ocr_par' dir='ltr' id='par_1_10' title="bbox 26 2145 882 2257">
     <span class='ocr_line' id='line_1_27' title="bbox 26 2145 882 2227; baseline -0.002 -36"><span class='ocrx_word' id='word_1_240' title='bbox 26 2179 67 2227; x_wconf 79' lang='lat' dir='ltr'>A</span> <span class='ocrx_word' id='word_1_241' title='bbox 87 2195 119 2226; x_wconf 75' lang='lat' dir='ltr'>N</span> <span class='ocrx_word' id='word_1_242' title='bbox 136 2166 212 2227; x_wconf 78' lang='lat' dir='ltr'>N-O</span> <span class='ocrx_word' id='word_1_243' title='bbox 261 2145 353 2218; x_wconf 53' lang='lat' dir='ltr'>Ch.</span> <span class='ocrx_word' id='word_1_244' title='bbox 377 2161 466 2218; x_wconf 48' lang='lat'><strong>⁵5¹¹·</strong></span> <span class='ocrx_word' id='word_1_245' title='bbox 490 2146 555 2192; x_wconf 88' lang='lat' dir='ltr'>U.</span> <span class='ocrx_word' id='word_1_246' title='bbox 584 2145 643 2191; x_wconf 90' lang='lat' dir='ltr'>C.</span> <span class='ocrx_word' id='word_1_247' title='bbox 670 2160 882 2192; x_wconf 65' lang='lat' dir='ltr'><strong>Dccnxv.</strong></span> 
     </span>
     <span class='ocr_line' id='line_1_28' title="bbox 260 2208 727 2257; baseline -0.004 -1"><span class='ocrx_word' id='word_1_248' title='bbox 260 2208 422 2257; x_wconf 82' lang='lat' dir='ltr'>Ov1d11</span> <span class='ocrx_word' id='word_1_249' title='bbox 450 2226 551 2257; x_wconf 85' lang='lat' dir='ltr'><strong>L1v.</strong></span> <span class='ocrx_word' id='word_1_250' title='bbox 576 2209 624 2256; x_wconf 85' lang='lat'>&amp;</span> <span class='ocrx_word' id='word_1_251' title='bbox 647 2224 727 2255; x_wconf 82' lang='lat' dir='ltr'>Lv.</span> 
     </span>
    </p>
   </div>
   <div class='ocr_carea' id='block_1_8' title="bbox 119 2319 2026 2383">
    <p class='ocr_par' dir='ltr' id='par_1_11' title="bbox 119 2319 2026 2383">
     <span class='ocr_line' id='line_1_29' title="bbox 119 2319 2026 2383; baseline -0.006 -6"><span class='ocrx_word' id='word_1_252' title='bbox 119 2327 563 2376; x_wconf 81' lang='lat' dir='ltr'>GERMANICO</span> <span class='ocrx_word' id='word_1_253' title='bbox 598 2325 946 2383; x_wconf 82' lang='lat' dir='ltr'><strong>CAESARE,</strong></span> <span class='ocrx_word' id='word_1_254' title='bbox 981 2322 1040 2370; x_wconf 90' lang='lat' dir='ltr'>C.</span> <span class='ocrx_word' id='word_1_255' title='bbox 1075 2323 1405 2372; x_wconf 86' lang='lat' dir='ltr'>FONTEIO</span> <span class='ocrx_word' id='word_1_256' title='bbox 1439 2321 1808 2370; x_wconf 84' lang='lat' dir='ltr'><strong>CAPITONE</strong></span> <span class='ocrx_word' id='word_1_257' title='bbox 1843 2319 2026 2369; x_wconf 74' lang='lat' dir='ltr'>Coss.</span> 
     </span>
    </p>
   </div>
   <div class='ocr_carea' id='block_1_9' title="bbox 25 2440 2138 3031">
    <p class='ocr_par' dir='ltr' id='par_1_12' title="bbox 25 2440 2138 3031">
     <span class='ocr_line' id='line_1_30' title="bbox 28 2440 2133 2507; baseline -0.004 -13"><span class='ocrx_word' id='word_1_258' title='bbox 28 2447 67 2494; x_wconf 93' lang='grc' dir='ltr'>Ι.</span> <span class='ocrx_word' id='word_1_259' title='bbox 221 2447 431 2495; x_wconf 70' lang='lat' dir='ltr'>Umws</span> <span class='ocrx_word' id='word_1_260' title='bbox 464 2446 694 2494; x_wconf 87' lang='lat' dir='ltr'>Tristium</span> <span class='ocrx_word' id='word_1_261' title='bbox 723 2444 869 2492; x_wconf 87' lang='lat' dir='ltr'>Liber</span> <span class='ocrx_word' id='word_1_262' title='bbox 895 2443 1174 2507; x_wconf 86' lang='lat' dir='ltr'>superiorem</span> <span class='ocrx_word' id='word_1_263' title='bbox 1200 2443 1414 2505; x_wconf 82' lang='lat' dir='ltr'>proxime</span> <span class='ocrx_word' id='word_1_264' title='bbox 1435 2442 1614 2490; x_wconf 88' lang='lat' dir='ltr'>secutus</span> <span class='ocrx_word' id='word_1_265' title='bbox 1638 2440 1705 2502; x_wconf 57' lang='lat' dir='ltr'>(bi</span> <span class='ocrx_word' id='word_1_266' title='bbox 1732 2440 1842 2486; x_wconf 86' lang='lat' dir='ltr'>huic</span> <span class='ocrx_word' id='word_1_267' title='bbox 1863 2455 1982 2486; x_wconf 85' lang='lat' dir='ltr'>anno</span> <span class='ocrx_word' id='word_1_268' title='bbox 2005 2440 2133 2487; x_wconf 68' lang='lat' dir='ltr'>venir.</span> 
     </span>
     <span class='ocr_line' id='line_1_31' title="bbox 252 2504 1909 2574; baseline -0.004 -16"><span class='ocrx_word' id='word_1_269' title='bbox 252 2512 551 2560; x_wconf 86' lang='lat' dir='ltr'>ascribendus.</span> <span class='ocrx_word' id='word_1_270' title='bbox 584 2504 601 2511; x_wconf 36' lang='lat' dir='ltr'><em>l</em></span> <span class='ocrx_word' id='word_1_271' title='bbox 620 2510 783 2574; x_wconf 86' lang='lat' dir='ltr'>Elegia</span> <span class='ocrx_word' id='word_1_272' title='bbox 804 2522 930 2556; x_wconf 89' lang='lat' dir='ltr'>certe</span> <span class='ocrx_word' id='word_1_273' title='bbox 956 2509 1046 2556; x_wconf 82' lang='lat'>111.</span> <span class='ocrx_word' id='word_1_274' title='bbox 1073 2509 1348 2555; x_wconf 83' lang='lat' dir='ltr'>concinnata</span> <span class='ocrx_word' id='word_1_275' title='bbox 1371 2509 1459 2556; x_wconf 85' lang='lat' dir='ltr'>fuit</span> <span class='ocrx_word' id='word_1_276' title='bbox 1485 2508 1563 2554; x_wconf 86' lang='lat' dir='ltr'>die</span> <span class='ocrx_word' id='word_1_277' title='bbox 1578 2506 1743 2555; x_wconf 83' lang='lat' dir='ltr'><em>Baccho</em></span> <span class='ocrx_word' id='word_1_278' title='bbox 1766 2504 1909 2551; x_wconf 84' lang='lat' dir='ltr'>sacra:</span> 
     </span>
     <span class='ocr_line' id='line_1_32' title="bbox 245 2575 1290 2637; baseline -0.005 -14"><span class='ocrx_word' id='word_1_279' title='bbox 245 2578 329 2626; x_wconf 78' lang='lat' dir='ltr'><em>Illa</em></span> <span class='ocrx_word' id='word_1_280' title='bbox 350 2577 443 2624; x_wconf 87' lang='lat' dir='ltr'>dies</span> <span class='ocrx_word' id='word_1_281' title='bbox 470 2578 584 2625; x_wconf 87' lang='lat' dir='ltr'>haec</span> <span class='ocrx_word' id='word_1_282' title='bbox 608 2577 688 2637; x_wconf 85' lang='lat' dir='ltr'>est,</span> <span class='ocrx_word' id='word_1_283' title='bbox 723 2593 804 2637; x_wconf 73' lang='lat' dir='ltr'>qua</span> <span class='ocrx_word' id='word_1_284' title='bbox 828 2585 867 2621; x_wconf 85' lang='lat' dir='ltr'>te</span> <span class='ocrx_word' id='word_1_285' title='bbox 886 2576 1082 2621; x_wconf 76' lang='lat' dir='ltr'>celebrare</span> <span class='ocrx_word' id='word_1_286' title='bbox 1103 2575 1290 2631; x_wconf 61' lang='lat' dir='ltr'>Poetae,</span> 
     </span>
     <span class='ocr_line' id='line_1_33' title="bbox 311 2636 1934 2704; baseline -0.008 -15"><span class='ocrx_word' id='word_1_287' title='bbox 311 2643 380 2704; x_wconf 81' lang='lat' dir='ltr'>(Si</span> <span class='ocrx_word' id='word_1_288' title='bbox 401 2642 544 2689; x_wconf 89' lang='lat' dir='ltr'>modo</span> <span class='ocrx_word' id='word_1_289' title='bbox 570 2657 666 2687; x_wconf 87' lang='lat' dir='ltr'>non</span> <span class='ocrx_word' id='word_1_290' title='bbox 689 2641 852 2687; x_wconf 78' lang='lat' dir='ltr'>fallunt</span> <span class='ocrx_word' id='word_1_291' title='bbox 878 2639 1107 2702; x_wconf 83' lang='lat' dir='ltr'>tempora)</span> <span class='ocrx_word' id='word_1_292' title='bbox 1141 2639 1352 2697; x_wconf 78' lang='lat' dir='ltr'>Bacche,</span> <span class='ocrx_word' id='word_1_293' title='bbox 1375 2638 1539 2699; x_wconf 73' lang='lat' dir='ltr'>solent,</span> <span class='ocrx_word' id='word_1_294' title='bbox 1577 2636 1669 2681; x_wconf 57' lang='lat' dir='ltr'>&amp;a</span> <span class='ocrx_word' id='word_1_295' title='bbox 1930 2672 1934 2676; x_wconf 90' lang='lat'><strong>.</strong></span> 
     </span>
     <span class='ocr_line' id='line_1_34' title="bbox 25 2697 2131 2769; baseline -0.005 -16"><span class='ocrx_word' id='word_1_296' title='bbox 25 2706 93 2752; x_wconf 85' lang='lat' dir='ltr'>Ea</span> <span class='ocrx_word' id='word_1_297' title='bbox 113 2719 262 2753; x_wconf 86' lang='lat' dir='ltr'>autem</span> <span class='ocrx_word' id='word_1_298' title='bbox 285 2721 380 2754; x_wconf 84' lang='lat' dir='ltr'>erat</span> <span class='ocrx_word' id='word_1_299' title='bbox 402 2711 528 2754; x_wconf 75' lang='lat' dir='ltr'>tertia</span> <span class='ocrx_word' id='word_1_300' title='bbox 543 2707 632 2769; x_wconf 84' lang='lat' dir='ltr'>post</span> <span class='ocrx_word' id='word_1_301' title='bbox 655 2706 757 2754; x_wconf 83' lang='lat' dir='ltr'>Idus</span> <span class='ocrx_word' id='word_1_302' title='bbox 778 2705 1002 2764; x_wconf 73' lang='lat' dir='ltr'>Martias,</span> <span class='ocrx_word' id='word_1_303' title='bbox 1036 2703 1111 2750; x_wconf 90' lang='lat' dir='ltr'>seu</span> <span class='ocrx_word' id='word_1_304' title='bbox 1133 2704 1301 2751; x_wconf 74' lang='lat' dir='ltr'><strong>XVH.</strong></span> <span class='ocrx_word' id='word_1_305' title='bbox 1327 2702 1489 2750; x_wconf 79' lang='lat' dir='ltr'>mensis</span> <span class='ocrx_word' id='word_1_306' title='bbox 1507 2701 1703 2760; x_wconf 77' lang='lat' dir='ltr'>Martii,</span> <span class='ocrx_word' id='word_1_307' title='bbox 1717 2715 1772 2746; x_wconf 81' lang='lat' dir='ltr'>ex</span> <span class='ocrx_word' id='word_1_308' title='bbox 1786 2699 1824 2746; x_wconf 91' lang='lat' dir='ltr'>F</span> <span class='ocrx_word' id='word_1_309' title='bbox 1827 2698 1904 2746; x_wconf 85' lang='lat' dir='ltr'>ast.</span> <span class='ocrx_word' id='word_1_310' title='bbox 1919 2697 2026 2744; x_wconf 89' lang='lat' dir='ltr'>Lib.</span> <span class='ocrx_word' id='word_1_311' title='bbox 2040 2697 2116 2744; x_wconf 61' lang='lat'>11?</span> <span class='ocrx_word' id='word_1_312' title='bbox 2123 2734 2131 2743; x_wconf 84' lang='lat'>‚</span> 
     </span>
     <span class='ocr_line' id='line_1_35' title="bbox 26 2785 1189 2833; baseline -0.006 -14"><span class='ocrx_word' id='word_1_313' title='bbox 26 2787 140 2819; x_wconf 85' lang='lat' dir='ltr'>vers.</span> <span class='ocrx_word' id='word_1_314' title='bbox 166 2785 414 2833; x_wconf 79' lang='lat'>713.714.</span> <span class='ocrx_word' id='word_1_315' title='bbox 1187 2788 1189 2790; x_wconf 95' lang='lat'>·</span> 
     </span>
     <span class='ocr_line' id='line_1_36' title="bbox 154 2833 1203 2894; baseline -0.004 -11"><span class='ocrx_word' id='word_1_316' title='bbox 154 2834 298 2883; x_wconf 68' lang='lat' dir='ltr'>Tertia</span> <span class='ocrx_word' id='word_1_317' title='bbox 316 2837 399 2894; x_wconf 75' lang='lat' dir='ltr'>post</span> <span class='ocrx_word' id='word_1_318' title='bbox 422 2837 522 2882; x_wconf 84' lang='lat' dir='ltr'>Idus</span> <span class='ocrx_word' id='word_1_319' title='bbox 544 2839 617 2883; x_wconf 74' lang='lat' dir='ltr'>lux</span> <span class='ocrx_word' id='word_1_320' title='bbox 639 2837 694 2891; x_wconf 78' lang='lat' dir='ltr'>esi</span> <span class='ocrx_word' id='word_1_321' title='bbox 715 2837 967 2883; x_wconf 70' lang='lat' dir='ltr'>celeberrima</span> <span class='ocrx_word' id='word_1_322' title='bbox 993 2833 1203 2881; x_wconf 87' lang='lat' dir='ltr'>Baccho.</span> 
     </span>
     <span class='ocr_line' id='line_1_37' title="bbox 214 2898 1225 2961; baseline -0.004 -14"><span class='ocrx_word' id='word_1_323' title='bbox 214 2900 430 2958; x_wconf 82' lang='lat' dir='ltr'>Bacche,</span> <span class='ocrx_word' id='word_1_324' title='bbox 452 2901 564 2961; x_wconf 74' lang='lat' dir='ltr'>fave</span> <span class='ocrx_word' id='word_1_325' title='bbox 589 2901 697 2948; x_wconf 79' lang='lat' dir='ltr'>Vati</span> <span class='ocrx_word' id='word_1_326' title='bbox 710 2923 724 2956; x_wconf 79' lang='lat'>3</span> <span class='ocrx_word' id='word_1_327' title='bbox 760 2902 857 2947; x_wconf 79' lang='lat' dir='ltr'>dum</span> <span class='ocrx_word' id='word_1_328' title='bbox 884 2913 964 2946; x_wconf 83' lang='lat' dir='ltr'>tua</span> <span class='ocrx_word' id='word_1_329' title='bbox 985 2898 1093 2944; x_wconf 86' lang='lat' dir='ltr'>festa</span> <span class='ocrx_word' id='word_1_330' title='bbox 1114 2915 1225 2944; x_wconf 73' lang='lat' dir='ltr'><em>cano.</em></span> 
     </span>
     <span class='ocr_line' id='line_1_38' title="bbox 89 2954 2138 3031; baseline -0.006 -18"><span class='ocrx_word' id='word_1_331' title='bbox 89 2965 299 3031; x_wconf 86' lang='lat' dir='ltr'>Elegiam</span> <span class='ocrx_word' id='word_1_332' title='bbox 331 2979 442 3011; x_wconf 86' lang='lat' dir='ltr'>vero</span> <span class='ocrx_word' id='word_1_333' title='bbox 466 2963 531 3010; x_wconf 92' lang='lat' dir='ltr'>X.</span> <span class='ocrx_word' id='word_1_334' title='bbox 557 2964 771 3027; x_wconf 84' lang='lat' dir='ltr'>scriptam</span> <span class='ocrx_word' id='word_1_335' title='bbox 798 2968 920 3012; x_wconf 78' lang='lat' dir='ltr'>tertio</span> <span class='ocrx_word' id='word_1_336' title='bbox 956 2962 1101 3011; x_wconf 78' lang='lat' dir='ltr'>exsilii</span> <span class='ocrx_word' id='word_1_337' title='bbox 1138 2978 1258 3009; x_wconf 86' lang='lat' dir='ltr'>anno</span> <span class='ocrx_word' id='word_1_338' title='bbox 1296 2962 1425 3009; x_wconf 81' lang='lat' dir='ltr'>fuisse</span> <span class='ocrx_word' id='word_1_339' title='bbox 1461 2960 1624 3010; x_wconf 86' lang='lat' dir='ltr'>diserte</span> <span class='ocrx_word' id='word_1_340' title='bbox 1657 2958 1839 3008; x_wconf 71' lang='grc' dir='ltr'>Αιιᾶοι·</span> <span class='ocrx_word' id='word_1_341' title='bbox 1870 2956 2033 3017; x_wconf 82' lang='lat' dir='ltr'>docet,</span> <span class='ocrx_word' id='word_1_342' title='bbox 2070 2954 2138 3002; x_wconf 75' lang='lat' dir='ltr'>fic·</span> 
     </span>
    </p>
   </div>
   <div class='ocr_carea' id='block_1_10' title="bbox 32 3021 2135 3332">
    <p class='ocr_par' dir='ltr' id='par_1_13' title="bbox 32 3021 2135 3332">
     <span class='ocr_line' id='line_1_39' title="bbox 32 3021 2135 3091; baseline -0.007 -18"><span class='ocrx_word' id='word_1_343' title='bbox 32 3029 232 3077; x_wconf 84' lang='lat' dir='ltr'>exorsus:</span> <span class='ocrx_word' id='word_1_344' title='bbox 875 3077 884 3081; x_wconf 21' lang='lat' dir='ltr'>p</span> <span class='ocrx_word' id='word_1_345' title='bbox 1081 3066 1084 3070; x_wconf 84' lang='grc'><strong>,</strong></span> <span class='ocrx_word' id='word_1_346' title='bbox 1285 3028 1340 3074; x_wconf 87' lang='grc' dir='ltr'>Ν</span> <span class='ocrx_word' id='word_1_347' title='bbox 1382 3042 1401 3091; x_wconf 79' lang='lat'><em>3</em></span> <span class='ocrx_word' id='word_1_348' title='bbox 2072 3021 2135 3066; x_wconf 58' lang='grc' dir='ltr'>[ῖς</span> 
     </span>
     <span class='ocr_line' id='line_1_40' title="bbox 86 3113 565 3173; baseline 0.008 -19"><span class='ocrx_word' id='word_1_349' title='bbox 86 3113 144 3166; x_wconf 80' lang='lat' dir='ltr'>(a)</span> <span class='ocrx_word' id='word_1_350' title='bbox 173 3114 262 3161; x_wconf 84' lang='lat' dir='ltr'>Lib.</span> <span class='ocrx_word' id='word_1_351' title='bbox 288 3116 386 3158; x_wconf 87' lang='lat' dir='ltr'>LV.</span> <span class='ocrx_word' id='word_1_352' title='bbox 413 3130 449 3169; x_wconf 86' lang='lat' dir='ltr'>p.</span> <span class='ocrx_word' id='word_1_353' title='bbox 474 3129 565 3173; x_wconf 85' lang='lat'>553.</span> 
     </span>
     <span class='ocr_line' id='line_1_41' title="bbox 87 3166 449 3224; baseline 0.008 -17"><span class='ocrx_word' id='word_1_354' title='bbox 87 3166 148 3218; x_wconf 80' lang='lat' dir='ltr'>(b)</span> <span class='ocrx_word' id='word_1_355' title='bbox 175 3167 282 3224; x_wconf 68' lang='lat' dir='ltr'>Eieg.</span> <span class='ocrx_word' id='word_1_356' title='bbox 310 3171 340 3211; x_wconf 95' lang='grc' dir='ltr'>Ι.</span> <span class='ocrx_word' id='word_1_357' title='bbox 363 3171 449 3212; x_wconf 86' lang='lat' dir='ltr'>init.</span> 
     </span>
     <span class='ocr_line' id='line_1_42' title="bbox 202 3221 1339 3280; baseline -0.001 -16"><span class='ocrx_word' id='word_1_358' title='bbox 202 3222 345 3275; x_wconf 86' lang='lat' dir='ltr'>Hunc,</span> <span class='ocrx_word' id='word_1_359' title='bbox 374 3237 516 3280; x_wconf 80' lang='lat' dir='ltr'>quoque</span> <span class='ocrx_word' id='word_1_360' title='bbox 538 3224 583 3264; x_wconf 88' lang='lat' dir='ltr'>de</span> <span class='ocrx_word' id='word_1_361' title='bbox 604 3222 757 3275; x_wconf 79' lang='lat' dir='ltr'>Getico,</span> <span class='ocrx_word' id='word_1_362' title='bbox 782 3223 893 3276; x_wconf 81' lang='lat' dir='ltr'>nostri</span> <span class='ocrx_word' id='word_1_363' title='bbox 910 3223 1086 3273; x_wconf 67' lang='lat' dir='ltr'>studiose,</span> <span class='ocrx_word' id='word_1_364' title='bbox 1112 3221 1339 3267; x_wconf 71' lang='lat' dir='ltr'>Libessurn,</span> 
     </span>
     <span class='ocr_line' id='line_1_43' title="bbox 255 3276 1113 3332; baseline -0.001 -15"><span class='ocrx_word' id='word_1_365' title='bbox 255 3276 427 3331; x_wconf 74' lang='lat' dir='ltr'>Lictore,</span> <span class='ocrx_word' id='word_1_366' title='bbox 455 3277 669 3331; x_wconf 87' lang='lat' dir='ltr'>praemiffis</span> <span class='ocrx_word' id='word_1_367' title='bbox 689 3286 863 3332; x_wconf 80' lang='lat' dir='ltr'>quatuor</span> <span class='ocrx_word' id='word_1_368' title='bbox 886 3277 979 3319; x_wconf 70' lang='lat' dir='ltr'>adde</span> <span class='ocrx_word' id='word_1_369' title='bbox 998 3276 1113 3318; x_wconf 66' lang='lat' dir='ltr'>mei&#39;s.</span> 
     </span>
    </p>
   </div>
  </div>
 </body>
</html>
