2547 3708
612 148 1516 221 PRAEFATIONEs
2020 185 2110 252 „Q

3 287 6 304 i
23 277 199 336 cunque
219 260 459 315 volumina·
478 260 658 324 tangis,
680 260 773 308 &c.
806 261 1095 326 Principium
1118 264 1468 330 igiturElegiae
1491 264 1548 313 fit-
1571 263 1689 314 hoe:
1713 269 1865 318 Anna,
1876 278 2003 337 gravi
2022 293 2108 325 nu*
2154 279 2157 282 .

4 343 175 396 ‘mem’
204 330 493 389 vi⁰lentaque
514 325 633 399 bena
657 327 867 389 parabam
892 328 1056 375 Edere·
1127 333 1233 377 Nec
1255 331 1366 378 illud
1391 330 1571 378 filentio
1593 334 1826 382 involvam
1842 369 1858 395 2
1891 341 2113 401 quaedam

19 409 69 452 in·
88 396 301 449 his-libris
323 392 348 439 a
375 407 446 438 me
467 392 552 437 efle
574 404 898 454 interpretata,
921 409 1116 456 quorum
1143 394 1518 458 interpretatione
1542 397 1825 461 supersedere
1846 406 2107 466 potuissem,

22 469 53 517 fi
74 483 130 514 ex
156 465 225 511 his
243 456 604 506 enarrationibus
629 457 743 502 mihi
776 458 970 519 gloriam
998 461 1214 521 aucupari
1238 460 1497 508 studuissem
1513 495 1528 520 ,
1562 479 1614 508 ac
1652 480 1746 510 non
1772 468 1928 529 potius
1955 469 2105 516 til-un-

19 533 224 580 CU101‘Um
248 524 471 570 rationem
495 521 747 568 habendam
771 520 1008 568 duxissem.
1075 522 1234 583 Adde,
1269 526 1395 588 quod
1417 525 1571 573 multis
1597 529 1805 591 precibus
1828 546 1902 577 me
1926 534 1979 579 ad
2013 533 2106 582 hoc

19 593 199 658 impilm
223 586 460 652 imprefl'or
481 584 602 648 ipse’
636 588 800 633 timens
815 621 830 646 ⁹
866 602 922 632 ne
941 588 1224 651 impseffffl‘es
1242 591 1348 649 ‘alii’
1383 605 1436 638 ut
1457 590 1562 638 sunt
1582 593 1700 640 inter
1723 593 1764 640 se
1785 597 1978 657 aemuli,
2014 598 2106 646 hoc

0 662 134 724 iidem
160 671 276 717 Opus
297 651 640 715 impl’imffl‘enta
666 650 830 697 additis
851 668 1011 698 eorum
1039 657 1497 719 commentariis,qui
1519 671 1699 704 tantum
1724 661 1949 709 minutula
1970 678 2108 727 quae-

17 724 117 771 dam
143 722 194 767 ὃς
220 718 434 765 facillima
455 717 840 778 interpretantur:
858 717 985 779 quod
1012 717 1150 764 hodie
1172 720 1218 764 in
1241 720 1395 767 multis
1417 737 1512 768 non
1536 721 1627 769 fine
1651 726 1936 786 quorundam
1962 727 2110 774 maxi-

17 805 88 836 ma
101 785 276 850 jaEtura
296 781 398 828 fieri
419 780 639 825 videmus.
706 779 1064 843 Obsequendum
1091 783 1235 846 igitur
1255 784 1358 830 fuit.
1427 786 1510 832 Tu
1541 800 1692 834 autem
1729 791 1852 852 quod
1887 791 1973 838 tibi
2009 793 2105 855 Pla-

19 853 195 910 cuerit‚
228 864 286 894 ex
308 847 379 893 his
401 845 546 908 leges:
584 856 760 891 caetera
781 846 840 899 iis,
864 846 1116 908 relinques,
1151 848 1230 910 qui
1263 849 1483 911 ejusmodi
1512 852 1896 916 interpretationis
1930 856 2107 920 indige-

16 918 148 964 bunt.
192 911 440 960 Voluimus
461 908 581 954 enim
604 910 651 954 in
677 909 777 968 his,
810 925 904 956 non
926 910 1114 958 eruditis
1139 912 1280 958 modo
1297 946 1312 970 ,
1347 914 1415 959 sed
1441 915 1776 977 mediocribus,
1809 931 1945 981 atque
1968 923 2103 966 etiam

19 979 271 1045 junioribus
295 972 556 1021 satisfacere.
594 973 737 1020 Vale:
776 972 822 1019 ὃ(
846 975 1062 1038 expegffl⁹
1096 988 1205 1039 quas
1231 979 1495 1041 propediem
1518 980 1728 1041 edemus,
1752 984 1921 1030 nostras
1946 985 1990 1031 in
2007 986 2106 1032 Na-

16 1047 133 1093 sonis
157 1037 819 1089 Consolationem-ad'Liviam
844 1040 1095 1087 Drusillam
1116 1045 1434 1090 enarrationes.

196 1169 896 1219 BARTHO-LOMAEI
963 1173 1266 1221 MERUL
1285 1174 1384 1221 AE
1448 1175 1927 1226 PRAEFATIO

705 1264 780 1312 Ad
803 1266 974 1314 Libros
996 1266 1051 1313 de
1075 1268 1191 1314 Arte
1215 1267 1428 1314 Arnandi.

770 1356 1006 1409 Generoso
1031 1356 1349 1417 Adolescenti,
1380 1350 1384 1354 ’

83 1454 763 1533 FRANCISCO,
860 1453 1312 1516 GEORGII
1409 1456 2031 1529 CORNELII,

603 1562 815 1627 Equitis‚
850 1562 1119 1610 Decemviri
1140 1561 1383 1610 Clariffimi
1409 1563 1524 1611 filio.

57 1707 60 1713 ·
107 1683 330 1732 Raeclara
350 1681 496 1729 multa
516 1681 565 1727 δεῖ
587 1681 715 1728 omni
747 1679 877 1726 laude
900 1678 1277 1740 cumulatiffima,
1313 1681 1361 1728 in
1383 1681 1470 1727 hac
1495 1692 1574 1728 tua
1594 1682 1836 1729 excellenti
1859 1683 2003 1744 patria
2022 1682 2114 1728 cir-

57 1754 64 1765 ‘
133 1747 462 1813 cumspiciens,
495 1744 733 1792 Francisce
751 1743 1012 1804 Generose,
1046 1745 1163 1791 nihil
1187 1761 1328 1809 aeque
1349 1745 1477 1792 laude
1500 1745 1692 1808 dignum
1726 1747 1939 1805 invenio,
1974 1762 2110 1809 quam

19 1813 149 1880 quod.
166 1815 213 1860 in
238 1830 289 1859 ea
313 1828 417 1876 prae
451 1811 617 1857 ceteris
643 1808 831 1857 urbibus
855 1810 978 1856 viros
1011 1811 1140 1856 omni
1179 1809 1430 1857 studiorum
1456 1825 1623 1872 genere
1657 1810 1993 1857 florentissimos
2024 1810 2116 1856 effe·

20 1879 182 1927 video:
219 1893 322 1924 nam
349 1876 387 1923 fi·
404 1877 517 1923 'velis
541 1876 751 1921 omniurn
777 1873 1057 1920 laudatarum
1082 1875 1249 1921 artium
1277 1875 1628 1938 procreatricem
1654 1876 1894 1938 quamdam
1918 1875 1966 1920 ὃς
1988 1874 2109 1937 quasi

18 1956 252 2008 parentem
285 1956 382 1986 eam
410 1962 424 1996 3
474 1955 587 2001 quae
620 1938 647 1985 a
679 1938 869 1985 Graecis
900 1938 1197 2001 Philosophia
1232 1938 1485 2001 appellatur
1508 1973 1524 1998 ,
1570 1951 1647 1984 tot
1677 1942 1725 1985 in
1759 1939 1894 2001 ipsius
1926 1950 2114 1985 naturae

21 2007 326 2062 obscuritate,
359 2006 407 2049 in
431 2002 667 2049 differendi
693 2002 970 2060 subtilitate,
1004 2003 1052 2048 in
1074 2001 1190 2047 bene
1224 2002 1408 2048 vivendi
1443 2004 1618 2048 ratione
1649 2001 1733 2049 sese
1764 2004 1850 2050 tibi
1883 2002 2113 2062 offerent,

0 2073 71 2118 'ut
92 2082 372 2133 proventum
395 2070 613 2130 majorem
637 2065 851 2126 nusquam
874 2064 1047 2126 sperare
1069 2065 1216 2128 poflis.
1262 2067 1310 2112 Si
1332 2082 1441 2112 vero
1464 2068 1697 2129 Reginam
1720 2084 1871 2114 rerum
1893 2067 2110 2130 eloquen-

21 2137 130 2182 tiam
164 2134 320 2191 malis,
355 2148 449 2178 non
480 2132 715 2192 pauciores
745 2130 971 2188 invenies,
1005 2130 1052 2174 in
1087 2128 1252 2191 quibus
1285 2129 1370 2175 esse
1400 2129 1566 2175 fateare
1591 2129 1782 2177 Catonis
1809 2134 2110 2194 gravitatem,

7 2199 167 2259 >Laelii
189 2198 421 2244 lenitatem
437 2229 452 2253 ,
467 2194 673 2241 Gracchi
697 2195 952 2256 impetum,
985 2192 1183 2258 Caesaris
1205 2194 1400 2240 calorem
1415 2227 1430 2252 ,
1452 2193 1693 2240 Hortensii
1712 2195 2081 2242 distributionem
2098 2230 2114 2255 ,

22 2263 154 2310 Calvi
179 2261 376 2325 argutias
398 2261 446 2306 &
467 2258 771 2316 saneiitatem,
807 2257 987 2303 Salustii
1011 2256 1358 2320 parsimoniam,
1394 2259 1442 2304 ὃς
1465 2257 1587 2320 quasi
1611 2274 1709 2305 eam
1732 2260 1970 2306 Ciceronis
1996 2277 2112 2323 opu-

21 2328 218 2375 lentiam.
284 2326 349 2371 At
374 2324 405 2371 fi
427 2325 476 2371 in
502 2324 687 2387 poetica
708 2321 926 2369 facultate
956 2334 1079 2368 vates
1112 2321 1509 2381 eminentissimos,
1544 2321 1577 2368 fi
1612 2323 1658 2369 in
1692 2322 1907 2370 narranda
1927 2323 2114 2371 historia

23 2389 393 2439 luculentiffimos
421 2390 708 2452 Scriptore83
746 2386 778 2434 si
812 2399 1042 2448 praeterea
1067 2386 1426 2432 Mathematicae
1457 2386 1719 2447 disciplinae
1754 2388 1800 2432 &
1826 2387 2113 2434 obscuritatis

23 2457 306 2519 indagatores
337 2452 612 2501 acutissimos
646 2450 950 2498 considerabis
972 2483 986 2508 ,
1035 2451 1289 2513 comperies
1325 2450 1535 2512 profesto
1570 2451 1638 2497 his
1671 2451 1882 2497 omnibus
1919 2454 2110 2513 patriam

25 2534 148 2568 tuam
171 2533 352 2583 praeter
370 2531 565 2564 caeteras
589 2517 796 2563 civitates
817 2515 1067 2578 plurimum
1090 2515 1288 2578 pollere,
1323 2515 1371 2560 ὃς
1394 2516 1462 2561 his
1493 2515 1663 2570 artibus
1687 2532 1738 2561 ac
1770 2515 2013 2575 disciplinis
2036 2532 2112 2563 eos

23 2586 218 2647 patriae,
253 2583 334 2630 fibi
359 2582 407 2628 &
427 2582 609 2640 amicis,
633 2581 762 2626 domi
786 2578 986 2642 forisque
1007 2578 1092 2624 esse
1114 2580 1316 2624 maximo
1336 2578 1557 2640 praesidio
1583 2579 1630 2624 ὃς
1653 2593 1937 2625 ornamento.
1974 2579 2110 2638 Qio—

14 2651 163 2706 cirea.
180 2648 265 2694 tibi
301 2648 436 2693 etiam
463 2647 589 2708 equis
612 2645 841 2707 velisque,
875 2656 927 2689 ut
952 2643 1149 2701 dicitur,
1182 2643 1447 2689 enitendum
1474 2643 1566 2701 est,
1601 2656 1651 2688 ut
1678 2645 1796 2689 inter
1821 2657 1892 2689 tot
1917 2645 2112 2706 praecla-

24 2712 213 2760 risfimos
243 2712 365 2758 viros
392 2710 539 2757 studio
563 2710 611 2757 ὃς
631 2709 867 2772 disciplina
898 2723 1067 2754 nomen
1100 2720 1235 2753 tuum
1267 2708 1466 2763 eluceat,
1486 2707 1968 2770 excellentiffimisque
1991 2707 2110 2753 Cor·
2172 2763 2176 2766 .

24 2778 154 2824 neliis
176 2776 224 2821 &
247 2775 540 2838 Scipionibus
565 2776 654 2821 tuis
680 2773 971 2837 respondeas,
1006 2787 1202 2834 quorum
1226 2772 1419 2818 virtutes
1442 2771 1696 2817 litterarum
1721 2772 2030 2817 monumentis
2052 2771 2115 2817 ita

26 2854 159 2888 notae
182 2839 312 2897 sunt,
342 2853 397 2884 ut
430 2855 514 2885 nec
544 2855 678 2894 meo,
713 2853 797 2884 nec
823 2837 1085 2899 cujusquam
1118 2836 1275 2899 elogio
1309 2836 1558 2898 indigeant.
1627 2836 1768 2881 Viros
1799 2837 1916 2881 enim
1946 2835 2112 2881 familia

28 2918 106 2952 tua
125 2896 301 2966 semper
324 2903 544 2949 continua
564 2903 672 2948 serie
702 2902 830 2947 omni
863 2900 1047 2947 laudum
1079 2915 1246 2963 genere
1279 2899 1628 2964 fulgentiffimos
1653 2899 1700 2945 ὃ(
1723 2900 1911 2952 illustres
1937 2899 2111 2944 habuit.

28 2970 94 3022 Et
114 2982 168 3016 ut
190 2966 357 3032 priscos
380 2966 480 3012 illos
500 2980 603 3012 tuos
624 2967 1014 3027 praetermittam,
1047 2965 1141 3026 qui.
1159 2965 1343 3027 propria
1374 2964 1533 3023 laude,
1569 2963 1844 3026 amplissimis
1879 2964 2009 3009 rebus
2031 2978 2113 3026 ge-

33 3033 133 3094 stis,
165 3032 364 3080 maxima
381 3030 530 3095 gloria
550 3028 592 3075 se
613 3028 829 3092 quotidie·
852 3029 1099 3076 imitandos
1130 3042 1237 3075 ante
1261 3029 1422 3074 oculos
1444 3042 1548 3074 tuos
1583 3027 1819 3074 exhibent.
1887 3026 2043 3074 Offert
2073 3027 2116 3072 se

31 3097 114 3144 tibi
129 3098 184 3144 'in
203 3097 362 3160 primis
384 3095 559 3142 recenti
580 3093 728 3158 gloria
750 3095 1065 3155 magnanimus
1088 3093 1240 3156 Eques
1268 3093 1316 3139 &
1339 3091 1598 3150 clai-iffimus
1623 3092 1842 3148 Senator,
1875 3107 1980 3137 avus
2006 3105 2112 3137 tuus

32 3161 107 3208 ille
137 3175 243 3209 toto
274 3161 388 3208 orbe
419 3158 716 3223 conspicuus,
752 3158 826 3203 Μ.
849 3156 1117 3215 Cornelius,
1151 3156 1334 3203 illustris
1358 3156 1403 3202 ὃ(
1436 3154 1676 3202 certiffima
1699 3157 1849 3219 gentis
1870 3155 2114 3201 Corneliae

32 3222 213 3290 proles,
227 3227 318 3290 qui.
318 3228 621 3291 juventutem
638 3224 737 3287 egit
759 3237 856 3270 non
873 3222 1055 3285 ignavia
1073 3221 1452 3281 marcescentem,
1487 3234 1584 3279 non
1604 3219 1902 3283 abjeffiffimis
1922 3218 2079 3265 scortis
2093 3248 2110 3273 ,

54 3305 58 3307 ⁴
828 3311 834 3315 -
2016 3295 2113 3333 nen
