2547 3708
375 123 466 190 ηε
612 102 620 108 ’
897 115 1959 167 DEDICATIONESET

375 217 480 264 dem
500 216 741 281 ingenium
764 231 818 263 ac
843 214 1043 262 studium
1061 248 1076 274 ,
1113 226 1343 277 praeterea
1365 213 1534 260 variam
1557 225 1693 275 atque
1716 212 2014 275 multijugam
2044 209 2288 257 leffionem
2313 209 2481 261 defide-

373 295 473 330 rat:
511 283 624 330 illud
647 296 799 330 autem
820 281 940 327 nihil
961 280 1080 337 fere,
1107 292 1286 341 praeter
1304 277 1598 324 sedentariam
1621 277 1845 340 quandam
1871 292 2057 339 operam
2081 276 2288 338 requirit.
2324 276 2481 331 Quam

379 361 454 395 tae
477 351 600 395 enim
629 347 789 411 quaeso
815 345 1130 403 difficultatis,
1167 345 1387 407 quantive
1412 342 1577 388 laboris
1601 342 1769 399 fuerit,
1803 356 1854 386 ea
1883 356 1997 403 quae
2028 342 2147 402 apud
2178 341 2286 386 alios
2321 339 2483 405 scripta
2527 359 2547 404 ²4

377 426 458 460 aut
479 413 599 461 dic‘ta
623 414 870 474 repereris,
906 413 954 456 in
978 412 1115 456 alium
1155 423 1292 472 atque
1326 409 1464 454 alium
1500 403 1687 452 subinde
1718 405 1886 451 librum
1924 405 2195 461 transferre,
2232 405 2277 450 ἓξ
2301 408 2483 467 perinde
2527 394 2547 471 ᾗ]

376 490 430 524 ut
453 481 765 542 negotiatores
792 492 964 522 merces
987 475 1159 531 solent,
1175 471 1200 519 ἐ
1219 473 1298 519 suo
1322 489 1373 518 ac
1397 488 1546 535 patrio
1575 473 1683 517 loco
1699 505 1713 530 ,
1748 471 1994 533 peregrino
2021 483 2158 532 atque
2185 484 2376 515 externo
2400 473 2482 519 im-
2528 478 2547 527 li

381 556 588 605 portare:
627 541 819 588 Interim
842 554 995 586 autem
1021 542 1250 601 illa,qnae
1277 555 1374 584 non
1395 539 1494 584 latis
1523 537 1824 595 intellexeris,
1857 547 1935 580 aut
1959 535 2062 581 alias
2087 552 2246 599 parum
2277 551 2484 583 commo·
2528 526 2547 578 le

376 607 434 653 de
459 608 784 669 explicaveris,
819 606 1072 651 alienorum
1099 603 1344 649 verborum
1382 601 1681 648 multitudine
1716 598 1985 646 obscurare?
2022 600 2174 660 Qale
2206 599 2416 663 quiddam
2439 601 2484 650 ὅτ,

377 672 608 734 superiore
643 684 791 716 aetate
825 687 919 716 non
945 685 1144 733 paucos,
1182 668 1229 714 &c
1253 667 1404 714 nostra
1434 668 1542 712 item
1569 664 1785 726 quosdam
1808 665 2015 710 videmus
2038 665 2203 710 secisse.
2271 665 2485 719 Quonim

377 738 451 783 alii
489 752 544 782 ne
578 736 688 798 quid
723 735 890 781 nescire
924 734 1220 791 viderentur,
1255 735 1392 778 etiam
1428 731 1686 778 alieniffima
1721 730 1950 777 interdum
1985 746 2092 775 cum
2129 730 2355 793 ποτ’ξερςκι,
2379 739 2486 780 'tum

377 803 588 869 πεξῖερροι,
628 801 676 847 Sc
702 802 897 846 omnino
924 800 1246 854 α’τσερσδιουυσω
1270 797 1432 845 1ε’6ὶοι·ὶ
1466 795 1775 842 obtruserunt.
1847 795 1940 842 Alii
1968 809 2152 855 autem,
2188 810 2296 841 oum
2330 812 2487 847 eorum
2530 830 2531 836 ,

379 882 495 931 quae
528 866 640 913 scire
672 866 864 925 volunt,
900 865 1114 928 pleraque
1148 865 1383 921 nesciunt,
1422 862 1689 926 prolixitate
1720 862 1852 906 alieni
1885 861 2101 906 sermonis
2128 862 2329 907 animum
2355 875 2486 923 atque
2529 863 2539 902 i-

380 933 543 980 oculos
567 932 823 995 legentium
857 932 1070 977 aliorsum
1106 928 1399 986 abstrahunt,
1435 927 1481 972 δί
1505 943 1529 972 a
1563 943 1607 971 re
1636 925 1874 989 propofita
1908 938 2134 972 avertunt.
2204 926 2274 972 Ut
2309 921 2488 978 interim
2529 934 2532 965 ἱ

376 1013 473 1043 non
499 996 687 1056 addam,
726 1013 860 1060 quam
885 1012 979 1041 non
1001 996 1146 1041 solum
1172 1011 1266 1041 non
1289 995 1432 1051 utile,
1467 1008 1626 1037 verum
1653 1004 1788 1038 etiam
1817 991 2059 1036 molestum
2085 991 2245 1038 letfflori
2269 992 2349 1047 sit,
2376 1005 2510 1043 tem÷=

378 1077 465 1126 pus
488 1061 599 1108 illud
629 1062 792 1111 frustra
815 1063 962 1125 perire
979 1094 993 1118 ,
1028 1061 1138 1106 dum
1166 1075 1279 1122 quae
1303 1059 1423 1120 apud
1452 1056 1580 1102 suum
1603 1069 1808 1102 autorem
1842 1056 2134 1102 commodius
2162 1073 2212 1102 ac
2239 1055 2404 1102 reffihus
2427 1056 2487 1107 les
2534 1116 2536 1121 ,

377 1142 490 1192 gere
512 1140 694 1191 poterat
710 1161 725 1186 ,
760 1144 809 1172 ea
834 1127 939 1172 loco
966 1126 1113 1172 alieno
1143 1142 1251 1171 cum
1275 1126 1456 1169 summo
1481 1122 1632 1167 taedio
1660 1134 1839 1166 tantum
1864 1138 1958 1166 non
1983 1121 2201 1167 devorare
2223 1123 2427 1184 cogitur.
2455 1170 2461 1175 ,
2532 1175 2534 1178 y

447 1193 514 1238 At
548 1206 722 1255 quanto
755 1192 917 1238 melius
951 1204 1124 1237 veteres
1159 1191 1255 1248 illi,
1292 1188 1550 1251 praesertim
1587 1187 1758 1232 Graeci
1797 1187 2068 1248 interpretes
2091 1220 2106 1244 ,
2141 1187 2219 1249 qui
2257 1186 2372 1232 nihil
2409 1184 2488 1238 nisi

382 1257 509 1319 quod
539 1258 763 1321 adipsum
791 1270 1149 1321 argumentum,
1185 1270 1374 1314 remque
1409 1251 1691 1315 propositam
1731 1253 2008 1314 pertineret,
2042 1252 2225 1298 scholiis
2261 1264 2397 1314 atque
2425 1253 2495 1304 in-‚r
2532 1262 2534 1267 ’

382 1322 795 1383 terpretationibus
822 1324 908 1368 suis
933 1321 1074 1366 adesse
1097 1319 1379 1368 voluerunt?
1419 1318 1610 1364 Perinde
1639 1318 1758 1362 enim
1787 1330 1835 1363 ut
1862 1317 2111 1376 athletam,
2146 1330 2223 1364 aut
2258 1311 2498 1380 pugilem,¹

385 1385 521 1437 ,decet
552 1389 668 1434 intra
694 1390 817 1449 septa
837 1388 938 1444 sua,
975 1388 1291 1448 terminosque
1325 1385 1624 1447 praescriptos
1648 1380 1731 1428 sese
1761 1384 2028 1439 continere,
2063 1398 2210 1444 neque
2243 1382 2335 1427 huc
2361 1395 2491 1445 atque

385 1450 497 1497 illuc
530 1451 854 1498 diverticulum
887 1451 1183 1513 quaeritando
1220 1451 1423 1512 evagari:
1462 1449 1525 1494 ita
1550 1448 1594 1492 ἃ
1620 1446 1891 1493 scribentem
1919 1446 2191 1509 censuerunt
2226 1448 2343 1492 intra
2369 1446 2493 1498 suum

384 1531 615 1579 quemque
648 1532 1002 1579 argumentum,
1039 1515 1227 1578 suosque
1262 1515 1374 1561 fines
1408 1514 1568 1559 versari
1603 1512 1795 1572 debere,
1830 1528 1977 1573 neque
2012 1512 2166 1558 alienis
2202 1525 2339 1573 atque
2366 1512 2495 1564 anxie
2525 1526 2535 1573 ᾗ

384 1582 596 1643 quaesitis
628 1582 789 1641 rebus,
824 1583 868 1628 id
894 1580 1018 1644 quod
1051 1581 1376 1643 explicandum
1404 1578 1623 1641 suscepit,
1658 1578 1783 1624 ultro
1811 1580 1949 1623 etiam
1989 1577 2225 1624 involvere
2250 1590 2386 1638 atque
2408 1578 2494 1638 im·
2532 1586 2536 1640 f

383 1647 570 1709 plicare.
640 1648 811 1693 Inutile
833 1648 955 1692 enim
982 1663 1033 1692 ac
1060 1644 1444 1708 supervacaneum
1467 1659 1606 1689 omne
1633 1643 1745 1688 illud
1770 1642 1883 1701 effe,
1919 1642 2043 1704 quod
2072 1655 2250 1705 praeter
2271 1657 2365 1687 rem
2390 1658 2496 1705 prov

384 1710 583 1774 positam
600 1745 615 1770 ,
652 1710 743 1757 fine
764 1712 891 1758 causa
918 1727 970 1757 ac
997 1724 1170 1758 temere
1195 1709 1451 1757 affeetando
1478 1707 1753 1754 adsciscitur.
2158 1740 2178 1760 δ
2494 1747 2515 1755 .,

452 1777 731 1839 Quanquam
769 1777 880 1824 haec
905 1777 1088 1839 quidem
1116 1777 1163 1823 in
1185 1775 1445 1822 universum
1480 1774 1536 1819 de
1567 1787 1668 1819 tota
1700 1775 1784 1820 hac
1819 1771 2164 1819 commentandi
2197 1783 2334 1833 atque
2359 1772 2495 1824 interf

384 1843 597 1904 pretandi
633 1843 814 1888 ratione
848 1841 1114 1904 accipienda
1149 1841 1274 1888 sunt:
1312 1855 1425 1902 quae
1448 1839 1493 1886 &c
1522 1837 1843 1884 mediocritate
1878 1837 2072 1900 quadam
2111 1838 2347 1894 constare,
2381 1835 2428 1881 &
2451 1837 2496 1894 in
2525 1857 2530 1879 ι

383 1921 540 1952 rerum
563 1907 879 1967 explicatione
905 1909 1075 1971 magis,
1112 1923 1244 1968 quam
1270 1905 1518 1952 verborum
1544 1903 1813 1965 ambagibus
1839 1904 1883 1948 ὃ(
1914 1902 2182 1965 prolixitate
2204 1900 2391 1963 operosa
2413 1900 2497 1956 effi>

382 1970 537 2018 debet.
606 1972 767 2030 Qiare
793 1986 846 2018 ut
881 1971 936 2018 ad
964 1974 1337 2018 [annotationum
1373 1985 1517 2033 genus
1552 1968 1666 2014 illud
1702 1970 1965 2025 redeamus,
2001 1982 2114 2029 quae
2149 1965 2342 2012 aliorum
2371 1981 2497 2013 com-⁴.

382 2037 617 2085 mentm-iis
641 2039 726 2096 iam
752 2037 885 2083 editis
911 2035 1304 2100 superadduntur,
1329 2036 1494 2097 quibus
1516 2034 1588 2079 vel
1612 2049 1846 2096 perperam
1872 2033 2101 2095 explicata
2119 2065 2133 2086 ,
2149 2031 2202 2076 ad
2229 2029 2499 2080 sententiam

382 2098 530 2147 sanam
555 2118 607 2147 ac
631 2094 878 2164 genuinam
916 2114 1219 2148 revocantur:
1256 2100 1329 2146 vel
1364 2115 1478 2162 quae
1511 2103 1694 2161 penitus
1726 2098 1883 2144 omissa
1907 2097 2124 2153 fuerunt,
2160 2096 2214 2141 de
2243 2097 2425 2157 integro
2451 2091 2499 2146 δὲ

385 2164 511 2226 quasi
535 2169 734 2228 quodam
758 2168 1031 2228 postliminii
1050 2183 1185 2229 jure,
1220 2166 1327 2211 loco
1353 2180 1493 2226 atque
1530 2163 1680 2209 ordini
1711 2162 1789 2208 suo
1823 2163 2151 2208 restituuntur:
2189 2175 2257 2205 eas
2285 2162 2466 2222 inquam
2479 2162 2501 2225 ἕ

387 2230 488 2292 quis
515 2246 609 2275 non
633 2244 795 2276 contra
819 2233 947 2276 videt
975 2231 1021 2277 ὃς
1047 2231 1182 2277 multi
1211 2231 1390 2293 negotii
1413 2228 1525 2284 effe,
1542 2228 1587 2272 S<
1605 2243 1794 2289 magnae
1820 2222 2134 2271 difficultatis?
2173 2225 2298 2270 Nam
2327 2239 2374 2271 ut
2398 2226 2499 2289 grai

385 2295 537 2341 viores
560 2294 733 2340 labores
757 2295 1007 2357 suscipiunt
1023 2329 1037 2353 ,
1074 2297 1151 2357 qui
1177 2294 1299 2356 sylva
1320 2292 1489 2339 alicubi
1513 2290 1658 2349 caesa,
1694 2291 1741 2336 ὃς
1771 2290 2087 2353 complanata,
2122 2290 2313 2336 annosos
2337 2289 2361 2335 ἐ
2386 2295 2497 2336 terra
2528 2324 2529 2327 η

390 2370 583 2405 truncos
615 2375 666 2404 ac
698 2359 868 2421 stipites
894 2360 1049 2421 postea
1083 2360 1310 2405 eradicare
1345 2369 1600 2413 conantur,
1636 2371 1772 2417 quam
1804 2358 1879 2417 qui
1918 2355 2026 2417 ipsas
2064 2354 2279 2400 arborum
2321 2353 2498 2400 frondes

388 2438 441 2469 ac
466 2439 612 2469 ramos
635 2423 927 2485 dejecerunt:
966 2425 1029 2468 ita
1056 2423 1102 2468 ὃς
1127 2440 1170 2468 in
1196 2423 1287 2467 hoc
1312 2421 1533 2467 scribendi
1560 2437 1726 2482 genere
1751 2420 1956 2465 duriores
1980 2418 2072 2465 fere
2097 2433 2244 2480 partes
2265 2418 2497 2477 sustinentff
2530 2410 2535 2474 ἕ

389 2490 470 2550 qui
495 2504 607 2550 quae
629 2489 684 2532 ab
711 2488 805 2533 aliis
832 2501 1025 2549 propter
1050 2486 1377 2532 obscuritatem
1404 2489 1582 2543 rei,aut
1605 2486 1921 2546 prolixitatem
1951 2483 2168 2530 sermonis
2194 2483 2348 2530 relista
2373 2482 2498 2543 sunt,
2532 2514 2535 2539 ,

391 2551 474 2614 ipfi
500 2552 785 2613 expedienda
810 2564 946 2612 atque
973 2550 1255 2611 explananda
1283 2551 1361 2597 sibi
1396 2549 1597 2595 sumunt.
1667 2551 1737 2596 Ita
1768 2550 1890 2595 enim
1926 2565 1993 2595 res
2021 2548 2183 2607 habet,
2220 2561 2270 2594 ut
2298 2563 2499 2611 quaeque
2532 2545 2536 2591 ὲ

390 2632 474 2679 per
496 2616 536 2661 se
560 2616 651 2679 ipsa
685 2616 920 2662 manifesta
952 2632 1004 2661 ac
1031 2616 1161 2678 plana
1195 2615 1327 2673 sunt,
1365 2616 1425 2661 ita
1450 2616 1592 2678 vulgo
1617 2614 1643 2660 a
1669 2615 1874 2678 pluribus
1904 2614 2149 2660 enarranda
2184 2613 2501 2676 suscipiuntur:
2533 2608 2535 2677 l

392 2681 479 2729 Illa
504 2697 617 2727 vero
642 2697 756 2744 quae
782 2682 954 2744 majore
979 2697 1147 2742 opera,
1183 2694 1260 2726 aut
1284 2683 1329 2726 vi
1364 2681 1536 2742 ingenii
1572 2681 1720 2742 aliqua
1756 2681 1968 2743 indigent
1986 2714 2000 2737 ,
2036 2680 2110 2725 vel
2135 2681 2279 2725 tacito
2304 2691 2499 2741 praeter«
2533 2683 2535 2700 ⁴

391 2759 563 2792 cuntur
585 2779 599 2805 ,
645 2747 719 2791 vel
755 2747 897 2791 aliena
931 2758 1069 2808 atque
1106 2745 1291 2791 absurda
1325 2746 1703 2806 interpretatione
1739 2744 1976 2791 obscurata
2000 2778 2015 2803 ,
2060 2743 2330 2790 aestimanda
2363 2742 2500 2806 magis
2533 2779 2535 2796 ³

392 2826 528 2872 quam
560 2810 831 2872 explicanda
867 2811 963 2856 aliis
997 2810 1336 2871 relinquantur.
1405 2811 1601 2857 Proinde
1627 2810 1801 2871 duplici
1832 2826 1897 2855 res
1931 2810 2085 2854 eadem
2116 2807 2499 2857 difficultateim·
2533 2818 2535 2844 ἕ

389 2875 614 2936 plicatur:
653 2875 779 2937 quod
805 2875 852 2920 ὃζ
875 2890 1093 2937 magnum
1129 2875 1359 2932 laborem,
1394 2891 1540 2936 neque
1568 2875 1757 2937 vulgare
1781 2875 2020 2938 ingenium
2058 2876 2282 2935 requirat:
2321 2873 2368 2918 δί
2393 2887 2498 2920 con-

391 2951 489 2996 tra,
528 2938 559 2985 fi
596 2939 704 3002 quid
738 2939 861 2985 forte
883 2939 1085 2997 aberres,
1120 2954 1199 2986 aut
1226 2939 1393 2985 alicubi
1422 2941 1677 3003 impingas,
1713 2939 1814 2985 risui
1842 2939 2009 3001 pariter
2033 2940 2080 2984 δί
2106 2939 2392 3001 arrogantiae
2414 2935 2500 2982 cri·
2540 2978 2543 2984 ,

389 3005 505 3068 mini
531 3003 723 3066 teipsum
749 3020 962 3064 exponas.
1035 3005 1194 3066 Itaque
1218 3003 1397 3051 tametsi
1424 3005 1523 3053 illa.
1561 3020 1675 3066 quae
1701 3004 1963 3067 hujusmodi
1987 3003 2380 3049 commentatione
2404 2999 2498 3047 effi-

392 3070 610 3127 ciuntur,
644 3085 724 3130 per
746 3067 786 3114 se
812 3068 994 3114 modica
1028 3084 1081 3115 ac
1113 3069 1269 3116 brevia
1295 3069 1533 3116 videntur:
1570 3071 1745 3133 magnis
1779 3083 1932 3115 tamen
1966 3067 2222 3125 laboribus,
2257 3068 2499 3128 multisque
2533 3101 2535 3108 .

391 3149 445 3183 ac
477 3135 608 3180 variis
640 3133 1039 3180 lucubrationibus
1070 3149 1414 3199 comparantur.
1483 3135 1590 3181 Nisi
1617 3151 1725 3187 vero
1761 3136 1860 3197 quis
1894 3133 2154 3189 existimet,
2190 3146 2268 3178 aut
2294 3135 2536 3179 veterum.l

391 3211 537 3248 aetate
571 3199 896 3266 Athenaeum,
931 3198 1170 3260 Gellium,
1208 3200 1536 3248 iviacrobium:
1572 3213 1650 3248 aut
1686 3200 1840 3247 nostra
1876 3199 2047 3257 etiam,
2082 3196 2345 3256 Crinitum,
2378 3195 2500 3266 Poli-
2534 3220 2535 3231 π

2418 3272 2498 3306 tia-

2526 199 2547 272 ‘1221
2526 185 2534 193 2
2523 0 2547 176 *ἐξ

2527 1645 2536 1736 ἐ

2531 1748 2537 1891 l
