2547 3708
2503 0 2547 75 επ

371 127 463 174 216
857 114 1924 166 DEDICATIONES‘ET

370 223 420 261 te
452 209 638 276 quidem
670 210 860 275 separari
893 226 1073 275 queam.
1142 210 1261 259 Vale
1295 208 1391 276 spes
1426 211 1474 259 &
1501 210 1775 276 praesidium
1812 222 2000 266 meum,
2035 203 2156 251 &fin
2179 200 2407 253 Ovidium
2434 191 2515 272 dei
2542 249 2543 257 ,

375 280 534 326 Ponto
561 277 889 327 Enarrationes
911 275 1081 322 nostras
1107 276 1380 341 propediem
1407 276 1670 341 expectato.
2509 274 2510 290 ³

814 395 1327 459 EJUSDEM
1396 389 2057 444 DEDICATIO
2129 457 2142 471 .

1066 532 1070 536 ,
1139 497 1244 531 ante
1271 485 1443 533 Libros
1465 503 1522 534 ex
1547 488 1724 533 Ponto.

648 578 1672 629 AD'AMPLISSIMUM
1736 574 2229 633 PATREM,
2464 588 2524 647 ,ἦ

383 676 1160 740 MARCUM
1304 673 2526 759 CORNELIUMgg.

531 849 534 855 ἡ
588 791 636 838 S.
659 791 838 838 Mariae
862 793 907 838 in
933 790 1125 837 Porticu
1153 787 1443 835 Cardinalem
1466 786 1839 853 gloriosissimum
1856 822 1871 848 ,
1909 787 1957 835 &J
1977 786 2311 840 Pati·iarcham,-
2378 815 2381 819 -

931 853 1507 917 C01.istantinopolitanum
1535 852 1953 901 honoratiffimum.

384 975 441 1086 I
457 974 512 1020 N
516 974 637 1037 grati
665 991 716 1022 ac
742 974 991 1022 detestandi
1015 976 1209 1022 omnino
1233 975 1373 1020 animi
1399 989 1504 1020 eum
1527 973 1612 1020 esse
1635 971 1878 1032 existimo,
1902 970 2222 1037 gloriosiffime
2244 982 2382 1035 atque
2404 966 2494 1020 ain-⁴·

478 1040 671 1102 plissime
695 1041 976 1100 Cardinalis,
1012 1043 1092 1104 qui
1124 1040 1308 1086 summis
1344 1052 1528 1086 ornatus
1557 1037 1824 1098 beneficiis,
1860 1054 1956 1084 non
1990 1037 2143 1099 aliquo
2174 1051 2284 1108 erga
2320 1035 2494 1108 optime
2514 1035 2547 1090 iffi:

386 1105 441 1151 de
467 1104 508 1150 se
532 1108 721 1152 meritos
743 1106 916 1153 indicio
940 1106 1273 1170 gratitudinem
1297 1104 1475 1163 testari,
1507 1120 1559 1151 ac
1580 1102 1664 1150 sese
1690 1118 1947 1150 memorem
1972 1102 2187 1149 omnibus
2210 1115 2349 1148 etiam
2372 1100 2496 1164 secuy,
2524 1092 2543 1137 1,

387 1168 441 1215 lis
477 1170 691 1233 profiteri
728 1171 964 1218 studuerit.
1033 1172 1140 1235 Ego
1179 1170 1278 1216 sane
1309 1169 1603 1233 posteaquam
1628 1183 1680 1215 tu
1707 1167 1862 1227 divina
1883 1168 2068 1215 favente
2093 1166 2412 1230 benignitate,
2447 1137 2547 1224 &sii

385 1237 575 1297 propria
598 1236 795 1294 virtute,
833 1236 881 1282 St
902 1236 1232 1282 Corneliorum
1254 1247 1443 1281 tuorum
1469 1232 1706 1296 splendore
1733 1250 1785 1280 ac
1807 1232 2085 1291 foelicitate‚
2108 1231 2163 1278 ad
2184 1230 2500 1286 Cardinalatus
2520 1230 2547 1280 iil

388 1299 623 1363 fastigium
660 1300 904 1363 pervenisti
929 1335 944 1360 ,
988 1300 1044 1347 ab
1076 1299 1379 1365 amplitudine
1409 1308 1488 1346 tua
1526 1300 1703 1362 magnis
1739 1297 1992 1345 honoribus
2021 1297 2070 1345 &
2100 1297 2267 1360 opibus
2291 1291 2497 1363 honest&
2528 1290 2547 1315 ‘

390 1376 492 1422 tus,
528 1381 635 1411 cum
673 1367 783 1412 meis
813 1366 1029 1412 omnibus
1050 1366 1113 1412 ita
1133 1367 1307 1429 semper
1326 1365 1452 1423 vixi,
1488 1377 1541 1411 ut
1567 1380 1639 1410 me
1658 1362 1801 1409 indies
1824 1364 1969 1426 magis
1991 1379 2043 1410 ac
2066 1363 2210 1426 magis
2235 1360 2321 1408 tibi
2342 1360 2504 1413 devin-;
2523 1348 2544 1416 ⁴³³,

389 1428 517 1476 &um
537 1463 551 1488 ,
590 1429 638 1477 δε
673 1443 863 1477 tuorum
899 1432 946 1477 in
981 1446 1055 1477 me
1080 1430 1344 1477 officiorum
1368 1445 1587 1493 perquam
1613 1443 1868 1475 memorem
1893 1430 2066 1491 semper
2091 1424 2412 1490 agnoscerem:
2446 1401 2547 1503 utqi-

391 1510 488 1540 non
524 1495 755 1543 immerito
790 1496 1001 1560 cuiquam
1026 1497 1196 1543 mirum
1224 1495 1465 1553 videatur,
1502 1494 1533 1541 fi
1559 1494 1626 1541 tui
1648 1493 1744 1540 sum
1771 1494 1834 1539 ita
1856 1491 2103 1551 studiosus,
2141 1493 2206 1538 ita
2225 1491 2406 1550 cultor,
2438 1491 2545 1546 itan-r

389 1558 623 1618 addietus,
658 1573 710 1607 ut
750 1576 805 1607 ne
838 1561 1024 1624 quidem
1058 1574 1234 1621 morte,
1271 1559 1557 1607 observantia
1580 1560 1628 1606 in
1651 1572 1699 1606 te
1720 1574 1820 1605 mea
1841 1570 2008 1622 coepta
2031 1560 2119 1622 jam
2143 1556 2315 1603 multos
2336 1549 2547 1623 annosffl'·

394 1624 527 1670 avelli
567 1624 718 1687 poffit.
786 1626 900 1672 Huc
936 1627 1072 1673 etiam
1101 1627 1280 1673 accedit
1306 1638 1385 1672 tua
1404 1625 1485 1671 ista
1507 1625 1654 1690 gratia
1673 1658 1689 1683 ,
1724 1624 1819 1671 vita
1833 1622 2069 1688 jucunda,
2103 1623 2228 1669 mitis
2248 1620 2535 1682 auste1·itas',{„'

394 1689 583 1737 blandus
609 1691 748 1736 animi
775 1691 938 1754 vigor,
975 1691 1153 1754 placida
1179 1691 1461 1749 constantia,
1495 1690 1642 1737 senilis
1662 1690 1709 1736 in
1734 1692 1897 1750 juvene
1920 1687 2189 1751 prudentia,
2223 1702 2337 1749 quae
2358 1697 2505 1732 caete⁴

393 1770 544 1800 rarum
577 1756 805 1801 virtutum
840 1755 933 1802 dux
968 1756 1059 1814 est,
1094 1768 1148 1803 ut
1182 1757 1333 1820 inquit
1355 1756 1488 1802 Plato
1525 1754 1646 1817 (fine
1680 1770 1767 1817 qua
1792 1754 2004 1800 Socrates
2039 1752 2181 1798 nullas
2204 1753 2397 1797 virtutes
2420 1747 2528 1807 effe.

392 1819 705 1875 existimabat)
739 1820 939 1883 aliaeque
963 1820 1197 1868 dodstrinae
1219 1822 1266 1867 ὅ(
1291 1822 1523 1869 virtutum
1548 1833 1730 1867 tuarum
1755 1818 1885 1865 dotes
1909 1818 2230 1882 peregregiae,
2265 1816 2430 1879 quovis
2453 1813 2506 1862 il-

394 1884 522 1930 lustri
545 1886 770 1949 'Principe
791 1884 1103 1949 digniffimae,
1139 1887 1305 1950 quibus
1326 1903 1422 1933 non
1445 1884 1471 1931 a
1495 1901 1569 1931 me
1595 1884 1739 1931 solum
1754 1917 1770 1943 ,
1804 1883 1877 1929 sed
1900 1883 1955 1929 ab
1982 1883 2196 1939 omnibus
2217 1896 2402 1945 quoque
2423 1879 2506 1928 obv

394 1949 610 2009 servaris,
647 1950 837 2008 coleriS,
873 1950 923 1998 &
955 1953 1139 2013 amaris:
1175 1952 1398 2016 vigetque
1420 1952 1467 1998 in
1492 1963 1539 1997 te
1563 1949 1851 2014 potiffimum
1876 1949 2150 2011 Scipionum
2174 1959 2365 1993 tuorum
2392 1945 2440 1992 &3
2462 1960 2514 1992 a·-

394 2013 492 2062 vita
526 2030 579 2060 ac
613 2029 797 2078 paterna
828 2015 904 2062 illa
926 2017 1070 2064 virtus
1096 2016 1406 2076 liberalitatis,
1441 2032 1554 2080 quae
1587 2029 1967 2077 unumquemque
1991 2013 2257 2075 Principem
2289 2010 2525 2059 illustrem¹

397 2078 446 2125 &
479 2080 787 2127 immortalem
821 2079 996 2143 semper
1029 2081 1243 2129 reddidit.
1286 2098 1339 2128 ac
1370 2082 1441 2128 uti
1475 2081 1586 2144 lapis
1609 2114 1624 2140 ,
1673 2095 1811 2144 quem
1847 2091 2110 2143 magnetem
2144 2075 2388 2138 Euripides
2425 2077 2508 2121 no'-

397 2142 592 2195 minavit
615 2179 631 2205 ‚
681 2145 893 2191 nonnulli
928 2147 1201 2194 Heracleam
1237 2160 1412 2195 vocant
1439 2181 1454 2205 ,
1500 2148 1578 2209 qui
1613 2161 1707 2192 non
1740 2144 1887 2191 solum
1938 2150 2014 2203 (ut
2045 2143 2109 2188 ait
2132 2140 2295 2193 Plato)
2342 2140 2510 2187 ferreos

397 2207 588 2254 annulos
621 2209 762 2257 trahit
788 2243 803 2268 ,
847 2209 919 2256 sed
949 2213 1040 2257 vim
1073 2213 1211 2258 etiam
1244 2212 1420 2258 annulis
1456 2210 1562 2274 ipfis
1596 2209 1801 2256 infundit
1830 2226 1839 2254 z
1883 2207 1948 2254 ita
1979 2222 2029 2252 ea
2060 2220 2246 2270 quoque
2278 2205 2326 2251 in
2353 2218 2398 2251 te
2420 2205 2510 2252 vir-

399 2284 472 2318 tus
504 2272 559 2318 ad
595 2271 638 2318 se
667 2273 842 2319 animos
875 2275 1117 2323 hominum
1154 2277 1299 2323 allicit
1321 2311 1337 2336 ,
1382 2275 1561 2338 tibique
1595 2274 1829 2320 conciliat.
1896 2271 2011 2330 Qio
2047 2270 2133 2330 fit,
2169 2283 2222 2317 ut
2254 2270 2354 2328 his,
2390 2268 2508 2316 mul·

399 2337 550 2400 tisque
574 2337 670 2384 aliis
705 2339 953 2386 virtutibus
986 2341 1108 2405 apud
1141 2358 1300 2388 omnes
1330 2343 1376 2386 in
1399 2342 1619 2387 Romana
1650 2339 1777 2384 curia
1809 2336 1895 2383 tibi
1926 2335 2122 2400 gloriam
2157 2334 2508 2398 sempiternam,
2541 2334 2545 2386 l

399 2400 857 2466 benevolentiamque
901 2406 1090 2451 minime
1136 2404 1788 2470 vulgarem‘comparaveriS,
1837 2401 1887 2449 &
1923 2401 2006 2448 hac
2049 2400 2104 2447 ad
2144 2415 2374 2447 aeternam
2409 2389 2545 2464 glo-tl

402 2467 515 2513 riam
545 2468 616 2514 via
649 2468 913 2525 contendas.
984 2470 1073 2516 Sed
1109 2475 1188 2530 (ut
1220 2471 1273 2517 ad
1303 2470 1350 2516 id
1382 2471 1558 2516 redeam
1583 2502 1597 2527 ,
1633 2468 1752 2514 unde
1783 2467 1943 2532 coepit
1976 2467 2158 2525 oratio,
2193 2465 2242 2512 &
2275 2466 2517 2514 observan·.
2544 2464 2545 2498 l

401 2532 493 2578 tiae
528 2548 578 2578 ac
622 2533 918 2596 gratitudinis
953 2548 1076 2580 meae
1120 2535 1168 2580 in
1202 2548 1248 2580 te
1284 2536 1452 2598 pignus
1495 2534 1683 2597 aliquod
1727 2531 1981 2589 elucescat)
2031 2548 2128 2579 non
2162 2530 2302 2577 Indos
2337 2528 2514 2594 lapillos
2544 2544 2547 2569 ÷

403 2594 548 2642 affero
573 2630 588 2655 ,
635 2613 729 2644 non
757 2597 1054 2660 chrysendeta
1079 2632 1094 2657 ,
1140 2615 1234 2645 non
1266 2599 1391 2662 figna
1414 2633 1430 2659 ,
1474 2615 1568 2646 non
1604 2597 1777 2644 tabulas
1809 2597 1950 2670 pietas
1970 2631 1986 2657 ,
2033 2613 2129 2643 non
2161 2596 2311 2643 eboris
2349 2595 2514 2654 strues,
2545 2587 2547 2636 l

401 2676 496 2707 non
521 2662 689 2724 piperis
715 2662 897 2720 meffcs,
933 2678 1029 2709 non
1052 2666 1336 2711 cinnamomi
1362 2680 1561 2723 merces,
1595 2680 1691 2709 non
1716 2661 1822 2709 ferri
1848 2662 2185 2725 temperacula,
2220 2677 2316 2708 non
2337 2658 2513 2724 argenti
2545 2675 2547 2691 ¹

403 2726 586 2772 metalla
602 2761 618 2786 ,
634 2743 730 2773 non
754 2728 848 2774 auri
875 2727 1078 2787 fluenta,
1103 2745 1198 2776 non
1222 2730 1443 2794 quicquid
1466 2729 1662 2791 denique
1689 2727 1820 2774 India
1842 2741 1919 2774 aut
1935 2728 2148 2791 Ganges,
2164 2742 2283 2772 unus
2307 2723 2521 2774 omnium*
2544 2743 2547 2759 ³

403 2792 607 2838 amnium
631 2791 856 2839 maximus
872 2826 887 2851 ,
923 2809 1003 2855 per
1026 2793 1220 2841 flumina
1243 2808 1431 2842 centum
1458 2795 1505 2841 in
1529 2810 1651 2840 mare
1673 2792 1889 2839 devehit:
1926 2809 2020 2839 non
2046 2806 2221 2839 caetera
2254 2787 2516 2853 hujusmodi*

404 2856 617 2903 fortunae
646 2856 768 2904 bona
801 2858 931 2905 brevi
964 2859 1231 2919 interitura,
1265 2876 1380 2924 quae
1414 2860 1579 2924 vulgus
1609 2857 1884 2917 admiratur,
1918 2856 2120 2920 falsoque
2154 2858 2202 2903 in
2235 2858 2351 2902 veris
2382 2852 2516 2918 bonis

404 2934 700 2968 annumerat:
737 2921 808 2968 sed
842 2924 1015 2986 ingenii
1053 2938 1382 2985 monumenta,
1417 2941 1531 2988 quae
1565 2924 1688 2971 nulla
1720 2924 1767 2969 vi
1803 2937 1884 2970 aut
1917 2922 2041 2969 senio
2077 2920 2430 2979 convelluntur,
2463 2931 2518 2966 ao

405 2985 736 3032 obliterantur:
774 2985 867 3032 hoc
890 2986 982 3044 est,
1019 2991 1353 3038 commentaria
1379 2989 1528 3036 nostra
1554 2991 1600 3035 in
1615 2989 1846 3036 Ovidium
1875 2987 1930 3034 de
1952 2989 2110 3034 Ponto
2134 3002 2281 3048 nuper
2305 2984 2358 3031 ad
2382 2999 2514 3031 coro-

405 3049 557 3096 nidem
584 3049 631 3095 ὃς
659 3051 932 3097 umbilicum
970 3052 1177 3101 deduem
1246 3054 1655 3114 Qemadmodum
1688 3055 1810 3100 enim
1845 3051 2152 3115 superioribus
2186 3052 2342 3109 annis,
2376 3061 2525 3113 quum-v

407 3114 615 3160 nondum
654 3115 760 3161 esses
792 3115 839 3160 in
873 3115 965 3162 hoc
995 3118 1127 3178 albo,
1161 3119 1234 3166 sed
1261 3120 1411 3166 adhuc
1438 3136 1511 3166 me
1547 3120 1665 3166 duce
1690 3119 1738 3165 ὃς
1761 3119 1949 3182 praevio
1975 3118 2021 3161 in
2046 3115 2202 3161 studiis
2234 3112 2518 3178 eloquentiae

407 3179 624 3238 utereris,
659 3192 742 3228 tuo
767 3181 944 3228 nomini
970 3183 1148 3248 vigilias
1180 3184 1352 3233 nostras
1386 3185 1432 3233 in
1458 3185 1688 3234 Ovidium
1723 3184 1780 3232 de
1802 3180 2035 3232 Tristibus
2064 3180 2346 3229 dicavimus:
2382 3182 2444 3226 ita
2473 3178 2520 3224 in

422 3265 425 3267 ·
2391 3257 2516 3308 prae·

2534 1813 2538 1874 Ι

2532 2096 2547 2215 l

2539 2217 2544 2328 l
