2547 3708
816 182 840 238 1
988 181 1034 238 B

1183 180 1204 237 Ι
1350 182 1401 237 S.

2083 205 2180 249 127

346 293 465 348 Sive
492 290 636 345 idem
662 286 812 342 fimili
839 286 991 359 pinus
1015 301 1179 357 quem
1204 298 1378 339 morte
1410 284 1662 354 peremit:

211 384 316 436 510

62 574 173 615 dens,
200 577 416 609 venatorem
438 567 684 606 dormientem
703 565 872 614 perimit,
901 571 939 620 ut
959 561 1086 601 iisdem

62 621 336 674 propemodum
354 620 469 658 verbis
482 647 491 661 ,
519 618 578 656 secl
590 618 741 654 Graecis
759 625 984 670 ,memoriae
1006 625 1090 661 pro-

63 675 154 713 didit
181 672 369 710 Diodorus
401 670 538 708 Siculus
565 668 625 704 lib.
649 678 702 704 ιν.
728 677 805 712 cap.
827 677 861 702 2..
890 664 1087 721 Bibliothe7

63 736 139 763 cae.
197 723 313 773 ldque
339 723 415 768 jam
449 720 586 757 viderat
622 725 726 754 vetus
768 716 978 762 Interpres,
1026 726 1088 763 qui

64 775 232 814 Thoanti
266 784 404 810 nomen
434 770 483 808 illi
522 765 623 805 fuiffe
653 767 774 804 refert.
827 767 928 802 Hinc
961 774 1084 819 autem

63 824 295 863 venatoribus
323 823 435 860 moris
461 816 564 856 fuisse
591 817 809 866 conjicimus
834 844 844 859 ‚
882 823 921 853 ut
942 815 1086 870 Dianae

62 886 203 925 partem
225 874 379 924 praedae
399 871 656 919 pollicerentur
675 895 686 912 ,
714 879 754 904 ac
767 866 866 904 finita
885 874 1086 903 venatlone

61 935 194 974 caput,
221 934 282 962 aut
298 923 444 961 exuvias
464 919 650 957 arboribus
680 917 953 966 appenderent,
982 916 1084 973 velut

62 978 235 1015 testantur
255 972 471 1020 ,Xenophon
497 972 534 1007 ὃ(
564 970 736 1007 Arrianus
764 969 799 1005 in
831 970 1082 1016 Cynegetieis,

63 1027 104 1064 &
132 1025 376 1073 Aristophanis
405 1020 613 1059 Scholiastes
642 1021 679 1057 in
713 1018 818 1056 Pluto
858 1018 911 1055 his
944 1018 1081 1056 verbis:

60 1073 153 1121 E‘Bog
171 1075 206 1120 ἦν
236 1078 315 1117 τοῦς
343 1074 512 1118 Θηρῶντας
541 1072 619 1105 τινὰ
654 1069 766 1115 ἄγραν
789 1096 798 1112 ,
837 1072 936 1116 μέρος
967 1069 1084 1106 φιτ-οῦ

60 1128 260 1175 θηρωμένου,
274 1126 435 1171 κεφαλὴν
448 1151 458 1166 ,
487 1121 612 1162 ⁴23⁷&ssoe
622 1120 814 1165 προσηλοῦν
828 1118 1004 1166 πασσάλῳ
1021 1120 1086 1156 ἐπὶ

61 1179 201 1224 δένδρου
220 1178 269 1218 εἷς
281 1177 393 1216 ἀυτὴν
407 1177 468 1214 τήν
483 1172 569 1219 ὕλην
580 1173 661 1215 πρὸς
674 1174 777 1216 τιμὴν
789 1172 852 1214 τῆς
867 1170 1085 1215 Α’ρτέμιδσς,

60 1228 276 1278 Consuetudo
283 1227 359 1273 fuit
373 1223 593 1261 venatoribus
609 1231 744 1270 partem
760 1222 906 1270 praedae
918 1248 928 1265 ,
952 1222 1008 1257 vel
1027 1236 1084 1258 ca-

55 1289 120 1330 put
133 1280 192 1315 vel
202 1278 319 1328 pedem
339 1276 487 1324 ,affigere
505 1273 605 1310 clavo
619 1273 655 1309 in
667 1273 820 1323 quadam
834 1272 950 1309 arbore
960 1271 998 1307 in
1020 1272 1085 1309 hac

57 1331 129 1380 ipsa
155 1331 262 1378 sylva
297 1328 334 1364 in
365 1328 523 1363 honorem
562 1324 712 1360 Dianae.
781 1323 884 1361 Hinc
911 1322 1085 1371 Virgilius

57 1379 193 1429 Ecloga
221 1391 252 1425 7.

109 1445 208 1496 Setofi
229 1455 330 1496 caput
349 1446 408 1483 hoc
429 1444 502 1493 apri
523 1443 589 1491 tibi?
606 1442 708 1479 Delia
725 1450 869 1499 parvus·

109 1502 155 1534 Et
174 1504 306 1544 ramosa
329 1504 451 1546 Mycon
472 1495 610 1532 vivacis
630 1506 755 1530 cornua
777 1506 880 1530 cerve-

62 1547 260 1588 samen.

110 1608 194 1657 508.
216 1606 536 1658 Orasupersaevi.]
566 1606 761 1644 Rec‘tiusin
775 1603 1086 1652 aliisimpreffis&

56 1660 164 1699 Maff.
187 1661 445 1711 Orasuperfixi.
467 1660 636 1696 Crob-AN.
924 1705 931 1711 .
1057 1706 1064 1712 ·

108 1722 193 1759 509.
219 1718 339 1762 Atque
349 1709 634 1760 idemfimilicffc.
646 1713 794 1744 Venator
806 1704 987 1753 Phrygta.]
1001 1705 1082 1743 Aris

53 1760 92 1799 in
116 1762 350 1811 Berecyntho
370 1770 523 1804 monte,
550 1759 610 1797 ubi
626 1758 783 1807 Cybeles
804 1757 897 1793 sacra
920 1755 1074 1812 fiebant,

52 1822 140 1850 cum
176 1822 366 1851 venaretur
390 1841 400 1857 ‚
439 1809 642 1851 laffitudine
664 1805 848 1857 oppreffus
863 1835 872 1851 ‚
909 1806 971 1844 sub
986 1818 1074 1855 pinu

53 1861 225 1900 somnum
255 1865 397 1912 capiens
417 1891 428 1908 ‚
465 1862 564 1910 pinei
602 1861 706 1909 pomi
735 1858 993 1914 casu-obrutus
1014 1857 1073 1895 est.

54 1910 294 1951 lauimus.
323 1915 375 1953 lta
393 1913 543 1963 quidem
565 1911 728 1959 plerique
749 1908 895 1946 codices
915 1909 1074 1952 habent,

55 1973 141 2000 cum
162 1971 285 2001 tamen
307 1976 445 2002 nomen
464 1963 637 2011 Phrygia,
666 1961 739 1997 live
751 1959 989 1996 nominativo
1001 1957 1074 1995 sive

52 2011 212 2050 ablativo
232 2014 310 2050 casu
333 2014 512 2056 donatur,
539 2011 673 2049 merito
692 2008 894 2056 susped'tum
913 2006 983 2045 effe
1012 2008 1075 2066 de·

52 2061 171 2103 bebat.
222 2065 320 2100 Nam
344 2064 368 2100 fi
391 2063 434 2099 de
453 2070 628 2099 venatore
650 2060 809 2106 Phrygio
837 2059 960 2105 aliquo
981 2068 1078 2098 aca-

50 2113 249 2161 piendum,
276 2113 470 2161 legendum
485 2111 676 2159 Phrygius,
704 2109 763 2146 vel
774 2107 942 2156 Phrygiae
962 2116 1075 2153 certe,

52 2163 180 2202 fuerat.
205 2164 407 2209 Exponunt
422 2172 545 2199 autem
567 2167 882 2198 commentatores
901 2159 997 2195 hunc
1018 2158 1076 2195 lo·

52 2225 135 2251 cum
159 2214 204 2251 de
228 2216 315 2261 Aty.
343 2213 444 2261 quod
475 2212 498 2248 si
525 2222 610 2248 vere
634 2210 700 2252 fit,
728 2208 772 2245 de
786 2208 1004 2256 alio,quam
1029 2209 1075 2245 de

52 2275 99 2301 eo
119 2266 181 2313 qui
204 2263 222 2300 a
245 2264 385 2312 Cybele
408 2271 546 2299 amatus
569 2261 637 2298 fuit
660 2287 670 2303 ,
707 2258 986 2305 intelligendum
1022 2258 1076 2294 vi-

53 2313 165 2351 detur.
219 2315 324 2352 illum
346 2314 494 2352 enim&
509 2310 684 2349 Nicandri
701 2311 874 2355 interpres
890 2336 911 2364 ,‘
927 2308 965 2345 ὅ(
985 2308 1077 2364 Pau-

52 2364 124 2402 san.
148 2366 182 2402 in
212 2366 380 2402 Achaicis
401 2393 410 2407 ,
447 2365 491 2400 ab
519 2373 607 2410 apro
637 2358 840 2408 percussum
865 2386 876 2403 ,
904 2357 1075 2414 interiisse

57 2415 206 2453 tradunt.
258 2416 446 2453 Diodorus
476 2422 599 2450 autem
625 2412 733 2448 etiam
754 2408 848 2457 jussu
869 2417 976 2464 patris
999 2409 1075 2457 Cy-

55 2463 290 2515 beles‚quam
310 2460 846 2513 ipseimpraegnarat,occisum
861 2460 960 2496 dicit.
1004 2459 1074 2496 Ita-

55 2525 125 2562 que
145 2517 180 2553 &
205 2518 263 2555 hic
285 2517 436 2564 amplius
461 2513 725 2564 quaerendum.
759 2511 859 2567 ⁸Fuit
886 2510 1074 2565 autemh&

53 2565 138 2604 alius
158 2568 249 2616 Atys
274 2596 283 2611 ‚
318 2566 444 2604 Croesi
472 2565 585 2607 filius,
612 2565 676 2612 qui
699 2564 734 2598 &
757 2561 827 2610 ipse
847 2573 882 2598 in
907 2568 1073 2597 venatio-

52 2626 100 2653 ne
143 2619 215 2664 apri
249 2618 373 2666 periit,
401 2617 459 2654 sed
490 2615 534 2652 ab
558 2614 711 2652 Adrasto
740 2612 882 2649 comite
901 2638 910 2655 ,
935 2622 999 2658 per
1020 2622 1076 2647 er-

51 2677 170 2703 rorem
185 2695 195 2710 ‚
224 2669 308 2706 dum
322 2679 448 2716 aprum
461 2667 549 2714 petit
565 2695 574 2709 ,
600 2664 696 2702 hasta
717 2661 915 2700 transfixus.
943 2661 1074 2709 dequo

54 2715 197 2753 Herod.
214 2718 307 2756 lib.1.
326 2719 392 2755 Sed
404 2719 476 2755 hoc
489 2717 575 2754 nihil
587 2715 630 2752 ad
644 2726 719 2752 rem
733 2713 968 2761 praesentem.
998 2712 1075 2749 Mr-

56 2777 167 2802 cnr..
195 2767 282 2805 Non
296 2769 461 2812 dubium,
475 2767 673 2815 quin¹Attis
688 2762 1047 2812 CalaiPhrygisfilius
1061 2789 1071 2806 ,

56 2814 75 2852 a
98 2815 333 2864 Berecynthia
354 2818 433 2855 Dea
455 2819 528 2855 five
547 2817 686 2866 Cybele
707 2816 915 2856 adamatus,
942 2814 1075 2851 intelli·

54 2866 90 2913 gi
109 2866 262 2910 debeat,
292 2878 374 2904 nam
393 2869 431 2905 δε
458 2868 557 2905 illum
576 2868 620 2904 ab
638 2877 726 2914 apro
752 2866 967 2912 discerptum
991 2864 1072 2901 scri-

56 2917 144 2954 bunt
167 2916 428 2954 Hermefianax
440 2917 637 2964 Elegorum
652 2918 825 2964 Scriptor.
884 2915 1073 2952 Pausanias

57 2966 94 3004 in
108 2967 275 3005 Achaicis
288 2996 296 3012 ‚
327 2966 501 3004 Nicandri
514 2966 722 3004 Scholiastes
733 2968 841 3004 initio
859 2966 1074 3010 Alexiphar—

58 3027 204 3056 macon.
257 3019 397 3056 Verum
423 3017 520 3065 prior
540 3016 658 3053 versus
679 3019 835 3054 omnino
859 3019 1076 3064 depravatus

61 3067 118 3105 est.
169 3070 264 3116 Quis
292 3070 392 3106 enim
424 3066 539 3105 sensus
569 3066 650 3103 elici
669 3066 782 3112 potest
801 3079 844 3105 ex
866 3069 919 3105 his
938 3067 1076 3103 verbis:

63 3116 170 3155 Simili
182 3121 280 3168 pinus
308 3132 408 3170 quem
432 3129 539 3155 morte
558 3115 709 3166 peremit.
760 3116 878 3156 Vetus
898 3118 1078 3164 interpres

63 3166 133 3211 ait,
160 3171 261 3207 Attin
278 3172 314 3207 in
336 3169 568 3218 Berecyntho
593 3175 723 3204 monte
753 3165 770 3202 a
797 3169 994 3204 venatione
1016 3167 1078 3203 las-

64 3214 139 3253 sum
163 3218 420 3258 obdormivisse
440 3248 450 3264 ,
480 3228 589 3267 atque
611 3215 746 3254 arboris
773 3215 867 3253 illius
884 3218 1004 3264 pomis
1026 3218 1081 3254 in-

66 3265 206 3320 teriiffe.
256 3271 443 3320 Ineptias:
467 3270 528 3308 An
558 3267 785 3308 scribendum
808 3278 851 3305 ex
872 3266 1082 3316 conjeuura

424 362 607 435 Phryx
633 362 685 415 &
714 374 935 415 venator
959 360 1019 414 sis
1043 357 1510 428 BerecynthiadeS.

2119 435 2173 495 Si

1146 559 1279 598 Sanc‘iii
1295 587 1305 603 ‚
1336 565 1458 609 Atque
1480 559 1573 599 idem
1587 559 1697 609 fimili
1715 560 1823 598 vivus
1843 573 1942 611 quem
1965 570 2072 599 morte
2083 571 2178 612 pere-

1145 612 1223 648 mit.
1278 612 1330 649 Ut
1351 614 1392 649 τὸ
1415 614 1522 648 vivus
1545 620 1754 660 opponatur
1773 612 1946 649 exanimis
1966 640 1976 656 ,
2005 615 2108 663 quod
2127 612 2176 650 est

1145 662 1183 699 in
1206 664 1327 708 priore
1349 662 1515 700 disticho.
1569 664 1629 700 An
1645 674 1710 711 pro
1727 663 1871 711 peremit
1890 663 2148 712 corrigendum
2163 692 2174 709 ,

1147 712 1305 749 redemit.
1358 714 1454 749 Attis
1477 712 1577 750 enim
1608 714 1644 750 in
1674 714 1840 750 arborem
1867 715 1994 761 pinum
2015 725 2176 752 conver-

1143 761 1199 800 sus
1211 761 1368 849 ¹lingitur
1398 763 1442 800 ab
1472 764 1614 801 Ovidio
1641 763 1702 802 lib.
1725 776 1807 802 102.
1834 765 2092 814 Metamorph.
2120 765 2174 804 his

1144 812 1326 850 veribus:

1195 884 1243 917 Et
1257 880 1433 929 succinffa
1452 895 1564 919 comas
1585 882 1790 931 hirsutaque
1810 884 1938 922 vertice
1950 885 2076 930 pinus,

1192 935 1311 968 Grata
1336 931 1446 968 Deam
1470 935 1603 976 matri,
1625 933 1797 982 siquidem
1821 935 1996 983 Cybeleius
2020 935 2121 974 Attis

1189 982 1300 1018 Exuit
1319 982 1384 1019 hac
1403 983 1577 1021 hominem
1594 1012 1604 1029 ‚
1618 994 1805 1034 truncoque
1824 986 1982 1024 induruit
1999 985 2071 1025 illo.

1141 1051 1256 1098 Quasi
1284 1052 1424 1090 dicatur
1451 1055 1556 1101 pinus
1597 1053 1715 1092 Attim
1749 1053 1938 1093 redemiffe
1974 1054 1993 1092 a
2027 1059 2175 1102 morte}

1140 1103 1204 1150 qui
1232 1102 1420 1151 hodieque
1451 1106 1551 1142 vivat
1580 1106 1614 1141 in
1642 1116 1683 1142 ea
1714 1106 1853 1143 arbore.
1906 1105 2046 1154 Frigida
2075 1115 2172 1145 certe

1140 1153 1284 1198 omnia,
1307 1162 1344 1190 ut
1361 1155 1520 1201 ingenue
1534 1155 1667 1198 fatear,
1696 1154 1892 1202 suspectum
1909 1155 1995 1193 ideo
2015 1157 2106 1194 mihi
2126 1158 2173 1195 de

1139 1200 1258 1248 spurio
1277 1204 1468 1242 distichon.
1519 1206 1720 1243 Samen.
1746 1206 1835 1243 Non
1850 1207 2013 1245 constant
2032 1207 2096 1246 fibi
2109 1219 2173 1254 cof

1141 1251 1250 1290 dices.
1278 1254 1464 1303 plerique:

1190 1305 1332 1351 Frigida
1348 1315 1495 1346 venatos
1507 1304 1556 1354 fis
1576 1305 1864 1355 Berecynthiades
1877 1335 1886 1351 ,

1143 1353 1215 1391 Vel
1238 1355 1351 1403 Frigia
1372 1384 1382 1400 ,
1420 1357 1479 1394 vel
1508 1357 1639 1394 Frixia.
1675 1360 1793 1402 forte,
1822 1357 1944 1407 Phryx
1964 1367 2004 1395 tu
2024 1367 2175 1396 venator

1141 1403 1182 1450 fis
1209 1406 1491 1454 Bercymhiades.
1547 1408 1645 1444 Nam
1679 1409 1891 1456 interpretes
1910 1409 1955 1446 ad
1976 1409 2081 1446 Attin
2105 1409 2174 1447 Be-

1144 1457 1356 1503 reynthium
1380 1469 1400 1494 a
1423 1456 1562 1506 Cybele
1584 1467 1747 1495 amatum
1780 1459 1964 1503 referunt,
1993 1470 2104 1508 quem
2127 1461 2171 1498 ab

1142 1516 1230 1553 apro
1252 1507 1412 1545 occisum
1437 1508 1703 1546 Hermesianax
1721 1508 1854 1557 aliique
1868 1509 2091 1547 adseverent.
2115 1511 2173 1547 vi-

1141 1556 1186 1592 de
1200 1565 1329 1594 tamen
1346 1586 1356 1602 ,
1376 1569 1421 1595 ne
1434 1557 1533 1595 Naso
1552 1559 1772 1596 intellexerit
1791 1560 1836 1596 de
1858 1560 1933 1608 Aty
1952 1559 2027 1596 filio
2041 1558 2170 1598 Croefi

1142 1606 1337 1655 Lydorum
1358 1610 1449 1656 regis
1464 1636 1473 1652 ‚
1507 1620 1618 1657 quem
1651 1608 1820 1646 Adrastus
1838 1610 1964 1647 Midae
1985 1609 2075 1648 filius
2098 1612 2170 1648 im-

1141 1657 1298 1704 prudens
1315 1659 1408 1696 inter
1430 1660 1665 1704 venandum,
1694 1659 1783 1698 dum
1804 1671 1931 1707 aprum
1954 1660 2171 1705 insectatur,

1135 1708 1261 1755 jaculo
1278 1709 1460 1747 confodit.
1512 1710 1702 1748 Diodorus
1732 1709 1870 1748 Siculus
1899 1712 1936 1748 in
1981 1711 2170 1758 Excerptis

1140 1758 1338 1798 Valefianis
1366 1771 1399 1808 p.
1426 1770 1512 1809 239.
1540 1758 1619 1798 Ο“’τι
1644 1760 1812 1804 Α’δραςὸς
1834 1762 1892 1803 τῖς
1904 1760 2002 1808 φρῦξ
2025 1762 2086 1797 ’τὸν
2105 1760 2169 1797 τοῦ

1129 1808 1306 1854 βασιλέως
1337 1811 1481 1854 Κρόισου
1527 1812 1589 1847 τοῦ
1622 1811 1754 1848 Λυδίου
1793 1809 1859 1848 ὑιὸν
1889 1811 1976 1856 πρὸς
2000 1812 2169 1857 κυνηγίαν

1128 1861 1316 1902 ἀκουσίως,
1347 1859 1610 1909 §genava-iffae,
1637 1863 1844 1906 κατὰσυῦς,
1873 1859 2166 1906 Ντυνκκλσύμε-

1130 1923 1202 1955 νον,
1228 1910 1374 1958 πλήξαις
1392 1914 1592 1951 ἀπέκτεινε.
1644 1913 1698 1950 Ut
1718 1911 1944 1951 scribendum
1977 1912 2164 1952 videatur:

1182 1974 1305 2024 Phryx
1332 1988 1481 2014 venator
1494 1982 1608 2026 Atyn
1631 1987 1670 2013 ut
1691 1978 1964 2026 Bereeyntiaden.

1132 2036 1253 2085 Phryx
1272 2048 1417 2073 venator
1437 2037 1631 2082 Adrastus,
1659 2039 1721 2086 qui
1744 2039 1863 2085 postea
1893 2038 1935 2076 ad
1963 2039 2085 2086 Atyos
2105 2041 2165 2078 tu-'

1132 2088 1274 2124 mulum
1297 2088 1331 2124 se
1353 2088 1540 2125 interemit
1559 2089 1673 2136 ipsum
1691 2089 1797 2130 ‚teste
1817 2088 1952 2126 eodem
1976 2090 2165 2128 Diodoro.

1130 2137 1175 2175 ad
1191 2149 1272 2175 eam
1299 2146 1396 2174 certe
1414 2138 1596 2175 historiam
1619 2138 1717 2175 Naso
1736 2139 1880 2176 videtur
1900 2138 2058 2176 allusisse.
2079 2151 2160 2178 rem

1131 2199 1285 2224 omnem
1308 2187 1460 2235 operose
1477 2188 1680 2235 persecutus
1701 2189 1749 2225 est
1780 2189 1994 2227 Herodotus
2020 2190 2112 2227 libro
2132 2203 2161 2229 r.

1131 2238 1410 2286 praecedentem
1431 2238 1573 2275 versum
1590 2240 1684 2276 refer
1695 2238 1738 2276 ad
1760 2239 1877 2276 casum
1891 2241 1992 2278 nucis
2006 2240 2135 2288 pineae
2147 2267 2159 2286 ,

1134 2297 1173 2325 ut
1198 2288 1296 2324 Naso
1327 2287 1473 2325 fortaffe
1505 2288 1610 2326 nobis
1638 2290 1852 2338 reliquerit:

1184 2352 1308 2396 Idaea,
1335 2361 1397 2389 aut
1416 2350 1521 2401 fimili
1535 2353 1610 2402 pius
1632 2367 1732 2404 quem
1759 2364 1868 2390 morte
1882 2354 2037 2402 peremit.

1133 2415 1195 2451 Ob
1219 2416 1353 2452 arboris
1379 2415 1477 2452 enim
1512 2417 1640 2462 pineae
1661 2418 1903 2466 frequentiam
1922 2419 2070 2467 pinifera
2094 2418 2161 2457 Ida-

1131 2467 1247 2513 poetis
1269 2465 1393 2513 paffim
1416 2465 1557 2504 dicitur,
1611 2468 1754 2504 Heius.
1793 2469 1934 2516 Aliquis
1955 2469 2020 2506 liic
2043 2481 2157 2518 quae-

1130 2517 1285 2559 rendus,
1313 2516 1375 2564 qui
1395 2516 1475 2553 casu
1496 2517 1632 2554 arboris
1658 2519 1761 2566 pinus
1780 2518 1827 2555 est
1847 2519 2009 2563 occisus,
2038 2520 2159 2557 diver·

1128 2566 1182 2603 sus
1204 2566 1246 2603 ab
1271 2569 1370 2614 Aty,
1398 2566 1442 2602 ad
1464 2578 1575 2615 quem
1599 2576 1826 2616 pentameter
1848 2570 2024 2616 pertinet:
2044 2569 2158 2616 fimili

1130 2617 1228 2653 enim
1251 2627 1357 2653 morte
1375 2616 1488 2659 dixit.
1517 2618 1598 2666 quia
1617 2646 1627 2662 ‚
1647 2619 1756 2656 utille
1784 2628 1938 2657 venator
1957 2621 2055 2668 prior
2074 2619 2155 2657 casu

1131 2667 1198 2704 suis
1218 2668 1344 2714 periit,
1373 2666 1418 2703 sic
1447 2667 1535 2704 alter
1565 2669 1698 2706 arboris
1721 2671 1820 2707 ruina
1843 2668 2038 2718 oppreffus.
2093 2669 2155 2707 De

1133 2718 1211 2766 Aty
1228 2720 1337 2755 etiam
1373 2717 1540 2764 exposuit
1571 2719 1701 2757 Alciar.
1745 2721 1884 2768 Farerg.
1911 2732 1962 2756 vr.
1987 2732 2020 2757 2.
2048 2720 2158 2757 Anti-

1128 2780 1220 2817 quus
1263 2768 1412 2816 quidam
1467 2768 1675 2806 Scholiaiies
1702 2798 1712 2814 ,
1759 2770 1859 2818 cujus
1885 2769 2068 2817 specimen
2118 2771 2158 2808 in

1128 2830 1264 2865 paucos
1293 2817 1410 2855 versus
1436 2819 1628 2856 transmisit
1652 2822 1740 2857 milii
1771 2832 1815 2857 ex
1836 2820 1967 2868 Anglia
1984 2848 1993 2863 ‚
2022 2820 2158 2868 flosju-

1130 2880 1267 2906 venum
1284 2868 1501 2906 Batavorum
1517 2869 1596 2915 J.P.
1618 2870 1782 2908 Dorville
1797 2898 1806 2914 ‚
1835 2882 1917 2907 cum
1929 2872 2004 2920 jam
2020 2871 2091 2909 huc
2103 2870 2160 2908 us-

1128 2931 1200 2968 que
1220 2919 1295 2955 fere
1316 2929 1449 2965 operae
1473 2919 1509 2956 in
1534 2919 1632 2957 lbide
1651 2921 1866 2958 excudenda
1889 2920 2156 2970 proceffiss‘ent,

1130 2978 1314 3007 memorat
1340 2969 1401 3006 hic
1441 2969 1630 3007 Archonta
1681 2972 1880 3018 quemdam
1916 2982 2155 3015 venatorem,

1132 3021 1194 3068 qui
1211 3019 1405 3057 insolenter
1426 3019 1570 3058 locutus
1599 3022 1636 3058 in
1670 3022 1853 3066 Dianam,
1881 3023 2009 3060 eadem
2035 3030 2157 3059 morte

1133 3071 1333 3118 periit‚qua
1348 3070 1490 3107 Thoas.
1516 3071 1574 3108 sed
1589 3071 1668 3120 quis
1677 3073 1873 3120 nugacibus
1885 3073 1949 3111 illis
1963 3083 2158 3110 commen-

1133 3121 1308 3158 tatoribus
1334 3119 1455 3157 credat
1480 3118 1495 3156 ?
1523 3120 1618 3158 forte
1647 3134 1789 3160 nomen
1818 3124 2003 3171 proprium
2025 3120 2156 3159 latetin

1134 3171 1223 3214 illis,
1248 3170 1319 3216 five
1338 3171 1450 3214 idem,
1477 3170 1536 3208 vel
1557 3181 1662 3222 atque
1689 3172 1780 3209 idem
1801 3173 1922 3220 fimili.
1957 3184 2023 3220 pro
2069 3180 2159 3217 pere-

1137 3222 1202 3258 mit
1222 3233 1312 3258 vero
1335 3222 1372 3257 in
1393 3232 1470 3257 uno
1493 3222 1612 3270 Regio
1636 3231 1732 3265 erat,
1758 3224 1997 3273 peregitrforte
2008 3221 2160 3262 reatus:

1137 3270 1211 3320 yid,
1230 3271 1275 3311 ad
1295 3271 1378 3322 Val,
1399 3270 1497 3313 Flac.
1517 3284 1544 3312 1.
1570 3272 1651 3320 146.
1679 3273 1811 3314 Burm-

2082 3326 2169 3374 5er
