2547 3708
245 146 306 195 32

409 214 473 282 85

731 121 792 176 P.
869 112 1286 175 OVID-II
1360 111 1897 170 NASONIS

554 214 811 269 Carmina
839 214 968 266 dum
998 212 1158 283 capiti
1185 211 1434 266 malefido
1463 209 1576 263 dira
1598 221 1890 273 canuntur,

631 286 701 340 Et
730 297 986 356 peragunt
1019 298 1192 354 partes
1217 284 1290 338 ira
1321 284 1588 353 dolorque
1614 284 1750 335 suas:

559 359 803 414 Adnuite
829 358 1022 429 optatis
1054 374 1239 411 omnes
1267 374 1334 411 ex
1361 355 1550 409 ordine
1575 353 1793 418 nostris;

634 430 705 485 Et
731 448 845 502 pars
872 430 931 483 fit
958 430 1070 483 voti
1096 432 1233 484 nulla
1258 429 1457 483 caduca
1483 427 1605 480 mei.

566 504 830 576 Quaeque
855 519 1076 573 precor,
1113 502 1268 556 fiant:
1308 515 1368 555 ut
1393 517 1500 554 non
1529 515 1645 552 mea
1675 495 1843 563 dicia,
1881 497 2077 554 sedilia

418 596 488 648 90

275 840 519 879 semihomines
539 842 550 885 ,
602 848 745 879 veteres
789 840 888 878 enim
927 838 1084 876 hemones
1134 839 1316 878 dicebant.

273 893 438 931 Eosdem
462 893 572 929 etiam
597 897 785 928 Daemones
808 892 962 934 Graeci,
995 890 1223 927 Medioximos
1244 891 1317 928 La-

272 945 340 981 tini
355 943 560 988 vocabant,
587 943 756 980 libentius
778 950 902 979 autem
916 942 1061 984 Genios;
1091 942 1319 990 quiquidem

274 1006 407 1032 omnes
428 994 548 1031 minus
569 994 702 1031 lucidae
719 993 1000 1040 splendidaeque
1024 1000 1318 1041 naturae‚quam

268 1045 323 1083 illi
346 1045 517 1082 coelestes
535 1044 637 1088 sunt,
665 1044 783 1092 inquit
806 1044 1004 1080 Martianus
1025 1043 1173 1091 Capella
1191 1044 1254 1082 lib.
1272 1057 1316 1080 11.

272 1096 357 1134 Nec
376 1105 499 1133 tamen
522 1097 568 1132 ita
597 1095 676 1132 sunt
707 1094 913 1142 corpulenti
937 1122 946 1135 ,
976 1103 1015 1130 ut
1036 1094 1234 1131 hominum
1256 1106 1315 1132 ca-

274 1147 420 1195 piantur
440 1146 583 1183 obtutu.
614 1146 760 1183 Horum
786 1155 911 1182 autem
935 1143 1091 1192 singulos
1115 1146 1315 1194 unicuique

274 1208 406 1234 earum
429 1196 655 1243 superiorum
687 1196 865 1233 deservire
897 1195 1076 1233 creditum
1104 1195 1153 1232 est
1172 1223 1183 1240 ,
1212 1205 1251 1233 ut
1271 1197 1320 1234 ibi

275 1259 431 1296 qioque
455 1244 657 1284 Martianus
687 1247 865 1284 observat.
918 1245 1028 1282 Unde
1051 1246 1229 1294 Apulejus
1255 1247 1314 1285 lib.

278 1299 320 1334 de
344 1304 510 1345 Dogmate
522 1298 698 1335 Platonis:
724 1303 936 1340 Daemones,
958 1310 1039 1345 oyztos
1059 1296 1315 1337 Geniosoe‘La-

274 1363 329 1385 res
343 1351 511 1397 postumus
534 1360 752 1391 nuncupare,
775 1349 943 1393 ministros
961 1353 1109 1383 Deorum
1132 1347 1314 1385 arbitran-

272 1409 356 1441 tur,
384 1399 592 1447 custodesque
618 1399 799 1436 hominum
825 1410 867 1438 (φ
888 1402 1108 1447 interpretes,
1128 1396 1164 1446 fi
1181 1400 1268 1449 quid
1288 1398 1314 1435 οὶ

273 1448 357 1486 Deis
379 1450 501 1485 velint.
532 1451 739 1487 Summates
763 1461 851 1487 vero
872 1461 914 1486 ac
937 1449 1121 1497 majorum
1144 1451 1312 1497 gentium

274 1500 341 1538 Dii
363 1501 507 1548 proprie
532 1500 647 1537 Selec'ffi
674 1501 909 1542 dicebantur,
937 1499 984 1537 de
1013 1500 1143 1547 quibus
1175 1501 1251 1538 fuse
1277 1503 1315 1538 &

274 1550 459 1599 eleganter
481 1551 512 1588 S.
535 1552 756 1599 Augustinus
786 1551 845 1589 lib.
863 1563 934 1588 νυ.
956 1550 1002 1586 de
1034 1551 1194 1588 Civitate
1216 1552 1314 1597 Dei,

276 1613 355 1648 cap.
382 1613 413 1645 1,
433 1611 473 1644 2,
494 1614 529 1650 3,
551 1603 636 1650 &4
666 1603 725 1640 ubi
742 1603 850 1651 jocus
880 1602 938 1639 ille
962 1601 1182 1638 Tertulliani
1204 1603 1316 1640 refer-

277 1659 360 1689 tur:
389 1652 425 1688 si
448 1654 513 1688 Dei
529 1653 722 1700 seliguntur
752 1663 791 1688 ut
812 1651 929 1698 bulbi,
957 1651 1079 1701 utique
1098 1654 1222 1690 caeteri
1245 1653 1315 1691 im—

270 1702 370 1751 probi
382 1702 605 1750 judicantur.
631 1704 831 1742 SALVAGN.

327 1767 390 1808 82.
415 1769 710 1819 Semideumqua]
740 1769 950 1820 semideique
970 1769 1106 1818 Regius
1128 1768 1228 1807 alter.

328 1831 389 1880 83.
420 1834 574 1881 Denique
591 1834 634 1869 ab
653 1833 796 1881 antiquo
819 1834 907 1870 Divi
929 1842 1122 1882 veteresque
1140 1833 1291 1883 novique
1305 1862 1316 1880 ,

277 1888 320 1919 In
343 1882 492 1930 nostrum
506 1885 618 1921 cunm
635 1894 766 1933 tempus
783 1885 889 1924 adelle
901 1882 1032 1931 Chaa]
1061 1884 1116 1919 Ex
1136 1884 1315 1923 ritul'on-

273 1932 411 1978 tuicio,
443 1935 520 1981 post
540 1934 778 1982 infigniorum
801 1935 969 1972 Deorum
993 1935 1317 1984 nomina,reliqui

278 1984 342 2021 Dii
364 1986 567 2032 generatim
588 1986 855 2022 invocabantur
869 2013 877 2026 ,
908 1994 945 2021 ut
964 1993 1067 2021 notat
1087 1985 1230 2022 Servius
1248 1987 1317 2024 ini-

278 2035 326 2070 tio
347 2040 462 2082 Georg.
484 2036 537 2072 his
569 2035 686 2072 verbis
710 2047 718 2071 ε
757 2034 830 2080 Post
853 2034 1029 2082 specialem
1061 2035 1317 2073 invocationem

282 2084 411 2129 tranfit
430 2084 477 2120 ad
491 2085 774 2132 generalitatem,
803 2098 844 2120 ne
869 2086 958 2133 quod
986 2097 1114 2120 numen
1129 2095 1322 2131 praetereat

283 2148 375 2172 more
407 2135 614 2182 Pontificum
639 2163 649 2179 ,
680 2144 738 2182 per
765 2147 846 2183 quos
868 2135 941 2169 rim
969 2135 1078 2168 veteri
1106 2135 1143 2168 in
1163 2136 1322 2170 omnibus

273 2186 462 2234 sacrispost
477 2184 629 2234 speciales
644 2191 727 2221 Deos
743 2213 752 2228 ,
764 2198 844 2232 quos
865 2184 912 2219 ad
929 2183 1038 2231 issum
1054 2182 1195 2227 sacrum
1211 2185 1321 2230 ‚quod

279 2235 387 2282 flebat
400 2264 409 2279 ,
428 2236 543 2284 neccsffe
564 2246 638 2272 erat
659 2236 817 2272 inzocari
830 2233 1052 2283 ‚generaliter
1072 2231 1189 2269 omnia
1208 2234 1325 2272 numi*

282 2299 330 2323 na
350 2286 620 2323 invocabantur.
648 2287 848 2324 SALVAGN.

336 2340 394 2385 83.
425 2338 545 2387 Divi]
579 2338 616 2374 ln
641 2336 933 2375 Francofurtensi
957 2345 1053 2381 erat,
1084 2336 1223 2374 divum.
1252 2337 1326 2375 ele·

284 2399 436 2437 gauter,
460 2398 498 2425 ut
518 2390 614 2436 apud
629 2389 757 2426 Horat.
783 2401 809 2426 1.
843 2389 918 2425 Oti.
942 2400 974 2423 x.
1001 2400 1053 2434 ις).
1084 2389 1214 2437 superis
1237 2393 1326 2424 Deo-

285 2452 365 2475 rum
381 2448 503 2487 gratus
527 2451 569 2478 (9⁴
594 2439 685 2476 imis.
713 2439 786 2477 vid.
811 2439 855 2477 ad
883 2439 1014 2487 Vellej.
1042 2440 1177 2476 Patere.
1201 2452 1242 2475 11.
1266 2439 1327 2477 80.

283 2489 326 2526 δί
347 2492 392 2526 acl
412 2490 591 2536 Quineiil.
618 2502 644 2527 1.
673 2489 720 2527 de
751 2489 862 2527 instit.
889 2489 992 2527 Orat,
1010 2501 1046 2539 4.
1076 2491 1120 2528 de
1141 2492 1239 2528 novis
1260 2490 1327 2527 diis

285 2539 360 2577 vid.
382 2540 425 2578 ad
446 2541 553 2587 Epist.
573 2551 648 2576 xvi.
672 2551 755 2588 332.
784 2540 914 2579 Euan.

342 2590 401 2638 83.
431 2592 520 2627 Divi
540 2601 735 2639 veteresque
759 2590 948 2639 neviana]
1004 2591 1159 2631 Veteres
1183 2603 1245 2629 eos
1268 2593 1325 2629 in-

285 2640 439 2689 telligit,
468 2642 530 2690 qui
559 2642 648 2678 Divi
678 2643 818 2689 semper
846 2643 956 2679 habiti
984 2643 1086 2687 sunt,
1115 2644 1324 2692 cujusmodi

287 2693 351 2739 qui
371 2693 550 2739 Consentes
571 2694 607 2729 δε
630 2692 744 2728 Seleffffi
763 2701 961 2729 vocantur:
991 2694 1190 2731 duodecim
1214 2695 1324 2731 nimi-

288 2753 367 2778 rum
383 2770 391 2785 ,
421 2743 476 2779 sex
501 2754 616 2779 mares
638 2771 648 2786 ,
683 2743 839 2779 totidem
872 2743 1044 2781 feminae.
1083 2745 1238 2788 Novos,
1261 2745 1324 2792 qui

289 2794 551 2839 ρςῑῠέεπιέέῑσιν
571 2794 653 2830 faeti
686 2794 764 2830 sunt
789 2806 832 2830 ex
860 2794 1056 2831 hominum
1079 2806 1213 2841 genere
1234 2807 1324 2831 con-

287 2843 435 2886 secrari;
465 2856 557 2891 quos
581 2844 762 2891 indigetes
783 2845 1021 2891 appellabant.
1070 2846 1255 2893 Uriosque
1278 2846 1325 2882 sic

291 2893 420 2930 definit
446 2896 576 2931 Cicero
596 2895 655 2931 lib.
678 2893 779 2930 inde
802 2895 977 2941 Legibus:
1009 2894 1120 2930 Divos
1135 2923 1144 2938 ,
1167 2908 1208 2934 (φ
1230 2896 1324 2939 ellos,

289 2944 350 2993 qni
368 2943 508 2990 coelestes
524 2950 649 2992 semper
662 2943 774 2980 habiti
788 2973 796 2987 ‚
810 2945 943 2979 colunto
959 2973 968 2987 ,
982 2956 1024 2984 (φ
1038 2944 1132 2989 ellos,
1151 2959 1232 2994 quos
1244 2947 1328 2983 endo

291 2994 374 3031 coelo
394 2995 520 3030 merim
550 2996 752 3031 vocaverint
776 3021 786 3037 ,
816 2995 1019 3038 Herculem,
1049 2995 1231 3038 Liberum,
1261 3002 1325 3032 ΑΞ-

282 3045 501 3093 scalensium,
531 3046 701 3088 Castorem
720 3073 730 3087 ,
762 3045 952 3089 Pcllncwn,
983 3045 1190 3093 Qairinum.
1227 3047 1323 3084 Nam

289 3105 330 3132 ut
350 3097 446 3132 idem
471 3096 585 3132 scribit
607 3096 666 3132 lib.
688 3107 731 3131 ir.
759 3095 802 3131 de
829 3097 965 3132 Natura
987 3098 1155 3132 Deorum
1181 3109 1189 3133 ε
1218 3099 1327 3145 Susci-

284 3146 338 3192 pit
357 3147 437 3181 vita
458 3145 638 3182 heminam
660 3157 702 3184 &⁹
716 3146 915 3192 consuetudo
931 3147 1121 3182 communis
1135 3175 1144 3189 ‚
1169 3156 1209 3181 ut
1231 3147 1327 3184 bene-

287 3195 375 3241 ficiis
400 3197 593 3232 excellentes
631 3197 725 3232 viros
750 3223 758 3238 ‚
793 3196 832 3231 in
867 3196 993 3232 coelam
1019 3196 1129 3242 famei
1159 3196 1327 3236 tollerent.

285 3245 377 3281 ‚Hinc
406 3246 563 3284 Hercules
588 3275 600 3294 ,
629 3246 776 3295 Castu,
805 3257 846 3286 ω’
875 3246 1026 3294 Pollux,
1065 3246 1145 3285 hinc
1165 3247 1326 3299 AEscula3

634 576 909 648 Pafiphae's
939 576 1124 646 generi
1150 575 1309 629 verba
1333 572 1482 629 fuiss'e
1512 584 1680 644 putet.

2243 699 2419 772 Quas«

1368 839 1445 889 pius
1458 865 1468 882 ,
1496 836 1576 874 hinc
1587 839 1630 878 ὼ·
1642 836 1740 876 Liber
1752 853 1764 883 ;
1778 849 1847 877 nec
1867 836 2077 877 absimiliter
2089 836 2268 877 Horatius
2279 837 2340 879 lib.
2350 845 2417 887 ως

1374 890 1499 928 Carm.
1523 888 1599 926 Od.
1619 900 1651 938 3.

1427 963 1504 995 Hac
1521 968 1598 1014 arte
1618 957 1766 1005 Pollux,
1794 960 1859 998 hac
1877 975 1989 1010 vagus
2009 959 2167 999 Hercules

1479 1015 1652 1053 Innixus,
1679 1023 1771 1048 arces
1789 1012 1907 1060 attigit
1931 1014 2057 1062 igneas.

1373 1070 1421 1109 Et
1442 1073 1477 1109 hi
1500 1072 1650 1121 quidem
1671 1073 1775 1124 saepe
1794 1088 1935 1115 nornen
1964 1078 2154 1115 mutabant
2175 1106 2186 1123 ,
2216 1087 2256 1117 ut
2273 1080 2322 1118 ait
2343 1079 2420 1119 La:

1376 1122 1541 1179 &cantius
1579 1124 1689 1162 Enim
1714 1137 1802 1164 vero
1828 1128 1905 1176 Jam
1926 1129 2010 1166 inde
2032 1140 2149 1176 usque
2171 1130 2214 1167 ab
2239 1132 2414 1169 Homero

1376 1185 1506 1221 opinio
1520 1175 1588 1212 fuit
1602 1176 1698 1220 ,aliis
1716 1189 1769 1215 res
1791 1179 1975 1217 vocabulis
1998 1181 2093 1228 apud
2107 1180 2211 1218 Deos
2231 1180 2302 1219 effe
2316 1183 2415 1225 ‚aliis

1375 1224 1472 1272 apud
1489 1226 1677 1266 homines.
1706 1228 1764 1265 Sic
1787 1229 1968 1268 Romulus
1989 1230 2224 1279 posteaquam
2247 1233 2284 1269 in
2308 1233 2419 1269 Deo*

1371 1287 1453 1313 rum
1474 1289 1671 1315 numerum
1703 1279 1832 1317 relatus
1864 1281 1934 1325 est,
1965 1282 2141 1329 Quirinus
2170 1292 2318 1320 vocatus
2341 1283 2415 1326 est;

1371 1325 1441 1363 Ino
1465 1355 1474 1370 ‚
1515 1335 1632 1365 mater
1661 1329 1840 1374 Matuta;
1886 1332 2085 1369 Palaemon
2110 1360 2120 1376 ‚
2158 1333 2412 1376 Vertumnus;

1373 1377 1527 1415 Hersilia
1541 1406 1552 1423 ,
1582 1379 1671 1418 Ora.
1699 1381 1787 1418 Alio
1807 1382 1907 1419 sensu
1930 1383 1991 1420 Dii
2011 1383 2101 1419 novi
2130 1382 2299 1421 dicuntur
2317 1384 2416 1433 apud

1371 1429 1530 1466 eundem
1558 1429 1782 1469 Ciceronem
1808 1460 1819 1476 ,
1849 1433 1909 1470 lib.
1930 1434 2047 1471 modo
2068 1433 2238 1478 laudato,
2266 1435 2290 1471 ii
2311 1447 2417 1472 nem-

1371 1490 1417 1526 pe
1433 1507 1441 1522 ,
1458 1491 1552 1528 quos
1575 1481 1610 1518 in
1626 1483 1780 1520 Larariis
1800 1483 1869 1521 suis
1887 1483 1997 1533 aliqui
2020 1485 2191 1532 privatim
2225 1483 2417 1523 consecra-

1372 1529 1481 1575 bant,
1508 1533 1647 1580 quique
1674 1534 1818 1581 publice
1844 1546 1921 1572 non
1948 1535 2182 1579 colebantur,
2211 1547 2280 1573 nec
2302 1534 2322 1573 a
2347 1536 2411 1576 Sa-

1372 1581 1580 1619 cerdotibus
1593 1611 1602 1626 ‚
1617 1585 1653 1621 &
1667 1586 1803 1622 Senatu
1823 1587 1959 1634 recepti
1981 1594 2094 1623 erant.
2122 1585 2234 1625 SALV-

1425 1631 1485 1680 84.
1518 1634 1663 1683 chori.]
1710 1636 1750 1672 In
1774 1636 1877 1674 bonis
1898 1636 2165 1684 exemplaribus
2187 1649 2263 1675 non
2284 1637 2418 1683 Chori,¹

1370 1681 1430 1720 secl
1452 1683 1549 1721 Chao
1573 1684 1714 1734 legitur.
1736 1695 1775 1724 ut
1801 1686 1843 1725 fit
1870 1687 1914 1724 ab
1943 1688 2089 1738 antiquo
2118 1687 2238 1733 Chao,
2265 1689 2301 1727 id
2322 1689 2370 1727 est
2391 1689 2415 1728 ὲ.

1372 1734 1501 1772 mundi
1523 1737 1740 1782 primordio.
1770 1739 1825 1775 Ex
1847 1739 1953 1776 Chao
1981 1747 2104 1776 autem
2138 1739 2241 1777 Deos
2263 1739 2417 1788 erupiss‘e

1370 1784 1490 1822 scribit
1517 1787 1712 1826 Heliodus.
1742 1788 1786 1826 ad
1814 1790 1916 1839 quod
1948 1787 2064 1838 poffet
2091 1790 2207 1827 Poeta
2227 1790 2418 1838 respicere.

1372 1835 1434 1873 Ad
1458 1836 1550 1874 haec
1570 1838 1684 1875 Chaos
1715 1847 1848 1877 neutro
1877 1852 2013 1889 genere
2041 1852 2117 1877 non
2150 1839 2328 1887 flectitur,
2356 1839 2417 1880 sed

1372 1886 1584 1926 masculino.
1613 1889 1740 1927 Balbus
1757 1891 1794 1927 in
1817 1903 1870 1928 xv.
1891 1892 2097 1940 Argonaut.
2119 1901 2204 1941 123.

1551 1956 1598 1988 Et
1620 1966 1712 1989 nunc
1733 1953 1856 1991 Chaon
1876 1955 1996 2005 implet
2011 1956 2133 1995 orion.

1372 2017 1454 2065 lege
1471 2016 1709 2055 Priscianum.
1738 2019 1970 2058 ConsTANr.
1998 2020 2094 2060 Fau.
2132 2021 2191 2060 Sic
2211 2021 2349 2070 prorsus
2367 2022 2423 2060 Ie-¹

1374 2067 1540 2154 gendum
1567 2069 1663 2116 apud
1693 2068 1890 2117 Virgilium
1915 2099 1927 2115 ,
1971 2070 2032 2109 lib.
2067 2083 2126 2109 1v.
2174 2073 2313 2120 Georg.
2341 2072 2416 2111 hoc

1389 2129 1485 2155 oco:

1433 2173 1530 2201 Jnter
1549 2178 1635 2212 quas
1652 2179 1772 2205 curam
1796 2169 1961 2219 Clymene
1982 2171 2156 2211 narrabat
2173 2171 2315 2210 inanem

1434 2216 1602 2261 Vulcani,
1633 2220 1827 2269 Manisque
1847 2221 1938 2258 dolos
1958 2234 2000 2262 (φ
2021 2224 2136 2260 dulcia
2155 2224 2288 2268 furta;

1432 2266 1574 2316 Absque
1591 2267 1687 2305 Chao
1706 2270 1821 2320 densos
1843 2272 1983 2310 Divum
1996 2274 2204 2312 numerabat
2223 2280 2370 2316 amore5.'

1380 2331 1587 2371 Enimvero
1610 2333 1786 2372 mendose
1812 2334 1943 2385 legitur
1963 2336 2000 2373 in
2028 2335 2208 2385 plerisque
2229 2345 2307 2374 tum
2330 2338 2426 2376 anti-·

1382 2396 1462 2432 quis
1485 2395 1563 2422 tum
1587 2385 1849 2423 recentioribus
1877 2387 2100 2425 editionibus
2125 2415 2136 2432 ,
2173 2398 2277 2436 atque
2297 2387 2395 2425 Chao
2407 2396 2424 2432 ,'

1382 2436 1483 2483 quod
1507 2436 1662 2484 proinde
1678 2436 1842 2474 Lacerda
1857 2437 1931 2475 illas
1952 2437 2093 2476 secutus
2116 2450 2304 2486 perperam
2319 2451 2424 2476 enar-

1381 2487 1503 2530 ravit,
1531 2487 1675 2524 tametsi
1707 2487 1825 2525 nullus
1855 2500 1900 2526 ex
1931 2500 1972 2525 ea
2001 2489 2161 2527 lectione
2190 2489 2306 2526 sensus
2339 2488 2421 2526 elici

1380 2538 1507 2583 possin
1538 2537 1587 2574 est
1606 2538 1706 2574 enim
1724 2538 1901 2576 sententia
1929 2539 2074 2588 Virgilii
2106 2540 2314 2588 Clymenen
2345 2550 2424 2577 cre-

1381 2588 1463 2624 bros
1491 2586 1696 2626 numerafl'e
1724 2588 1911 2627 Divorum
1944 2601 2089 2628 amores
2118 2590 2162 2626 ab
2180 2589 2256 2637 ipso
2285 2589 2391 2627 Chao
2409 2617 2421 2634 ,

1380 2638 1417 2675 id
1448 2639 1495 2676 est
1510 2666 1519 2682 ,
1539 2638 1582 2675 ab
1601 2639 1671 2686 ipsa
1693 2639 1823 2677 mundi
1844 2641 1998 2688 origine.
2024 2641 2137 2677 Satv.
2163 2639 2270 2676 chori
2287 2640 2422 2678 editio-

1381 2700 1444 2726 nes
1473 2689 1653 2739 quaedam
1694 2699 1834 2728 veteres
1873 2691 1911 2728 ὃς
1940 2690 2087 2739 plurimi
2117 2690 2247 2739 scripti.
2295 2691 2420 2729 Choris

1381 2740 1468 2778 duo.

1433 2791 1493 2840 ὃς.
1521 2796 1620 2828 Dum
1642 2791 1747 2839 capiti
1767 2789 1926 2839 malefido
1949 2790 2066 2841 dira]
2105 2797 2203 2828 Dum
2223 2792 2306 2829 vati
2323 2803 2414 2830 unus

1381 2841 1529 2890 Regius.
1565 2843 1639 2879 diro
1665 2842 1827 2887 malefida
1855 2854 1906 2891 pr.
1938 2843 2007 2880 Ed.
2038 2846 2075 2878 &
2104 2843 2282 2891 quaedam
2312 2843 2416 2880 aliae.

1381 2893 1541 2938 malefido
1561 2894 1665 2940 digna
1686 2894 1896 2930 Vaticanus.
1922 2893 2023 2942 quod
2041 2893 2194 2930 Heinsio
2208 2904 2281 2929 non
2297 2893 2417 2940 displi-

1385 2944 1500 2981 cebat.
1529 2954 1696 2980 canentur
1714 2945 1826 2980 etiam
1849 2944 1887 2980 ὃς
1904 2942 2258 2992 peragenttreslibri,
2285 2955 2418 2980 canan-

1384 3005 1443 3030 tur
1464 2996 1501 3032 ὃς
1515 3005 1683 3044 peragant
1702 2995 1877 3042 quinque.
1907 2995 2038 3032 Euam.

1435 3044 1493 3090 87.
1522 3047 1683 3081 Annuite
1704 3045 1828 3092 optatis
1849 3058 1962 3082 omnes
1979 3059 2018 3082 ex
2039 3043 2155 3080 ordine
2167 3043 2320 3093 nostris]
2350 3045 2416 3083 Dii

1382 3095 1513 3133 scilicet
1536 3097 1573 3133 in
1595 3096 1689 3133 votis
1710 3095 1839 3133 ordine
1862 3095 2019 3134 vocandi
2039 3104 2149 3132 erant.
2176 3096 2326 3133 Hinc&
2341 3095 2417 3133 Sta-

1383 3147 1453 3183 tius
1475 3146 1533 3182 lib.
1555 3159 1584 3183 1.
1602 3147 1727 3184 Theb.

1433 3203 1533 3233 Hanc
1554 3197 1710 3234 undante
1729 3210 1820 3236 mero
1831 3196 1984 3242 fundens
2003 3205 2104 3232 vocat
2124 3196 2240 3234 ordine
2259 3198 2393 3235 cttnflos

1432 3247 1638 3297 coelicolas,
1660 3247 1834 3287 Phoebum
1854 3257 1934 3287 ante
1955 3247 2039 3285 altos
2067 3267 2136 3276 —-
2308 3297 2346 3336 H
2410 3295 2414 3302 ἡ

2352 3305 2418 3340 aes,
