2547 3708
775 141 988 216 ΓΒ

1135 158 1157 216 1
1304 157 1356 214 S.
2085 179 2180 231 551

418 266 609 324 Omnis
633 264 900 340 Abydena
924 263 982 320 fit
1014 262 1109 317 tibi
1135 262 1285 333 pejor
1305 260 1458 333 aqua.
1541 330 1550 341 ι

346 339 603 395 Comicus
630 353 688 393 ut
712 339 906 393 mediis
929 336 1120 409 periit,
1159 334 1291 389 dum
1313 333 1502 394 nabat,
1538 348 1592 388 ln
1618 331 1806 396 undi3‚

418 411 490 466 Et
519 425 608 467 tua
629 411 696 468 sic
729 411 945 484 Stygius
969 407 1253 479 strangulet
1280 424 1372 461 ora
1398 405 1604 476 liquor,

55 621 125 660 fius
141 620 326 660 tumulum
347 620 410 660 diu
429 619 578 666 luxisse,
603 632 648 658 ac
659 619 812 658 demum
832 618 914 658 tabe
929 619 1086 658 &moe-

54 682 137 710 tore
155 671 358 710 extinctum
384 673 514 711 scribit.
565 673 791 720 Quanquam
825 670 1019 708 Pausanias
1047 672 1084 709 in

55 721 327 767 Corinthiacis,
357 722 429 771 qua
467 735 512 760 ex
535 722 778 760 Corinthiaco
806 724 942 769 agroin
957 722 1084 770 Sicyo-

51 773 156 810 nium
181 775 248 811 iter
273 773 341 811 est.
370 773 557 821 Eupolidis
576 770 807 820 sepulchrum
832 771 936 809 fuiffe
962 772 1082 809 tradit.

48 821 214 860 Priorem
247 834 370 862 tamen
395 824 613 861 sententiam
642 822 751 859 secuti
781 821 931 870 Baptista
960 821 1082 871 Egna-

49 872 121 911 tius
139 901 149 917 ,
187 872 392 913 Franciscus
419 872 581 911 Sanctius
605 900 616 917 ,
668 872 850 910 Adrianus
879 872 1079 910 Turnebus

11 930 21 939 ”
46 921 240 963 Adversar.
260 925 318 963 lib.
347 937 402 964 rx.
430 935 508 972 cap.
527 936 586 972 ις.
615 922 779 960 Andreas
801 923 972 962 Schottus
998 921 1080 959 Ob-

46 973 296 1014 servationum
319 974 380 1013 lib.
402 987 447 1012 11.
478 985 544 1023 cap
579 985 639 1024 32.
668 975 768 1010 hunc
798 974 926 1011 Ovidii
950 974 1077 1012 locum

46 1023 92 1063 ad
123 1025 282 1074 Eupolin
318 1026 479 1064 referunt
503 1053 514 1069 ‚
550 1025 681 1074 quibus
701 1035 772 1071 ego
796 1025 858 1062 vix
876 1022 1074 1073 assentior:

45 1075 204 1114 Ovidius
231 1077 329 1114 enim
362 1077 564 1125 Comicum
596 1075 700 1113 suum
725 1101 735 1118 ,
773 1076 988 1124 quicunque
1015 1074 1074 1112 ille

42 1125 114 1170 est,
141 1127 300 1165 natando
320 1127 541 1173 submersum
563 1126 673 1170 dicit,
702 1125 804 1174 quod
824 1135 947 1173 aperte
967 1125 1074 1174 figni-

42 1176 150 1215 ficare
164 1177 428 1223 videtutillud‚
457 1177 541 1214 dum
564 1176 672 1212 nabat
688 1204 698 1218 ‚
726 1173 790 1212 nisi
815 1176 910 1214 forte
939 1177 1076 1214 eodem

40 1226 142 1264 sensu
153 1228 410 1274 accipiendum
425 1256 435 1272 ,
447 1239 524 1277 quo
535 1227 779 1275 virgilianum
794 1226 882 1266 illud
896 1238 940 1264 ex
952 1227 1013 1265 lib.
1025 1239 1078 1266 iv,

42 1276 256 1326 Georgicon
270 1284 286 1322 ,“
309 1279 354 1316 de
367 1278 573 1333 Eurydice:

93 1353 161 1392 ula
183 1356 328 1406 quidam
348 1355 463 1405 Stygia
484 1353 595 1392 nabat
611 1352 690 1401 jam
700 1351 838 1401 frigida
857 1347 994 1399 cymba,
1052 1386 1055 1388 ,

42 1424 112 1464 Pro
135 1436 181 1463 eo
203 1424 306 1476 quod
327 1424 376 1463 est
405 1424 623 1470 vehebatur,
650 1434 778 1464 contra
806 1436 918 1474 quam
948 1425 1076 1472 Eupo-

41 1476 106 1515 lidi
133 1474 296 1514 accidiffe
323 1476 511 1525 proditum
551 1477 612 1514 est.
666 1476 883 1514 Duriuscula
913 1487 1076 1525 namque

43 1526 189 1565 videtur
209 1527 459 1576 interpretatio
470 1527 640 1565 Turnebi
652 1555 662 1572 ,
689 1527 874 1566 sentientis
891 1527 1048 1574 Eupolin
1063 1555 1076 1572 ,

41 1576 235 1626 postquam
262 1578 300 1615 in
324 1577 436 1616 undas
467 1576 864 1625 cecidiffet,„depreffa
886 1579 944 1615 vel
964 1578 1075 1616 fracta

42 1628 152 1672 navi;
177 1627 339 1666 nat-ando
359 1627 548 1666 interiilie.
601 1629 660 1666 Ad
673 1629 896 1667 Terentium
908 1628 1010 1677 quod
1023 1638 1075 1666 at-

19 1678 157 1724 'tinet‚
186 1679 236 1727 Q.
254 1677 446 1716 Consetius
459 1678 555 1727 apud
566 1678 709 1717 AElium
724 1679 920 1716 Donatum
947 1681 984 1716 in
996 1679 1074 1727 ejus

20 1729 114 1767 -vita
131 1756 142 1774 ,
167 1729 382 1768 redeuntem
406 1729 522 1777 ipsum
545 1730 564 1766 ὲ
585 1731 740 1768 Graecia
763 1727 904 1778 periiffe
921 1730 959 1768 in
982 1731 1073 1768 mari

38 1778 150 1823 dicit,
178 1790 264 1818 cum
275 1787 424 1818 centum
449 1781 485 1817 δε
506 1780 596 1819 οέὶο
609 1781 735 1819 fabulis
749 1780 933 1818 couverfis
951 1779 969 1817 a
991 1782 1075 1817 Me-

39 1830 195 1868 nandro.
246 1829 439 1868 Volcatius
451 1839 574 1870 autern
588 1860 599 1877 ,
626 1842 818 1881 nunquam
833 1830 947 1869 visum
964 1859 974 1875 ‚
987 1843 1071 1869 cum

37 1880 107 1918 iter
123 1880 161 1925 in
183 1879 307 1919 Asiam
331 1880 489 1920 facturus
507 1883 636 1920 navim
659 1882 773 1920 semel
799 1881 1077 1921 conscendiffet.

42 1931 301 1980 Quamobrem
328 1932 499 1970 Zarottus
529 1935 567 1971 ὅτ
596 1933 780 1981 Philippus
808 1931 1007 1970 Beroaldus
1035 1936 1071 1971 in

42 1992 91 2019 eo
109 1980 204 2018 libro
226 2008 237 2024 ,
263 1991 377 2028 quem
398 1980 673 2027 Annotationes
703 1982 901 2031 inscripiit,
929 1982 1076 2020 Teren-

40 2031 133 2069 tium
157 2029 178 2068 a
202 2031 349 2069 Nasone
370 2030 558 2080 significari
581 2041 733 2081 putant,
760 2033 854 2069 adeo
870 2042 908 2069 ut
930 2032 1075 2070 Beroal-

42 2081 109 2120 dus
139 2081 233 2119 haec
260 2082 433 2128 adjecerit
457 2096 466 2120 ι
501 2084 596 2120 Unde
613 2084 836 2121 vehementer
854 2083 994 2119 illorum
1016 2083 1074 2119 do·

40 2131 194 2170 minam
203 2130 348 2178 defidero
364 2158 374 2175 ,
402 2133 464 2180 qui
473 2133 512 2169 in
524 2133 628 2182 hujus
657 2133 720 2170 loci
729 2136 950 2170 enarratione
967 2134 1075 2170 inter-

38 2191 254 2232 pretamenta
283 2183 467 2230 nugatoria
497 2184 683 2219 commenti
706 2186 806 2231 [ants

42 2233 290 2271 Menandrum
312 2243 403 2269 cum,
420 2234 536 2270 veteri
566 2234 768 2279 interprete
791 2234 917 2271 malim
938 2233 1072 2271 intelli-

42 2294 147 2332 gere,
174 2284 276 2332 qu'us
295 2283 449 2332 quidem
484 2282 689 2330 sepulcrum
719 2285 758 2321 in
781 2284 906 2321 Attica
930 2284 1071 2322 ostendi

45 2334 272 2373 venientibus
291 2345 338 2371 ex
356 2333 507 2372 Piraeeo
529 2333 832 2372 Pausaniasinitio
855 2334 1069 2372 Atticorum

48 2385 175 2440 author
189 2384 261 2430 est,
289 2395 335 2422 ex
356 2394 433 2434 quo
453 2393 553 2433 patet
572 2385 669 2422 haud
697 2384 859 2422 abfimile
878 2385 953 2423 veri
977 2383 1071 2430 effe,

49 2435 146 2484 quod
162 2436 257 2474 idem
282 2434 462 2482 Interpres
487 2435 533 2473 de
554 2435 751 2473 Menandri
778 2435 927 2474 interitu
951 2435 1073 2483 prodi·

47 2485 110 2524 dit.
155 2485 331 2525 Ceterum
372 2485 499 2524 Ovidii
540 2494 673 2524 votum
713 2485 913 2524 Menandri
954 2487 1072 2523 exitio

47 2535 181 2584 plenius
191 2552 203 2582 ;
232 2536 440 2574 Menander
469 2537 569 2574 enim
602 2536 767 2587 liquidis,
796 2537 871 2575 hoc
898 2536 947 2574 est
977 2537 1074 2585 puris

43 2586 354 2636 aquisfinteriin
395 2587 466 2624 Ibis
496 2597 621 2625 autem
648 2588 793 2636 Stygiis,
826 2587 905 2624 hoe
931 2585 980 2624 est
1008 2598 1072 2625 ve-

45 2638 206 2683 nenatis,
228 2639 417 2687 periturus.
467 2637 674 2676 Enimvero
697 2641 788 2687 styx
809 2638 868 2675 ilia
880 2637 1071 2688 decantata

45 2698 92 2726 ex
110 2696 298 2737 praerupta
325 2686 505 2726 Arcadiae
534 2700 624 2737 rupe
645 2690 681 2726 in
702 2688 969 2727 Pheneatarum
991 2688 1074 2727 fini-

46 2736 111 2776 bus
126 2737 229 2786 juxta
250 2739 429 2777 Nonacris
457 2740 625 2789 oppiduli
652 2740 770 2777 ruinas
790 2740 825 2776 in
843 2739 967 2776 saxum
988 2748 1071 2788 gut·

44 2788 149 2827 tatim
163 2789 277 2830 cadim
303 2790 388 2827 inde
401 2800 589 2837 permeato
600 2790 685 2827 saxo
702 2791 739 2827 in
751 2791 902 2827 Crathin
914 2789 1070 2834 fluvium

47 2838 254 2877 delabitur:
292 2839 483 2876 Mortifera
520 2841 577 2877 illa
605 2840 757 2889 quidem
787 2851 871 2877 cum
903 2841 1071 2884 homini.

45 2900 124 2931 tuin
134 2889 252 2927 cuivis
265 2888 323 2925 alii
334 2889 572 2927 animantium
583 2891 726 2939 generi,
737 2892 838 2940 cujus
851 2892 983 2929 veneni
995 2900 1074 2929 tan-

48 2950 84 2981 ta
101 2940 152 2978 vis
162 2939 233 2984 est,
261 2949 300 2976 ut
320 2942 398 2976 no'n
419 2949 521 2980 aere,
550 2952 626 2977 non
639 2942 736 2978 ferro
750 2969 761 2986 ,
788 2947 865 2979 non
878 2942 964 2980 testa
983 2952 1074 2979 con-

48 2991 225 3034 tineatur,
253 2988 338 3038 equi
361 2988 517 3036 ungulae
544 2988 719 3028 duntaxat
739 2992 903 3039 patiens,
931 3000 969 3030 ut
982 2992 1075 3030 Pau-

49 3042 159 3089 sanias
179 3042 215 3078 in
237 3038 448 3082 Arcadicis,
485 3040 523 3075 &
542 3039 698 3084 Justinus
717 3041 778 3079 lib.
801 3054 872 3080 x11.
895 3042 1073 3087 scribunt,

53 3099 113 3131 tut
136 3090 249 3136 muli,
276 3099 316 3128 ut
338 3090 511 3127 Arrianus
537 3091 574 3126 δε
597 3089 730 3126 Plinius
751 3092 789 3128 in
809 3090 882 3130 fine
908 3094 969 3131 lib.
988 3105 1075 3130 xxx.

55 3143 141 3181 item
153 3142 341 3179 Vitruvius
368 3140 510 3178 lib.v11.
540 3147 602 3176 aut
616 3139 727 3183 afini,
754 3150 792 3177 ut
811 3142 1074 3181 Plutarchusin

55 3191 287 3236 Alexandro,
314 3192 416 3241 quod
437 3190 606 3229 AElianus
631 3189 692 3226 lib.
703 3201 738 3227 x.
766 3202 844 3239 cap.
864 3204 924 3237 40.
953 3194 1078 3231 Histo-

55 3241 126 3283 riae
135 3241 359 3282 Animalium
373 3268 387 3289 ,
409 3242 452 3282 ad
466 3241 604 3281 afinum
617 3239 831 3291 Scythicum
846 3243 967 3283 refert.
985 3244 1080 3294 Cu17

104 3297 264 3332 Tom.1V.

859 2184 941 2232 Ego
977 2193 1074 2222 certe
1083 2205 1091 2212 ·

1922 494 2022 547 595
2063 478 2179 535 Aut

1855 588 1871 604 δ

1137 617 1207 656 tius
1226 617 1399 657 autemin
1423 616 1495 655 fine
1518 615 1644 654 lib.1x.
1670 614 2176 665 ungulamjumentidicens,'

1138 681 1216 707 rem
1247 671 1282 708 in
1315 668 1443 706 medio
1477 668 1639 717 reliquit.
1705 668 1820 715 eujus
1855 679 1972 716 aquae
1999 679 2173 713 veneno,

1139 720 1297 768 suntqui
1321 718 1574 756 Alexandrum
1600 716 1853 755 Macedonem
1884 728 2019 767 magna
2039 718 2181 756 Aristo—

1138 771 1218 808 telis
1239 770 1391 807 infamia
1414 767 1584 806 eneftum
1603 769 1771 807 scribunt.
1812 769 1971 806 ‘Nasoni
1992 779 2084 806 vero
2097 775 2178 818 Sty-

1131 820 1208 868 gius
1226 819 1338 870 liquor
1357 821 1503 868 proprie
1525 819 1661 863 dicius,
1690 820 1868 868 quoniam
1893 820 2044 856 Graecis
2061 822 2178 865 ςυγός

1130 870 1215 914 ὕδωρ
1237 870 1450 919 appellatur.
1474 869 1690 907 Herodotus
1711 870 1775 911 lib,
1790 881 1842 905 vr.
1872 870 1917 906 de
1931 870 2094 908 Nonacri
2116 869 2174 908 lo—

1129 932 1247 971 quens
1261 948 1271 966 ‚
1302 920 1339 957 έν
1354 919 1394 957 δὲ
1408 921 1522 967 ταύτῃ
1545 923 1589 967 τῇ
1609 922 1715 956 πόλει
1738 921 1895 964 λέγεται
1911 921 1996 956 εἶναι
2016 914 2172 967 §nhu-

1130 971 1252 1008 κάδων
1279 972 1320 1008 τὶ
1336 972 1448 1016 ςυγδς
1480 969 1586 1014 ὕδωρ,
1614 968 1687 1008 &c.
1723 976 1763 1006 In
1792 971 1858 1006 hac
1883 980 2002 1006 autem
2025 970 2106 1008 urbe
2128 969 2173 1008 ab

1131 1021 1332 1060 Arcadibus
1352 1023 1466 1066 fertur
1488 1023 1544 1071 esse
1563 1022 1674 1070 stynis
1696 1033 1791 1068 aqua
1810 1050 1817 1063 ,
1853 1021 1980 1058 Strabo
2001 1021 2061 1058 lib.
2082 1033 2176 1060 vnx.

1623 1054 1641 1070 Φ

1128 1072 1209 1118 περὶ
1236 1075 1356 1110 osseis
1384 1072 1425 1109 δέ
1458 1071 1514 1113 ἐςι
1544 1075 1606 1107 καὶ
1637 1073 1679 1108 τὸ
1697 1073 1915 1114 καλούμενον
1936 1072 2047 1116 emb<
2065 1069 2174 1116 ὕδωρ,
2228 1101 2234 1106 .

1127 1122 1308 1167 λιβ;ἑδειου
1339 1124 1494 1168 ὀλεθρίου
1521 1120 1671 1164 {saxa-off
1706 1121 1940 1169 νομιζόμενον
1961 1122 2059 1165 ἱερόν.
2088 1128 2175 1160 Pro-

1123 1182 1201 1222 pter
1225 1174 1402 1211 Pheneum
1434 1173 1475 1220 est
1506 1173 1612 1210 etiam
1646 1185 1709 1216 ea,
1736 1185 1824 1222 quae
1845 1171 1959 1220 Stygis
1979 1171 2110 1209 dicitur
2133 1185 2175 1208 a-

1130 1238 1201 1273 qua
1224 1252 1234 1269 ‚
1260 1224 1479 1271 stillicidium
1506 1236 1619 1274 aquae
1644 1222 1877 1272 perntczosae·,
1905 1235 2012 1271 quam
2031 1228 2174 1268 [acram

1129 1275 1262 1312 habent-
1279 1303 1289 1318 ,
1316 1275 1527 1313 Plutarchus
1546 1274 1639 1311 libro
1667 1274 1748 1316 περὶ
1777 1275 1840 1309 τοῦ
1862 1272 1999 1316 πρώτου
2011 1272 2174 1319 ψυχροῦ,

1129 1326 1175 1363 de
1194 1326 1318 1364 Primo
1344 1325 1491 1372 Frigido
1505 1353 1516 1369 ,
1536 1325 1580 1367 ὡς
1610 1325 1688 1367 περὶ
1717 1324 1759 1359 τὸ
1787 1324 1960 1370 Τάιναρον
1975 1348 1985 1366 ,
2010 1322 2028 1359 ’ὃ
2048 1322 2090 1364 δὴ
2109 1336 2177 1364 ςυ-

1129 1378 1192 1423 754·
1213 1375 1297 1421 ὕδωρ
1321 1377 1489 1413 καλοῦσιν
1502 1403 1513 1420 ,
1525 1375 1568 1411 ἐκ
1585 1378 1723 1418 πέτρας
1734 1376 1919 1419 γλισχρῶς
1934 1373 2175 1419 συλλειβόμε-

1131 1439 1182 1463 νον
1199 1427 1307 1471 οὕτως
1328 1427 1488 1473 ψυχρὸν,
1517 1425 1561 1470 ὡς
1586 1438 1630 1462 τε
1652 1423 1763 1470 μηδὲν
1783 1425 1923 1470 ἒιγνεῖον
1941 1424 2052 1467 ἄλλο,
2067 1424 2175 1471 μόνην

1128 1477 1170 1513 δὲ
1190 1478 1306 1518 ὁπλὴν
1334 1477 1410 1515 ’όνου
1439 1480 1562 1523 ςέγειν
1586 1503 1598 1520 ,
1632 1481 1681 1512 τὰ
1701 1474 1742 1512 δὲ
1767 1475 1874 1512 ἄλλοι
1893 1474 2082 1512 διακόπτει
2104 1476 2170 1512 καὶ

1129 1528 1302 1575 ῥήγνυσιν.
1356 1528 1455 1565 Velut
1469 1528 1519 1564 ad
1530 1533 1732 1564 Taenarum
1747 1553 1758 1569 ‚
1785 1539 1894 1573 quam
1904 1524 2079 1576 appellant
2092 1532 2175 1575 Sty-

1125 1580 1174 1627 gis
1189 1592 1322 1629 aquam
1345 1607 1356 1623 ,
1393 1579 1433 1614 de
1451 1578 1538 1625 saxo
1560 1576 1698 1615 exiliter
1726 1575 1934 1621 scatentem,
1963 1578 2057 1624 cujus
2082 1577 2174 1625 rigor

1129 1641 1253 1667 tantus
1272 1629 1315 1677 est
1329 1657 1339 1674 ‚
1369 1642 1410 1666 ut
1430 1628 1500 1665 alio
1522 1628 1605 1677 vase
1631 1627 1728 1664 nullo
1742 1654 1752 1671 ,
1770 1627 1834 1676 sed
1844 1625 1981 1676 afinina
1992 1627 2175 1665 duntaxat

1128 1680 1259 1729 ungula
1273 1707 1282 1723 ,
1308 1679 1553 1722 contineatur,
1585 1689 1694 1715 cetera
1714 1679 1868 1727 frangat
1890 1688 1998 1728 atque
2020 1686 2174 1726 rumpat·

1127 1733 1220 1779 Quo
1243 1731 1397 1780 quidem
1414 1732 1502 1768 loco
1524 1741 1590 1776 pro
1613 1730 1698 1772 περὶ
1721 1729 1762 1765 τὸ
1782 1727 1954 1774 Τάιναρον
1970 1727 2173 1775 legendum

1128 1781 1298 1820 existimo
1331 1779 1414 1826 περὶ
1444 1781 1568 1817 Φενεὸν
1591 1807 1601 1823 ,
1639 1787 1701 1817 aut
1734 1780 1858 1827 potius
1880 1779 1962 1824 περὶ
1981 1781 2174 1824 Νώνακριν.

1128 1833 1226 1871 Nam
1256 1832 1371 1877 ςυγὶς
1397 1830 1482 1875 ὕδωρ
1513 1832 1548 1869 in
1582 1829 1773 1873 Arcadia;
1812 1829 2007 1867 Taenarus
2041 1837 2169 1867 autem

1126 1883 1432 1932 promontorium
1456 1881 1503 1919 eii
1530 1882 1566 1918 in
1593 1880 1773 1918 Laconia.
1824 1880 1936 1918 Error
1953 1880 2028 1917 fine
2051 1879 2167 1917 dubio

1126 1944 1233 1971 natus
1268 1944 1314 1971 ex
1351 1944 1399 1970 eo
1423 1959 1434 1976 ‚
1471 1932 1575 1980 quod
1613 1932 1752 1968 Poetae
1780 1930 1932 1978 Stygem
1960 1930 2168 1968 inferorum

1126 1984 1342 2026 finxerunt,
1378 1990 1564 2030 praeterea
1601 1983 1638 2019 ὅ(
1663 1982 1700 2018 in
1722 1980 1899 2018 Taenaro
1929 1987 2074 2017 antrum
2096 1979 2169 2018 effe
2214 1984 2227 2003 '-

1127 2034 1172 2071 ad
1205 2034 1341 2071 inferos
1377 2032 1562 2069 deducens
1579 2058 1592 2074 ,
1640 2031 1686 2068 de
1720 2041 1797 2078 quo
1812 2030 1999 2078 ¹Virgilius
2026 2029 2087 2067 lib.
2109 2042 2165 2069 rv-

1122 2082 1358 2132 Georgicon.
1385 2082 1576 2119 Taenarias
1594 2081 1702 2117 etiam
1718 2083 1839 2125 fauces
1860 2080 1937 2117 alta
1950 2079 2032 2125 ostia
2054 2079 2166 2125 Ditis,

1127 2134 1339 2172 Plutarchus
1373 2144 1463 2170 vero
1485 2131 1531 2169 de
1553 2131 1731 2168 stillicidio
1769 2131 1950 2168 Arcadiae
1969 2130 2164 2169 manifesto

1124 2185 1313 2233 loquitur,
1342 2182 1387 2220 de
1408 2193 1485 2230 quo
1516 2182 1628 2218 etiarn
1657 2181 1854 2218 Vitruvius
1884 2179 1979 2219 libro
2000 2179 2166 2221 laudato.

1125 2239 1182 2280 Est
1210 2235 1249 2270 in
1275 2232 1437 2271 Arcadia
1473 2230 1643 2268 Nonacris
1680 2231 1867 2268 nominata
1903 2241 2016 2267 terrae
2050 2232 2161 2279 regio,

1123 2298 1211 2334 quae
1232 2284 1336 2321 habet
1358 2285 1397 2321 in
1421 2282 1597 2319 montibus
1617 2282 1635 2318 e
1647 2282 1737 2329 saxo
1755 2280 2165 2329 stillantessrigidiffimos

1123 2337 1298 2373 humores.
1347 2340 1440 2370 Haec
1459 2344 1578 2369 autem
1596 2345 1691 2383 aqua
1710 2332 1825 2378 ςυγὸς
1837 2331 1921 2376 ὕδωρ
1936 2331 2162 2377 nominatur,

1124 2399 1231 2435 quam
1245 2398 1351 2435 neque
1371 2394 1580 2432 argenteum·
1594 2410 1604 2426 ,
1641 2396 1748 2429 neque
1770 2395 1937 2425 aeneum,
1964 2394 2070 2431 neque
2087 2384 2164 2429 fer-

1125 2450 1221 2474 reum
1237 2449 1306 2472 vas
1331 2433 1434 2483 potest
1450 2434 1615 2483 sustinere
1634 2460 1645 2477 ‚
1673 2433 1737 2481 sed
1758 2430 1874 2480 diffilit
1894 2443 1938 2472 ω’
1961 2430 2138 2481 difflpatur
2150 2459 2163 2478 ,

1127 2488 1199 2524 δίς.
1214 2487 1385 2524 Same.
1413 2485 1573 2522 Comicus
1584 2495 1623 2521 ut
1633 2483 1777 2534 liquidis
1819 2483 1920 2531 (five
1959 2483 2081 2520 mediis
2095 2510 2105 2527 ‚
2119 2491 2160 2520 ut

1126 2537 1211 2586 alii)
1233 2538 1361 2587 peria,
1388 2534 1475 2572 dum
1492 2535 1603 2572 nabas
1627 2534 1827 2587 {npundisd
1857 2532 2005 2576 suidas,
2036 2529 2163 2570 Εὐπο-

1124 2593 1183 2630 λις
1206 2616 1215 2632 ,
1249 2589 1416 2628 Αθηναῖος
1453 2586 1612 2629 κομικός.
1644 2586 1745 2626 οὗτος
1780 2583 1831 2632 ιζ.
1861 2584 1952 2621 ἐτῶν
1985 2585 2162 2629 γεγονὼς,

1123 2639 1256 2686 ἤρξατο
1277 2637 1558 2680 ἐπιδείκνυσθαι,
1589 2636 1629 2672 δὲ
1653 2634 1796 2682 ἐδίδαξε
1815 2633 2160 2680 δράματαιζ.ἐνὶκη

1123 2703 1164 2727 σε
1185 2690 1224 2726 δὲ
1244 2690 1279 2736 ζ.
1300 2687 1527 2725 ›cuidem-‘Oxus
1536 2688 1738 2732 ναυκγήσοις
1750 2688 1852 2723 acm-Ze
1864 2685 1925 2722 τὸν
1939 2681 2162 2725 Ε’λλήσπον-

1125 2753 1184 2778 τον
1207 2740 1243 2776 ἐν
1265 2743 1315 2786 τῷ
1333 2740 1416 2782 πρὸς
1427 2737 1720 2779 mussan-‘ovim
1744 2738 1902 2783 πολέμῳ.
1933 2736 1996 2771 καὶ
2015 2736 2056 2772 ἔκ
2079 2736 2160 2772 ’τού-

1126 2803 1191 2828 του
1213 2790 1367 2828 ἐκωλύθη
1387 2789 1620 2832 remeassem
1643 2788 1800 2827 ποικτῆν.
1827 2785 2014 2824 Platonius
2032 2794 2158 2824 autem

1125 2842 1172 2879 de
1191 2840 1404 2878 differentiis
1424 2839 1717 2877 Comoediarurn
1732 2866 1742 2883 ‚
1770 2838 1872 2884 ’ἴσμεν
1882 2839 1988 2881 γοῦν,
2015 2837 2157 2886 inquit,

1127 2893 1187 2929 ‘tim
1205 2886 1366 2928 Ε”νπολιν
1390 2918 1401 2935 ,
1437 2889 1576 2935 §nia-4⁷6
1596 2888 1739 2934 διδάξαι
1760 2890 1843 2930 τοῦς
1861 2887 2037 2931 Βάπταις,
2066 2890 2159 2924 ξιπο-

1126 2944 1307 2988 πνιγένται
1327 2940 1377 2983 εἷς
1400 2944 1462 2982 'tilia
1479 2941 1662 2977 Θάλασσαν
1680 2940 1741 2975 ὑπ’
1762 2938 1917 2981 ἐκέινων,
1948 2936 1999 2980 εἷς
2022 2934 2077 2980 οὓς
2093 2950 2163 2975 ›⁶oe-

1127 2996 1205 3035 θῆκε
1227 2996 1307 3037 τοῦς
1326 2992 1482 3034 Βάπτας
1509 2992 1569 3027 καῖ
1590 2991 1648 3027 ἐμὲ
1670 2994 1776 3031 ταῦτα
1788 2989 2095 3034 ὀκνηρότεροιπρὸς
2108 2988 2158 3024 τὰ

1125 3044 1331 3089 σκώμματα
1342 3042 1517 3090 ἐγένοντο.
1571 3040 1641 3079 Sed
1654 3041 1812 3080 Ovidius
1822 3041 1983 3090 priorem
1996 3039 2161 3076 traditio·

1126 3095 1364 3133 nemsecutus
1379 3091 1535 3130 videtur.
1565 3092 1741 3130 Micru..

1181 3156 1264 3194 593.
1297 3142 1461 3191 Mediis.]
1477 3141 1633 3190 Liquidis
1643 3144 1719 3181 fere
1731 3152 1862 3180 omnes
1874 3140 2006 3188 scripti,
2020 3138 2055 3174 ὅ(
2067 3146 2157 3190 qua-

1127 3205 1213 3234 tuor
1227 3192 1532 3243 eti.1mseq.versu
1543 3202 1610 3240 pro
1624 3194 1781 3242 stygius,
1806 3192 1965 3245 habent,
1992 3185 2160 3237 liqmdus,

1130 3247 1228 3295 Vide
1238 3246 1360 3294 adm.
1374 3255 1418 3285 ex
1429 3243 1692 3300 P0¹²12Y1¹s285
1710 3244 1796 3284 dum
1812 3251 1918 3291 navt}
1931 3240 2019 3279 due.
2098 3295 2122 3336 9

1203 3317 1206 3320 ·
2074 3297 2094 3336 5
2128 3297 2162 3336 52
