2547 3708
934 153 1219 203 VITA.

216 257 309 299 Non
329 252 422 294 mihi
440 247 640 290 materiam
660 243 840 287 bellatrix
866 243 989 285 Roma
1008 246 1189 298 negabat,

269 310 326 349 Et
341 308 427 362 pius
443 304 493 357 est
515 302 677 341 Patriae
687 301 798 351 faesia
819 299 958 350 referre
976 298 1089 338 labor.

43 366 250 410 Possumus
282 371 478 415 praeterea
506 355 709 406 conjicere
742 355 904 405 poetam
936 353 1117 392 nostrum
1147 363 1197 390 eo
1235 352 1413 392 carmine
1433 354 1553 394 etiam
1576 353 2007 407 figiiificare-voluifi'e‚
2033 359 2142 408 quod

40 419 218 463 recenset
238 416 381 456 Caesar
402 411 518 452 initio
540 409 604 448 lib.
636 421 667 450 1.
690 407 738 447 de
761 409 870 447 bello
895 407 1025 456 civili,
1057 408 1122 445 ubi
1148 407 1199 444 ita
1219 407 1284 445 est.
1348 406 1516 447 Interim
1538 407 1695 448 Caesari
1715 408 1921 448 nuntiatur
1936 439 1946 458 ,
1976 409 2150 451 Sulmo-

43 473 206 520 nenses,
235 468 346 520 quod
377 466 545 518 opidum
580 463 599 501 a
619 462 809 502 Corfinio
842 461 991 511 septem
1021 458 1202 498 millium
1237 459 1451 500 intervallo
1473 461 1598 509 abest,
1636 473 1779 512 cupere
1798 467 2015 510 catacere,
2044 476 2146 514 quae

41 516 162 567 vellet
180 537 196 564 z.
230 522 292 563 sed
322 521 344 560 a
376 522 430 571 Q.
452 515 648 557 Lucretio
671 513 929 556 Senatorc‘&
953 512 1072 551 Attio
1106 511 1328 564 prohiberi,
1360 514 1427 564 qui
1462 514 1501 554 id
1533 515 1700 566 opidum
1730 515 1878 566 septem
1912 518 2146 557 cohortium

41 577 228 633 praesidio
249 576 447 616 tenebant.
506 568 635 612 Mittit
661 581 711 608 eo
733 568 794 609 M.
819 565 1055 606 Antonium
1077 578 1174 605 cum
1196 567 1364 621 legionis
1387 566 1554 607 octavae
1575 568 1808 609 cohortibus
1829 569 2029 619 quinquc3
2056 570 2148 611 Sul-

38 632 253 674 monenses
283 630 520 676 simulatque
549 622 680 662 nostra
709 621 814 673 signa
843 620 1052 669 viderunt,
1081 630 1216 672 portas
1250 631 1513 672 aperuerunt:
1541 623 1791 673 universique
1821 622 1859 662 ὃς
1893 623 2079 674 opidani,
2107 624 2145 664 δε

40 685 188 727 milites
220 683 381 723 obviam
413 679 653 732 gratulantes
675 672 862 714 Antonio
896 673 1089 714 exierunt.
1146 672 1363 714 Lucretius
1394 674 1430 715 &
1455 675 1590 716 Attius
1623 675 1671 715 de
1695 688 1814 715 muro
1836 676 1874 715 se
1897 676 2145 727 dejecerunt.

40 738 177 792 Quare
213 747 348 777 autem
368 734 488 774 Cives
508 728 629 770 nostri
653 727 689 766 id
715 726 908 776 fecerint;
936 727 1037 767 ratio
1060 727 1136 776 est3
1165 728 1258 777 quia
1279 728 1425 767 Caesar
1447 727 1569 769 Marii
1592 729 1750 769 secutus
1770 729 1823 769 est
1843 738 1992 781 partes:
2025 731 2147 771 Pom·

40 794 152 844 pejus
187 802 284 830 vero
307 789 464 841 Syllae,
499 783 566 834 qui
598 779 761 831 quidem
783 779 917 831 Sylla,
948 791 990 819 ut
1015 780 1203 831 superius
1240 781 1513 832 cognovimus
1529 811 1539 828 ,
1566 781 1814 823 Sulmonem
1833 784 1955 823 deleri
1978 797 2023 824 ac
2046 785 2146 824 dirui

36 845 212 899 jusserat.
280 843 454 890 Ideoque
486 836 507 876 a
536 833 703 874 Caesare
740 833 836 874 stare
864 835 1096 873 voluerunt.
1157 833 1223 874 M.
1257 833 1427 874 Tullius
1458 833 1606 874 Cicero
1637 837 1702 876 lib.
1724 849 1843 877 νιιι.
1878 837 1928 876 ad
1958 837 2146 878 Atticum

41 903 144 940 hanc
178 909 263 938 rem
293 896 430 947 paullo
458 889 568 930 aliter
601 897 743 927 narrat.
799 885 1021 935 Sulmone,
1052 887 1203 938 inquit,
1231 886 1282 927 C.
1321 887 1483 928 Attium
1506 889 1720 941 Pelignum
1750 890 1937 940 aperuisse
1960 891 2146 931 Antonio

42 962 200 1005 portas,
228 961 322 990 cum
344 945 464 986 essent
488 942 675 982 cohortes
698 940 887 992 quinque.
946 941 1001 993 Q.
1025 938 1262 981 Lucretium
1287 940 1379 981 inde
1401 941 1578 996 effugisse
1597 942 1684 981 scis.
1735 942 1919 982 Gnaeum
1942 944 1996 983 ire
2018 945 2148 985 Erun-

43 1006 186 1046 dilium
217 1002 426 1042 desertum.
483 993 687 1036 Confeera
717 1006 778 1034 res
798 994 863 1033 est.
923 994 980 1034 At
1002 1005 1137 1034 tamen
1160 996 1286 1047 magis
1308 994 1493 1040 Caesari,
1523 995 1590 1047 qui
1612 997 1726 1036 rebus
1748 997 1928 1049 gerendis
1950 1008 2147 1049 praeerat,

43 1070 167 1109 quam
192 1054 337 1096 absenti
359 1049 578 1099 Ciceroni,
616 1047 704 1098 cui,
735 1048 774 1087 id
806 1057 850 1087 ut
882 1048 933 1088 'ab
962 1047 1047 1087 aliis
1069 1047 1335 1102 intelligeret,
1366 1048 1520 1089 necesse
1543 1059 1646 1099 erat,
1677 1049 1923 1090 credendum
1951 1051 2026 1090 esse
2048 1052 2150 1091 arbi-

43 1121 143 1151 tror.
196 1109 365 1150 Orosius
397 1105 517 1146 etiam
547 1101 614 1142 lib.
640 1113 706 1144 vt.
731 1113 819 1152 cap.
840 1113 903 1141 XV.
934 1100 1113 1154 Caesaris
1145 1103 1383 1142 sententiam
1414 1103 1658 1143 confirmare
1687 1103 1853 1144 videtur.
1913 1103 2059 1144 Caesar
2082 1117 2147 1154 per

44 1163 298 1210 Antonium,
325 1172 416 1200 vit.
459 1158 668 1205 cohortes,
697 1167 800 1206 quae
818 1155 922 1207 apud
944 1154 1192 1195 Sulmonem
1217 1158 1501 1208 morabantur,
1532 1158 1553 1196 a
1577 1155 1770 1197 Lucretio
1791 1157 1942 1209 recipit.
1999 1159 2149 1208 Aliud,

46 1218 156 1269 quod
189 1213 399 1256 adversum
420 1212 538 1252 illum
560 1208 705 1248 referre
725 1207 891 1260 possim,
921 1221 1008 1249 non
1029 1209 1198 1248 memini
1217 1221 1284 1249 me
1307 1210 1451 1261 legisse.
1509 1208 1599 1250 Nisi
1623 1208 1783 1250 fortasse
1803 1211 1866 1256 id.
1894 1211 2006 1261 quod
2027 1211 2151 1264 Poly—

42 1271 128 1311 bius
151 1269 218 1308 lib.
243 1279 328 1308 ιιι.
361 1265 398 1305 ἃ
421 1263 562 1305 Livius
584 1262 650 1302 lib.
673 1273 789 1302 xxix.
816 1262 865 1302 de
888 1262 1057 1316 Pelignis
1079 1262 1279 1315 scribunt,
1309 1264 1377 1313 qui
1401 1263 1447 1302 ab
1471 1263 1696 1303 Hannibale
1716 1263 1898 1303 devastati
1922 1263 2035 1315 sunt,
2066 1278 2149 1314 quo

43 1332 226 1374 ternpore
246 1320 493 1361 Sulmonem
524 1327 692 1367 quoque
714 1315 851 1370 >ipsum
880 1315 1031 1367 aliquid
1060 1316 1184 1356 cladis
1218 1317 1255 1356 ὅ(
1287 1316 1462 1368 jacturae
1491 1316 1702 1368 accepisse,
1733 1317 1799 1367 qui
1818 1316 1976 1367 judicio
1998 1320 2150 1369 pollet,

43 1376 161 1418 facile
189 1374 254 1416 fibi
282 1369 538 1426 persuadebit.
595 1367 664 1409 De
696 1368 896 1409 Sulmone
923 1368 1046 1409 etiam
1074 1369 1181 1410 idem
1216 1368 1357 1410 Livius
1389 1370 1455 1409 lib.
1479 1383 1595 1410 xxvx.
1623 1369 1769 1410 Strabo
1800 1371 1865 1410 lib.
1889 1382 1926 1409 ν.
1955 1369 1994 1410 ὃς
2015 1370 2154 1410 Ptole-

45 1441 183 1472 maeus
211 1429 278 1469 l'ib.
301 1439 390 1468 ιιι.
414 1436 499 1476 cap.
524 1436 556 1463 1.
587 1422 873 1463 meminerunt.
931 1422 1082 1463 Habuit
1107 1425 1201 1463 haec
1221 1424 1354 1464 nostra
1374 1424 1465 1464 urbs
1486 1424 1587 1464 inter
1606 1424 1708 1463 alios
1731 1423 1837 1463 viros
1860 1425 1992 1464 claros
2013 1426 2153 1475 po'e‘m-

47 1495 139 1525 tum
175 1484 338 1531 lumen,
367 1479 604 1518 Ovmmm:
636 1475 903 1517 Franciscum
935 1474 1176 1528 Barbatum,
1203 1478 1271 1530 qui
1302 1476 1430 1518 Miles
1462 1475 1639 1531 Regius,
1671 1476 2044 1528 &jurisconsultus
2073 1478 2153 1517 exi-

48 1537 153 1579 mius
175 1535 272 1586 fuit,
303 1532 535 1574 Petrarchae
558 1531 738 1581 amicus,
768 1529 815 1570 ad
837 1542 958 1581 quem
977 1529 1093 1581 ipsius
1113 1540 1248 1571 extant
1269 1530 1493 1582 Epislolae:
1524 1533 1849 1572 INNOCENHUM
1874 1543 1951 1573 vn.
1974 1542 2155 1572 Pomm.

45 1601 161 1632 MAX.
186 1587 418 1629 Cardinales
440 1584 567 1635 duos,
597 1584 800 1634 Joannem
823 1583 860 1624 ὅ(
882 1583 1129 1624 Cosmatum
1150 1583 1419 1634 Melioratos,
1435 1584 1618 1637 ejusdem
1639 1584 1848 1625 Pontificis
1871 1584 1999 1624 fratris
2020 1586 2151 1630 filios:

48 1644 118 1684 ille
135 1640 360 1683 Cardinalis
379 1640 430 1680 de
457 1639 650 1679 Ravenna
672 1647 928 1689 nuncupatus
949 1637 1026 1689 est,
1049 1637 1086 1678 ἃ
1109 1637 1412 1689 disciplinarum
1435 1639 1627 1679 omnium
1652 1637 2031 1691 intelligentissimus
2052 1638 2151 1679 fuit:

30 1697 109 1740 vhic
126 1694 349 1737 Cardinalis
384 1693 432 1733 de
457 1691 640 1740 Ursinis,
670 1700 790 1742 atque
818 1691 980 1745 ingen-io
1015 1691 1384 1743 perspicacissimus.
1440 1690 1711 1732 Ludovicum
1734 1691 2005 1732 Melioratum
2029 1691 2155 1732 Firmi

49 1749 305 1801 Principem,
324 1747 391 1798 qui
413 1746 608 1786 exercitus
630 1743 762 1785 Ducis
787 1743 1022 1785 Mediolani
1044 1745 1266 1797 praefectus
1290 1746 1326 1786 ἃ
1348 1746 1565 1797 imperator
1585 1745 1674 1786 fuir.
1733 1744 1956 1797 Episcopus
1977 1748 2157 1785 nonnul-

46 1803 201 1844 lost&
223 1800 417 1843 Marcum
437 1799 617 1840 Probum
649 1798 709 1839 sui
740 1799 932 1851 temporis
963 1800 1130 1850 po'e'tam
1158 1799 1248 1840 satis
1279 1800 1506 1848 celebrem,
1533 1800 1602 1850 qui
1635 1799 1735 1839 inter
1756 1799 1834 1839 alia
1852 1812 1972 1851 opera
1995 1798 2156 1839 Parthe-

46 1857 157 1898 niam
183 1855 224 1895 in
245 1853 301 1895 D.
325 1853 526 1895 MARtAE
562 1852 763 1892 historiam
792 1853 971 1893 carmine
993 1853 1180 1894 Hero'i'co
1214 1853 1346 1893 edidit.
1405 1852 1731 1894 SERMONETAM
1767 1852 1806 1892 in
1830 1853 2015 1893 citeriore
2037 1852 2156 1893 Latio

47 1909 198 1962 insigne
225 1907 414 1959 opidum,
441 1906 553 1958 quod
580 1906 650 1946 sub
669 1904 878 1946 NicoLA1
901 1916 1104 1946 CAETANI
1129 1906 1355 1947 Cardinalis
1390 1905 1617 1958 amplissimi
1640 1918 1688 1946 ac
1709 1906 1902 1957 Principis
1922 1906 2154 1946 nobilissimi

49 1964 202 2003 ditione
230 1970 347 2011 atque
367 1959 535 2011 imperio
556 1958 631 2006 est,
659 1970 705 1998 D.
725 1958 808 1998 fere
829 1958 878 1998 ab
897 1958 992 1998 hinc
1018 1959 1132 1998 annis
1155 1961 1368 1999 coloniam
1388 1959 1518 2009 mifit3
1547 1959 1657 2010 quod
1681 1960 1727 1998 ab
1748 1957 1865 1998 Urbe
1889 1970 2032 1998 xxxvi.
2059 1960 2154 1998 mil·

5 2031 7 2034 ¹
49 2016 102 2056 lia
122 2013 301 2067 passuum
319 2012 451 2052 distat:
478 2011 640 2051 Velitris
659 2023 749 2051 xvt.
771 2010 880 2052 Setia
895 2024 935 2049 v.
956 2010 1150 2051 Priverno
1174 2024 1211 2052 x.
1232 2011 1453 2052 Tarracina
1473 2024 1544 2051 xxt
1560 2025 1571 2052 1
1587 2024 1620 2050 1.
1650 2012 1717 2051 sed
1737 2012 1808 2050 hae
1832 2021 1910 2051 tres
1933 2010 2071 2052 Urbes
2093 2014 2157 2052 ul·

48 2070 213 2110 teriores
245 2067 333 2107 sunt
355 2064 580 2117 Neapolim
609 2064 759 2104 versus.
815 2064 1039 2105 SULMONE
1073 2077 1194 2115 vero,
1225 2077 1347 2115 quem
1382 2065 1421 2105 in
1454 2074 1593 2105 ortum
1619 2064 1811 2104 aestivum
1833 2065 1968 2116 habet,
1997 2065 2155 2105 circiter

50 2134 116 2164 Lx.
148 2121 245 2161 Hoc
269 2130 404 2159 autem
429 2118 597 2169 opidum
623 2126 812 2169 corrupta
830 2129 976 2157 eorum
996 2128 1255 2170 temporum,
1285 2118 1427 2169 quibus
1451 2118 1665 2158 conditum
1684 2117 1760 2166 est,
1793 2118 2157 2170 pronunciatione,

50 2188 130 2228 qua
159 2175 287 2214 adhuc
309 2171 431 2211 etiam
452 2171 571 2210 multi
592 2171 834 2218 abutuntur,
859 2170 880 2209 a
903 2169 1105 2211 Sermona
1137 2171 1336 2222 (Sulmona
1357 2171 1465 2210 enim
1488 2170 1624 2210 italice
1643 2169 1860 2210 dicendum
1886 2170 1959 2221 est)
1990 2170 2156 2212 Sermo-

51 2238 187 2270 netam
209 2234 431 2267 vocarunt..
476 2224 633 2264 Multas
654 2235 700 2262 ac
721 2235 886 2275 magnas
910 2235 955 2262 ex
982 2225 1189 2263 variorum
1215 2224 1421 2263 bellorum
1444 2222 1619 2263 motibus
1644 2223 1890 2263 calamitates
1905 2254 1915 2272 ,
1946 2225 2159 2276 cladesque

52 2294 148 2322 oum
167 2281 262 2322 alias
285 2277 561 2330 accepit,tum
582 2288 690 2316 anno
714 2277 1019 2316 Mecoxwu.
1046 2275 1140 2329 Qua
1161 2277 1210 2316 de
1230 2290 1272 2316 re
1293 2277 1452 2317 Aeneas
1476 2276 1624 2317 Silvius
1645 2277 1685 2317 in
1709 2280 1809 2320 Dec.
1823 2276 1971 2317 sslondi
1994 2280 2164 2329 epitom.

54 2335 121 2375 lib.
139 2347 174 2375 x.
203 2333 440 2375 Ludovicus
465 2329 552 2371 Rex
578 2328 786 2383 Ungariae
813 2332 1044 2370 multorum
1073 2330 1251 2381 precibus
1285 2331 1471 2385 agitatus,
1507 2342 1604 2369 cum
1622 2329 1864 2382 paratiffimo
1884 2332 2058 2371 exercitu
2085 2333 2162 2372 lta-

55 2387 151 2428 liam
181 2386 308 2439 petiit,
336 2384 566 2437 primosque
585 2382 877 2426 Sulmonenses
906 2383 1123 2423 refistentes
1153 2383 1330 2434 invenit,
1359 2396 1464 2435 quos
1493 2392 1629 2424 tamen
1664 2385 1704 2424 in
1732 2385 1969 2434 potestatem
1990 2385 2153 2439 redegit.

57 2439 159 2482 ltern
185 2440 337 2480 circiter
367 2450 520 2478 annum
549 2447 706 2477 M.ccc.
723 2448 857 2477 Lxxx.
886 2446 930 2476 ut
955 2436 1062 2476 idem
1084 2436 1216 2477 scribit
1234 2437 1283 2477 de
1304 2437 1439 2478 histor.
1469 2435 1669 2489 Europae.
1726 2437 1931 2478 Rhenatus
1953 2451 1975 2478 e
1994 2440 2158 2490 captivi-

56 2502 136 2534 tate
150 2490 322 2534 dimissus
345 2504 440 2532 cum
462 2491 603 2531 decem
624 2491 849 2531 triremibus
870 2488 1098 2542 Neapolim
1118 2491 1251 2542 venit,
1280 2491 1317 2532 ὅ(
1338 2501 1488 2532 vocato
1512 2491 1561 2531 ad
1582 2492 1622 2531 se
1641 2491 1856 2541 Jacobutio
1878 2491 2088 2539 Candola,
2116 2493 2154 2533 &

56 2546 334 2599 ejusvconlilio
359 2544 600 2596 Scaphatum
635 2555 793 2595 petens,
824 2544 864 2586 iu
884 2544 1134 2584 deditionem
1156 2545 1335 2596 accepit:
1364 2544 1510 2585 deinde
1530 2546 1570 2586 in
1592 2544 1908 2586 Sulmonensem
1931 2545 2159 2598 profestus,

59 2612 155 2640 cum
184 2599 321 2640 frustra
339 2598 500 2639 Urbem
530 2597 763 2647 obsedisset,
794 2609 937 2650 agrum
962 2597 1124 2638 vastavit
1145 2598 1351 2639 incendio.
1407 2597 1562 2640 Rursus
1586 2611 1695 2639 anno
1719 2611 1989 2642 M.cccc.r,x.
2022 2598 2161 2639 Ferdi·

62 2653 196 2692 nando
218 2652 443 2706 Aragoniae
471 2663 685 2703 regnante,
717 2650 738 2690 a
768 2651 917 2695 lacobo
938 2650 1124 2692 Picinino
1159 2664 1299 2705 captus
1331 2652 1369 2693 &
1402 2662 1651 2706 expugnatus
1670 2654 1749 2694 est:
1779 2666 1889 2694 anno
1914 2664 2048 2692 autem
2072 2665 2159 2692 ver-

64 2714 169 2744 tente
190 2716 308 2754 opera
327 2699 545 2745 Alexandri
569 2704 741 2745 Sfortiae
760 2709 808 2745 ab
832 2705 978 2746 eodem
998 2705 1258 2747 Ferdinando
1279 2718 1462 2756 receptus
1483 2708 1550 2747 est.
1581 2707 1711 2758 postea
1730 2706 1868 2747 exaeto
1890 2706 2089 2754 triennio,
2118 2706 2166 2746 <⁴31v

64 2758 179 2797 rebus
212 2756 309 2795 inter
340 2769 409 2796 eos
438 2759 690 2809 compositis,
720 2759 790 2799 sub
817 2759 997 2810 ejusdem
1020 2758 1190 2799 Picinini
1223 2774 1303 2801 una
1324 2773 1421 2800 cum
1441 2760 1615 2801 civitate
1634 2761 1841 2811 Pinnenfi,
1868 2760 2179 2810 nonnullisque*

62 2809 146 2849 aliis
169 2807 324 2859 Aprutii
355 2808 428 2857 (ut
452 2822 560 2850 nunc
587 2813 824 2864 loquimur)
853 2813 1006 2865 oppidis
1027 2813 1196 2864 imperio
1218 2814 1375 2857 mansit.
1432 2813 1549 2855 Haec
1568 2815 1767 2868 postrema
1781 2826 1826 2854 ex
1848 2811 2019 2866 Baptista
2038 2812 2179 2868 Pigna.

63 2863 105 2903 in
121 2873 171 2902 eo
193 2862 295 2902 libro
308 2891 321 2913 ,
335 2871 432 2911 ,quo
452 2859 614 2903 Eilenfis
634 2864 818 2907 familiae.
833 2867 1034 2908 historiam
1052 2867 1282 2918 persecutus
1310 2868 1378 2909 est.

2080 178 2134 228 η

488 2945 1746 3022 HERCULESCIoFANUs

711 3067 878 3129 Caesari
905 3074 1078 3128 Corvo,
1105 3066 1394 3116 Sulmonensi
1430 3069 1479 3115 S.-

93 3094 105 3110 Ι

65 3174 366 3281 PEccAREM
383 3178 590 3229 profesiO,
610 3178 756 3221 Caesar
768 3178 926 3234 Corve,
953 3185 1020 3225 nisi
1043 3184 1208 3235 aliquod
1229 3196 1277 3225 ex
1298 3183 1380 3235 his,
1411 3193 1514 3234 quae
1533 3166 1645 3224 nurse
1663 3183 1705 3224 in
1725 3185 1862 3223 lucem
1884 3181 2064 3237 emittere
2085 3189 2159 3218 coi
2181 3204 2184 3212 ι

107 3250 111 3258 ‚
165 3241 270 3286 gito,
299 3231 481 3284 operibus
511 3233 579 3274 tibi
612 3233 882 3280 inscriberem.
937 3235 1118 3281 Dilexisti
1151 3238 1263 3280 enim
1288 3249 1355 3279 me
1386 3247 1432 3277 ex
1460 3248 1537 3290 eo,
1575 3248 1659 3288 quo
1693 3235 1958 3289 condiscipuli
1983 3234 2180 3277 fuimus‚.

2054 3296 2158 3327 tems·
