2547 3708
720 129 1460 194 PzaJ.MA·SSON.
2073 158 2140 218 43

98 239 223 289 Cum
255 237 348 288 hoc
384 234 568 294 rogaret
597 223 920 299 eruditissimus
940 223 1041 284 vir,
1067 223 1226 296 ‘versus
1258 244 1354 277 non
1379 228 1737 290 succurrebant,
1768 247 1885 296 quos
1918 232 2009 298 ipse
2029 234 2139 285 Ru,-

35 307 194 357 bessius
215 318 272 350 CX
297 296 583 353 Albinovam‘,
615 304 670 340 ut
705 305 814 339 Cum
848 290 943 340 alus
981 289 1231 337 arbitratur
1250 295 1305 354 *θ’
1341 294 1571 360 Epieedio
1605 297 1655 346 in
1693 300 2014 346 Maecenatem
2045 300 2143 350 lau-

35 371 191 427 davit,
224 381 336 414 vers.
361 376 438 424 25.

73 438 78 440 ’
159 431 309 482 Invide
323 463 340 489 ‚
373 426 474 489 quid
491 424 658 471 tandem
681 421 865 470 tunicae
890 435 1054 467 nocuere
1078 416 1280 482 solutae,

224 499 318 550 Aut
339 494 417 540 tibi
439 487 617 538 ventofi
641 489 743 552 quid
758 503 921 534 nocuere
942 482 1093 533 finus?

31 561 132 614 Ubi
155 560 317 609 diserte
325 561 444 620 finus
470 555 656 602 tunicae
678 552 945 600 tribuuntur
965 548 1214 615 descinblae,
1248 566 1384 616 quam
1406 554 1598 619 gerebat
1623 555 1870 604 Maecenas
1885 591 1897 615 ,
1931 556 2055 606 unde
2080 557 2149 606 1113

29 628 251 676 dicuntur
286 626 453 685 ventofi.
522 621 632 668 Nec
661 616 796 664 video
828 631 913 664 cur
937 615 1112 663 Statius
1143 633 1200 664 eo
1235 618 1346 665 loco
1379 636 1474 667 non
1508 623 1714 685 potuerit
1751 621 1892 668 latum
1934 623 2146 683 clavum,

31 708 200 758 quem,
234 704 286 737 ut
310 687 536 736 l-Imatius
569 683 708 730 habet
733 681 813 742 (a),
847 681 1118 729 demittebant
1130 687 1319 743 peblore,
1354 701 1440 747 pro
1473 703 1566 745 quo
1600 686 1751 752 paffim
1773 691 1893 751 stnm
1926 688 2147 749 ponitur,

32 758 246 807 transsate
271 770 352 820 per
375 749 514 817 Tyrios
524 753 642 812 finus
664 747 951 812 intelligere5
989 745 1381 811 quemadmodum
1404 750 1598 814 ipsemet
1619 753 1740 799 dixit
1765 752 1877 801 Lib.
1902 752 1994 802 1V.
2018 752 2150 819 Sylv,

31 838 98 870 ιν.
117 839 232 871 vers.
255 826 336 881 76.

165 888 275 951 Jam
294 895 335 931 te
353 881 506 930 blanda
531 876 632 926 finu
653 876 806 941 Tyrio
814 877 901 938 fibi
924 874 1075 940 gloria
1086 876 1198 939 felix

164 953 359 1007 Educet,
393 947 446 999 &⁹
471 948 638 992 cunetas
651 943 807 1005 gaudet
818 941 1017 1005 spondere
1041 945 1214 990 curules.
2020 996 2026 1003 .

34 1015 174 1064 Plura
197 1017 264 1063 his
288 1011 465 1078 possent
485 1007 621 1067 addi,
655 1007 821 1070 quibus
842 1006 917 1054 illa
939 1006 1016 1053 (21.
1038 1007 1244 1054 virorum
1273 1008 1434 1073 opinio
1464 1024 1518 1056 ac
1552 1009 1662 1057 aliae
1695 1009 1878 1074 insuper
1903 1009 1989 1059 hac
2025 1011 2073 1061 in
2099 1026 2149 1058 re

34 1081 415 1129 hallucinationes
450 1075 824 1130 revincerentur3
860 1071 933 1118 sed
964 1086 1014 1118 ea
1035 1071 1167 1119 nobis
1194 1074 1275 1121 hic
1304 1074 1408 1122 sunt
1444 1075 1732 1134 omittenda,
1767 1092 1823 1123 ne
1848 1075 2037 1140 longior
2064 1074 2147 1124 fiat

33 1144 261 1197 excursus.
327 1138 638 1188 Consulantur
659 1137 873 1197 interim,
908 1152 1021 1200 quae
1048 1137 1282 1185 Ferrarius
1312 1141 1358 1185 in
1381 1139 1611 1187 AnaleEtis
1646 1140 1850 1188 adversus
1875 1140 2152 1189 Rubenium

30 1208 239 1274 scripfit;
274 1207 354 1255 Ubi
379 1204 541 1254 doetus
565 1202 641 1251 ille
662 1204 771 1263 vir,·
794 1219 891 1251 non
915 1202 1154 1250 inficiante
1175 1204 1410 1266 Graevio‚
1444 1208 1493 1253 in
1519 1206 1753 1254 nonnullis
1778 1205 1944 1254 restius
1967 1205 2121 1254 sentit.

40 1356 229 1474 Anno
275 1385 480 1501 ΛΟΜ-ἕρ·
502 1401 657 1501 ΧΧνὸῙζῙ·
681 1383 746 1432 U·
769 1383 828 1432 C·
851 1400 1103 1435 DCCXxvn.

329 1467 372 1500 Vl
407 1468 439 1500 11
460 1468 560 1500 XVI.
654 1466 773 1498 XVII.

181 1565 243 1639 C.-
278 1567 595 1616 CAESARE
630 1564 1068 1615 OCTAVIANO
1103 1566 1221 1614 νυ.
1257 1566 1334 1614 M.
1369 1565 1674 1616 AGRIPPA
1707 1566 1800 1614 111.
1833 1556 2021 1615 coss,

39 1678 80 1736 Ῑ.
107 1684 322 1800 CUM
358 1700 418 1746 erg
439 1683 527 1730 illis
547 1682 602 1729 ad
626 1681 908 1747 superiorem
934 1698 1104 1729 annum
1127 1680 1326 1730 discuffis
1349 1695 1529 1747 pateat,
1564 1682 1793 1730 Ovidium
1819 1698 1904 1741 eo,
1938 1679 2011 1728 vel
2034 1679 2153 1728 sum-

250 1765 379 1798 mum
401 1750 495 1797 hoc
521 1764 670 1808 anm,
706 1758 843 1811 togam
869 1747 1061 1796 induisie
1076 1748 1285 1806 Virilem3
1322 1748 1433 1796 licet
1460 1748 1554 1795 huc
1580 1747 1750 1796 referre
1772 1763 1885 1811 quae
1905 1745 1963 1794 de
1990 1744 2157 1795 Nostri

36 1815 147 1880 post
167 1816 453 1881 pubertatem
477 1813 632 1862 studiis
653 1814 882 1861 novimus.
950 1812 1052 1863 Etfi
1075 1829 1185 1862 vero
1209 1816 1344 1861 Pater
1368 1814 1395 1862 a
1416 1812 1656 1862 Musarum
1682 1814 1838 1861 inutili
1863 1812 2014 1860 studio
2042 1825 2155 1876 pue-

39 1888 150 1941 rum
172 1881 265 1929 fere
285 1879 569 1928 deterruisset
584 1913 601 1940 ‚
633 1892 689 1925 ut
711 1890 794 1926 toto
816 1880 1010 1927 Helicone
1041 1882 1207 1939 reneio,
1243 1879 1424 1928 Noster
1443 1878 1640 1928 scribere
1674 1891 1922 1929 conaretur
1942 1878 2075 1926 verba
2081 1875 2155 1941 soe

42 1945 138 1993 heta
158 1947 285 1993 modis
296 1967 321 2000 ·‚.
345 1957 549 1992 attamen
563 1978 578 2004 ,
610 1942 710 2005 ipso
734 1956 953 1991 canente:

177 2011 326 2071 Sponte
339 2009 422 2072 fita
446 2023 815 2067 carmennumeros
838 2008 1032 2055 veniebat
1054 2009 1115 2053 ad
1128 2019 1270 2070 aptos:

239 2074 330 2131 Et,
363 2072 472 2133 quod
485 2072 675 2118 tentabat
694 2071 851 2128 dicere,
884 2071 1028 2131 versus
1049 2082 1155 2117 erat.

47 2135 181 2187 Hinc
201 2137 318 2184 nihil
343 2137 539 2203 mirum,
564 2135 596 2181 fi
622 2134 764 2181 libera
777 2137 875 2198 jam
899 2148 1015 2199 toga
1036 2136 1225 2184 indutus
1248 2136 1303 2184 ad
1324 2136 1509 2186 delicias
1528 2135 1680 2182 statim
1702 2133 1888 2180 redierit
1904 2150 1919 2180 :-

176 2201 449 2263 Induiturque
471 2199 651 2247 humeris
673 2214 767 2245 eune
786 2201 871 2245 lato
888 2212 1077 2259 purpura
1098 2203 1242 2248 clavo:

241 2268 304 2315 Et
328 2264 524 2312 studium
548 2265 687 2320 nobis,
721 2263 829 2324 quod
839 2261 935 2324 fuit
961 2273 1089 2322 ante,
1124 2276 1296 2313 manet.

114 2331 182 2380 11.
214 2329 387 2378 Nihilo
418 2343 572 2375 tamen
604 2328 754 2375 minus
787 2325 917 2374 Naso
953 2327 1133 2387 noster,
1168 2345 1255 2391 pro
1285 2326 1730 2376 adolescentulorum
1764 2326 1834 2373 his
1869 2324 2158 2391 temporibus

53 2394 409 2452 consuetudine,
442 2393 729 2443 Rhetoricae
751 2389 1029 2439 Professores
1061 2392 1270 2454 audivit,
1304 2409 1355 2440 ac
1388 2390 1802 2441 declamationibus
1839 2389 1881 2439 se
1919 2393 1966 2439 in
1997 2406 2160 2439 eorum

50 2458 219 2510 scholis
241 2460 475 2518 exercuit,
510 2460 579 2507 uti
605 2474 688 2504 nos
709 2457 879 2504 Seneca
899 2471 1030 2521 patei·
1049 2456 1239 2518 docuit,
1273 2458 1383 2507 Lib.
1409 2458 1473 2507 ΙΙ.
1491 2457 1734 2506 Ὀοηῑτον.
1756 2471 1770 2502 ι
1790 2473 1828 2502 ι.
1852 2455 1930 2504 ubi
1954 2457 2013 2505 de
2033 2458 2162 2520 jure-

53 2523 246 2590 jurando
267 2525 422 2572 mariti
447 2525 491 2570 &
514 2524 672 2572 uxoris
703 2538 867 2586 agens:
905 2524 1122 2584 „Hanc.‚
1157 2525 1249 2583 ait,
1285 2523 1648 2571 controversiam
1685 2523 1875 2570 memini
1911 2538 1986 2569 me
2006 2521 2164 2567 videre

57 2621 94 2649 „
125 2590 332 2652 Nasonem
352 2589 602 2639 declamare
624 2588 745 2654 apud
768 2588 1029 2636 Rhetorcm
1054 2591 1263 2639 Arellium
1288 2591 1492 2652 Fuscum,
1524 2590 1656 2647 cuius
1676 2588 1861 2635 auditor
1889 2589 1992 2636 fuit0
2030 2587 2160 2635 Nam

64 2684 101 2712 „
133 2655 327 2702 Latronis
345 2653 590 2702 admirator
615 2667 708 2700 erat
725 2688 740 2712 ‚
755 2668 863 2701 cum
887 2653 1113 2701 diversum
1137 2653 1399 2718 sequeretur
1419 2653 1603 2703 dicendi
1628 2669 1772 2719 genus
1786 2675 1801 2709 5
1821 2653 2015 2700 habebat
2037 2652 2165 2698 enim-

65 2749 100 2776 „
133 2715 207 2762 ille
228 2719 430 2766 constans
454 2720 501 2769 δε
522 2720 688 2769 decens
712 2718 761 2765 δε
783 2717 975 2769 amabile
999 2720 1257 2782 ingenium.
1325 2713 1495 2768 Orat-io
1516 2721 1615 2782 ejus
1633 2721 1725 2783 jam
1764 2734 1862 2765 tum
1902 2717 2014 2765 nihil
2041 2716 2163 2763 aliud

55 2808 111 2839 «Β.
130 2790 313 2843 poterat
336 2781 508 2842 videri,
536 2801 674 2848 quam
699 2783 898 2834 solutum
922 2800 1117 2831 carmen.
1165 2785 1297 2835 Adeo
1321 2799 1473 2833 autem
1496 2778 1692 2834 studiose
1715 2786 1937 2833 Latronem
1962 2781 2163 2840 audivit,

65 2877 102 2906 ‚,
135 2856 189 2891 ut
214 2843 376 2891 multas
395 2847 489 2907 ejus
500 2846 795 2898 sententiasin
822 2848 971 2898 versus
993 2850 1094 2897 suos
1116 2849 1411 2900 transtulerit.
1453 2852 1503 2897 ln
1527 2865 1759 2899 armorum
1778 2850 1960 2913 judicio
1986 2848 2163 2896 dixerat

68 2941 104 2971 2,
136 2911 299 2959 Latro:
339 2909 581 2958 Mittamus
605 2928 726 2961 arma
747 2917 795 2965 in
818 2914 995 2973 hostes,
1031 2915 1077 2964 ὅ(
1106 2928 1342 2977 petamus3
1379 2915 1501 2980 Naso
1523 2916 1669 2966 dixit:

196 2976 338 3025 Arma
358 2977 447 3020 viri
458 2973 586 3036 fortis
604 2978 750 3027 medios
771 2984 998 3030 mittantur
1015 2982 1060 3030 in
1083 2980 1238 3043 hostes,

197 3039 297 3090 Inde
308 3038 452 3103 jubete
467 3043 558 3103 peti
579 3039 663 3099 (b).

1317 3112 1357 3162 F
1396 3125 1420 3159 a
2039 3139 2074 3166 „
2100 3104 2163 3153 Et

73 3227 96 3268 i
117 3168 150 3195 ⁸*
173 3164 310 3211 Nobis
328 3168 439 3213 enim
459 3180 544 3213 non
564 3169 721 3214 videtur
739 3168 844 3215 istius
865 3171 1015 3220 Poetae
1037 3176 1306 3231 Carnicum&
1328 3175 1414 3232 iam
1437 3173 1477 3218 in
1491 3155 2164 3224 HoraiiiVitaindicavimusffla&

105 3232 183 3330 Ἓξ)
201 3235 299 3323 ῗῖύ.
320 3275 352 3338 l.
371 3275 454 3321 Sat.
474 3279 514 3322 6.
571 3281 638 3333 (b)
664 3276 931 3334 Reperiuntur
952 3279 1130 3338 Metam,
1154 3281 1247 3330 Lib,
1271 3282 1392 3328 an.
1408 3281 1508 3327 vers.
1533 3294 1620 3326 120.
1644 3282 1727 3335 seq.
