2547 3708
411 170 502 224 180
920 157 1805 217 DEDICATI‘ONES
1872 177 1974 210 E’r

628 268 901 338 QUID.
970 284 1618 332 MORILLONII
1686 274 2267 344 DEDICATIO

1135 374 1211 421 Ad
1238 375 1465 438 Epistolas
1492 369 1773 421 Hero'l'dum.

927 464 1642 515 CLARISSIMO
1711 462 1985 509 VIRO

402 527 1153 631 FRANcmco
1237 562 1295 620 A
1369 534 2537 652 CAMPOGIRALDO'„

549 678 725 724 Merita
746 671 1132 736 sacratiffimarum
1155 670 1312 734 legum
1337 667 1759 779 laureadqdecorato,
1795 665 2032 729 Musisque
2055 666 2349 729 politioribus

1325 747 1475 780 ornati
1496 747 1624 780 fimo,

397 859 514 973 V
532 859 690 905 Eteres
715 858 809 916 illi,
844 873 1040 919 quorum
1068 853 1323 901 'aucstoritas
1360 867 1466 898 cum
1506 849 1721 914 sapientia
1742 849 1797 896 ad
1822 851 1935 898 haec
1959 849 2112 897 nostra
2134 849 2274 911 usque
2296 863 2499 917 tempora

551 923 768 986 prove&a
802 922 892 980 est,
927 922 966 967 F
969 919 1166 967 rancisce
1194 917 1421 964 nobilium
1448 915 1770 974 eruditissime,
1806 932 1900 962 non
1926 916 2076 961 minus
2099 915 2236 962 doffte
2255 932 2390 978 quam
2413 919 2498 965 ele-

391 1001 559 1051 ganter
585 1003 674 1035 tres
699 989 909 1045 Gratias,
946 1002 1053 1048 quas
1079 985 1249 1031 Graeci
1283 985 1494 1042 χώρας
1524 993 1722 1038 vocant,
1755 981 1819 1027 ita
1853 979 2191 1044 depingebant:
2230 993 2281 1026 ut
2321 997 2411 1044 una
2428 989 2503 1047 σεξτ·

390 1069 496 1100 rum
525 1054 668 1099 veluti
695 1051 721 1098 a
744 1052 874 1098 nobis
899 1048 1134 1113 profetffm,
1160 1047 1355 1094 aversam
1379 1047 1542 1092 faciem
1571 1045 1987 1107 teneret,reliquae
2007 1060 2119 1091 vero
2146 1045 2261 1090 duae
2284 1062 2367 1092 nos
2388 1044 2498 1112 aspi-
2530 1081 2531 1084 η

384 1130 566 1173 cerem.
638 1117 753 1174 Quo
785 1117 970 1179 quidem
1005 1114 1222 1176 exemplo
1248 1118 1518 1170 monemur,
1552 1110 1733 1173 accepti
1758 1109 1975 1156 beneficii
2000 1125 2232 1172 nunquam
2259 1111 2498 1159 immemo-

390 1196 462 1229 res
497 1180 582 1227 effe
619 1181 814 1228 debere:
848 1195 1008 1226 verum
1042 1180 1153 1224 illud
1178 1179 1333 1240 aliquo
1359 1193 1465 1223 cum
1491 1176 1673 1221 foenere
1695 1175 1958 1237 rependere.
2027 1174 2136 1238 Ego
2157 1177 2311 1237 itaque
2332 1171 2497 1239 prisccis
2523 1203 2533 1217 ν

388 1245 778 1304 aemulabundus,
813 1261 920 1291 cum
956 1242 1280 1290 attentiuscule
1314 1257 1496 1287 mecum
1520 1239 1819 1303 pensitarem,
1854 1252 2077 1303 quantum
2103 1240 2151 1285 in
2173 1255 2248 1285 me
2271 1253 2350 1293 tua
2374 1240 2500 1303 benig-

391 1312 543 1373 gnitas
581 1310 873 1368 contulisset,
908 1325 964 1355 ne
991 1310 1034 1354 id
1061 1311 1108 1353 in
1133 1308 1366 1370 ingratum
1396 1305 1637 1370 projecisse
1663 1303 1879 1363 videaris,
1912 1305 2081 1368 exigua
2103 1298 2497 1374 compensatione*²
2532 1316 2536 1333 ³

387 1389 468 1421 aut
505 1375 658 1422 saltem
685 1375 838 1438 aliquo
863 1386 1138 1437 argumento
1162 1368 1366 1418 animum
1389 1372 1595 1416 nostrum
1622 1370 1712 1416 tuis
1733 1369 1970 1416 beneficiis
1992 1385 2108 1433 pene
2142 1369 2362 1416 obrutum
2399 1384 2497 1423 tan-
2532 1366 2535 1415 ἔ

390 1440 545 1486 tillum
575 1441 722 1486 levare
747 1439 982 1486 constitui.
1021 1437 1206 1484 Idcirco
1232 1453 1338 1482 cum
1369 1435 1680 1499 superioribus
1703 1433 1862 1481 dieb-us
1885 1451 1911 1481 a
1927 1433 2293 1482 DialeEticorum
2317 1448 2498 1483 maean‘-
2532 1478 2535 1481 ,

387 1503 481 1550 dris
505 1517 707 1551 mentem
732 1505 1002 1561 relaxarem,
1037 1502 1207 1559 sacrum
1232 1501 1343 1547 illud
1359 1500 1593 1546 Musarum
1615 1498 1915 1546 diversorium
1939 1512 2177 1563 repetens,
2204 1500 2249 1545 in
2271 1500 2498 1549 Hero'idas
2525 1511 2535 1540 ι’

389 1568 487 1616 illas
514 1569 763 1616 Ovidianas
798 1568 920 1614 forte
953 1568 1119 1613 incidi:
1155 1567 1239 1614 Dii
1262 1567 1375 1612 boni
1397 1581 1532 1628 quam
1558 1564 1808 1627 multiplici
1832 1564 2092 1611 eruditione
2117 1563 2326 1624 refertas,
2362 1562 2508 1627 quani¹
2525 1585 2535 1605 ιι

388 1632 671 1696 lepidissimis
706 1632 864 1680 salibus
903 1631 1232 1679 concinnatas?
1274 1631 1575 1679 Omnetulit
1605 1629 1861 1694 punEtum,
1893 1642 1946 1676 ut
1979 1630 2130 1692 inqu'it
2162 1629 2384 1688 FlaccuS,
2418 1631 2499 1693 qui
2532 1657 2535 1705 Ι

389 1699 575 1745 miscuit
614 1699 724 1744 utile
758 1697 897 1743 dulci,
966 1696 1114 1754 Quod
1136 1696 1321 1759 quidam
1345 1708 1423 1742 aut
1448 1711 1613 1754 nemo,
1646 1706 1700 1741 ut
1727 1707 1873 1757 puto,
1906 1705 1984 1740 aut
2006 1693 2159 1740 noster
2182 1694 2259 1740 hic
2285 1694 2413 1740 Naso
2439 1693 2502 1748 est
2531 1712 2535 1743 ι

384 1764 634 1810 assecutus:
672 1763 751 1826 qui
773 1764 837 1808 ita
858 1759 1177 1820 seria-mellitis
1202 1760 1467 1824 figmentis,
1502 1759 1726 1823 figmenta
1749 1759 1867 1806 seriis
1894 1757 2080 1818 miscet,
2104 1771 2157 1805 ut
2180 1757 2280 1804 satis
2305 1757 2495 1819 nescias,

383 1829 545 1892 plusne
566 1828 804 1885 utilitatis,
839 1839 918 1873 aut
944 1818 1197 1890 voluptatis
1219 1842 1325 1890 prae
1360 1829 1401 1871 se
1433 1825 1561 1871 ferat.
1629 1824 1775 1883 Quod
1811 1840 1919 1870 cum
1943 1839 2278 1885 nonnunquam
2305 1825 2489 1889 egregie
2532 1832 2535 1868 i

383 1892 550 1939 fecerit
571 1927 587 1951 ,
634 1893 681 1938 in
716 1891 936 1954 Epistolis
982 1891 1241 1955 praesertim
1290 1890 1505 1953 singulari
1541 1891 1740 1952 quodam
1775 1889 1915 1935 modo
1950 1888 2065 1934 mihi
2110 1887 2269 1946 fecisse,
2296 1889 2509 1942 videtum·

384 1955 568 2004 Verum
592 1957 830 2003 enimvero
854 1955 928 2001 seu
953 1968 1220 2020 temporum
1244 1956 1438 2015 injuria,
1474 1953 1577 2013 scu,
1612 1953 1734 2017 quod
1759 1955 1908 2001 verius
1933 1952 2232 2011 crediderim,
2258 1953 2492 2007 Librario-
2532 1969 2536 2010 ᾗ

381 2037 486 2068 rum
510 2023 711 2080 incuria,
747 2034 840 2068 tam
866 2021 1124 2085 multijugis
1147 2021 1349 2077 mendis,
1385 2033 1478 2066 tam
1504 2017 1768 2066 monstrosis
1795 2018 2023 2065 erroribus
2044 2017 2304 2075 scatebant,
2338 2031 2391 2064 ut
2413 2034 2498 2064 ne-.
2533 2020 2535 2072 ξ

382 2102 494 2144 mo,
542 2087 835 2149 quantumvis
870 2086 1020 2144 mitis,
1057 2089 1103 2131 in
1138 2086 1234 2149 ipso
1270 2087 1418 2146 statim
1454 2085 1613 2131 limine
1647 2101 1742 2148 non
1779 2083 2154 2130 stomacharetur.
2223 2081 2383 2137 Quare
2419 2099 2490 2138 me

384 2166 551 2213 operae
579 2151 780 2212 pretium
807 2149 1033 2197 faeturum
1060 2150 1403 2210 existimabam,
1439 2149 1470 2197 fi
1495 2151 1587 2196 illas
1609 2149 1780 2195 nostras
1804 2147 2015 2194 asteriscis
2041 2145 2289 2192 transverso
2316 2146 2489 2196 calamo

381 2213 642 2272 illinerem,
677 2227 814 2277 atque
847 2228 901 2261 ut
941 2216 1298 2274 emendatiores,
1333 2215 1710 2272 examinatiores,
1745 2211 2085 2273 libratioresque
2113 2210 2410 2270 haberentur,
2446 2227 2491 2258 e-

381 2278 654 2325 laborarem.
725 2279 823 2326 Etfi
847 2296 961 2326 onus
984 2280 1113 2343 supra
1138 2282 1282 2337 vires,
1320 2278 1540 2324 malebam
1565 2290 1719 2324 tamen
1744 2276 1985 2322 audentior
2006 2276 2178 2334 videri,
2204 2293 2339 2339 quam
2366 2293 2490 2324 man-
2533 2296 2535 2326 ὲ

384 2342 659 2391 suetioribus
684 2343 862 2402 Musis,
896 2344 1083 2406 stupore
1107 2359 1243 2408 atque
1269 2358 1473 2390 marcore
1504 2340 1836 2406 squalentibus,
1873 2358 1957 2404 pro
1984 2342 2133 2387 nostra
2157 2343 2276 2388 virili
2304 2357 2488 2403 operam
2533 2354 2535 2398 ξ

381 2424 481 2455 non
516 2408 751 2471 praestare.
820 2407 1124 2472 Qapropter
1160 2409 1314 2455 curavi
1354 2408 1447 2454 illas
1470 2424 1562 2453 non
1586 2420 1766 2453 tantum
1794 2408 1950 2463 tersas,
1987 2403 2306 2468 emun6lasq‘ue
2331 2405 2504 2452 1·edde-'

382 2489 461 2535 re,
496 2488 657 2519 verum
691 2473 831 2518 etiam
868 2472 1030 2519 nostris
1061 2473 1370 2535 argumentis,
1408 2472 1662 2534 crebrisque
1686 2472 1731 2516 in
1760 2470 2040 2534 marginibus
2066 2471 2486 2530 annotatiunculiS,
2533 2514 2547 2528 ,.

380 2537 573 2582 novitiis
598 2537 831 2583 literarum
859 2536 1135 2584 Tirunculis
1170 2538 1344 2599 pervias
1379 2535 1578 2582 reddere.
1646 2535 1717 2582 Ut
1745 2534 1775 2580 fi
1801 2536 1909 2598 quid
1935 2536 2066 2581 nobis
2092 2534 2153 2581 ob
2175 2535 2221 2580 id
2243 2535 2488 2594 deberent,

384 2600 500 2658 tibi,
535 2615 748 2664 tanquam
786 2600 991 2660 auctori,
1027 2601 1364 2665 gratulabundo
1388 2602 1539 2647 animo
1564 2615 1806 2663 acceptum
1835 2601 2068 2647 referrent.
2139 2600 2319 2663 Accipe
2345 2600 2488 2663 igitur

383 2667 455 2712 vir
478 2663 952 2729 circumspe&iffime,
986 2666 1116 2712 hasce
1137 2665 1554 2729 quantulascunque
1579 2665 1800 2727 ingenioli
1827 2667 1965 2711 nostri
1989 2665 2239 2728 primitias,
2275 2681 2383 2728 quas
2407 2661 2490 2710 nbi

381 2729 691 2788 liberalissimo
726 2742 922 2793 patrono
959 2731 1139 2776 dedico.
1208 2732 1304 2777 Res
1336 2729 1401 2776 est
1431 2730 1701 2788 leviuscula,
1735 2745 1819 2775 nec
1848 2731 2059 2776 inficior:
2099 2745 2288 2788 verum,
2323 2743 2375 2774 ut
2397 2721 2505 2774 Pli-
2534 2738 2535 2782 l

382 2796 527 2841 nianis
564 2794 713 2840 verbis
741 2806 870 2852 utar,
908 2795 954 2839 δί
989 2797 1092 2842 Diis
1126 2794 1240 2842 laete
1278 2794 1462 2852 rustici,
1497 2796 1756 2856 multaeque
1783 2809 1944 2857 gentes
1969 2795 2253 2857 supplicant:
2291 2795 2338 2840 δί
2368 2791 2486 2839 mola

383 2871 564 2905 tantum
595 2858 694 2904 salsa
726 2858 886 2916 litant,
921 2860 999 2921 qui
1034 2877 1128 2905 non
1154 2860 1324 2906 habent
1349 2859 1499 2904 thura.
1568 2858 1811 2922 Quicquid
1850 2860 1892 2905 id
1921 2859 2004 2918 fit,
2040 2861 2122 2905 Dii
2145 2859 2320 2917 faxint,
2356 2870 2408 2904 ut
2432 2855 2485 2903 fit

384 2938 513 2969 meae
536 2938 644 2986 erga
667 2935 714 2968 te
736 2922 1045 2969 observantiae
1072 2926 1237 2989 pignus
1259 2923 1593 2986 sempiternum.
1632 2924 2061 2987 Vale,praefidium
2076 2958 2091 2984 ,
2126 2922 2176 2969 &
2195 2921 2331 2968 dulce
2351 2922 2484 2968 decus

382 3003 572 3044 meum,
608 2987 966 3051 Guidonemque
999 3001 1134 3037 tuum
1168 3004 1217 3036 in
1249 3004 1408 3041 eorum
1440 3004 1634 3036 numero
1672 2987 1945 3050 adscribito,
1980 2990 2059 3053 qui
2081 3002 2129 3036 te
2151 2987 2315 3036 colunt
2341 2986 2391 3034 &
2410 2999 2483 3034 ve·
2534 3010 2535 3039 i

381 3063 615 3102 merantur·

2534 2818 2535 2826 l

2533 2832 2535 2840 i

2327 3185 2535 3279 DO-3
