2547 3708
620 131 1540 186 PRAEFATIONES.
2075 162 2168 202 209

73 243 248 290 inicam
281 228 651 299 opinionem-his
678 225 907 285 versibus,
941 227 1019 290 qui
1046 225 1267 289 leguntur
1290 227 1336 273 in
1359 238 1526 290 quarto
1553 225 1690 291 hujus
1717 228 1865 291 operis
1887 229 2033 278 libro:
2069 237 2169 282 Sal.

72 307 195 352 monis
209 302 333 364 gelidi
349 300 515 359 patriae
537 297 778 342 Germanice
801 293 984 354 nostrae,
1019 292 1099 338 Me
1121 291 1338 353 miserant,
1374 292 1558 351 Scythico
1590 309 1715 354 qnam
1731 296 1877 353 procul
1897 298 1964 340 ille
1975 296 2062 356 fhlo
2084 294 2138 359 est
2152 317 2166 346 :

69 368 141 416 sed
161 379 265 413 ante
290 363 634 426 relegationem.
671 358 961 421 Inscripserat
982 358 1103 402 enim
1129 355 1221 401 hoc
1244 373 1361 419 opus
1385 357 1629 421 Augusto,
1665 362 1796 420 cujus
1819 357 2069 406 editionem
2092 363 2168 410 illa

69 428 374 496 indignissima
394 425 685 490 relegationis
709 423 937 470 calamitas
961 419 1220 483 impedivit.
1256 420 1380 484 quod
1405 422 1591 484 planum
1619 422 1684 469 est
1708 423 1876 470 horum
1909 425 2165 474 carminum

67 507 369 560 argumento,
402 507 516 554 quae
552 491 747 553 legimus
771 490 818 533 in
843 504 885 533 7..
908 485 1051 533 Trist.
1076 487 1150 532 Ne
1179 496 1319 532 tamen
1348 503 1460 534 ornne
1484 503 1617 533 meam
1651 489 1790 534 credas
1813 502 1907 549 opas
1930 490 2004 550 effe
2025 492 2167 553 remisL

54 561 180 624 sum,
215 560 341 619 Saepe
370 558 464 603 dedi
489 556 647 617 nostrae
673 554 856 616 grandia
881 553 982 598 vela·
999 553 1102 596 rati.
1140 552 1221 598 Sex
1252 567 1319 612 ego
1342 552 1557 612 Fastorum
1571 554 1746 615 stripst,
1780 555 2022 616 totidemque
2051 557 2168 602 libel-

63 627 145 684 los,
160 628 341 685 Cumqae
353 622 432 684 sao
447 621 580 683 finem
607 618 736 680 mense
758 619 915 664 libellus
935 615 1071 661 habet.
1106 616 1234 677 quue
1254 628 1323 661 tao
1331 616 1535 678 scriptum
1555 632 1680 678 nuper
1689 618 1772 680 fieb
1794 623 1950 666 nomine
1964 652 1979 677 ,
1994 621 2165 681 Caesar,

19 725 22 759 ἶ
63 690 126 736 Et
153 690 456 752 tibisacratum
469 686 564 748 sors
583 701 672 730 ntea
696 686 809 743 rapit
832 695 941 741 opus.
977 680 1046 726 Ea
1068 679 1286 741 scripsisse
1310 681 1540 728 Ovidium
1566 683 1746 730 constat
1775 699 1894 730 anno
1921 685 2074 747 primo
2098 683 2164 731 sui

18 769 21 805 1
61 753 188 801 exilii
213 753 418 800 nondum
443 745 669 811 impleto,
698 759 752 794 ut
774 745 992 793 fac111ime
1015 745 1162 807 quivis
1186 744 1380 807 diligens
1405 745 1551 793 leetm·
1583 748 1800 794 inveniet.
1835 764 1927 811 quo
1953 762 2165 813 tempore

18 816 21 884 ξ
62 818 176 864 nihil
209 819 290 865 nisi
327 816 478 864 flebile
507 812 534 860 a
557 813 598 860 se
629 812 851 875 scriptum
885 808 1079 856 fatetur:
1115 821 1197 866 ut,
1234 813 1436 856 Carmina
1454 810 1615 872 scripta
1652 813 1754 859 mihi
1776 811 1876 878 sant
1910 816 2053 873 nulla,
2087 824 2166 861 aut

17 888 20 942 l
59 886 201 945 qualia
231 886 386 940 cernis,
422 881 569 941 Digna
592 877 667 940 sui
696 877 849 923 domini
879 885 1083 934 ternpore,
1117 876 1242 936 digna
1276 875 1369 920 loco.
1438 875 1683 922 Caeterum
1709 876 1837 924 Naso
1861 877 2083 942 relegatus
2114 880 2164 928 in

15 1021 19 1067 Ι

26 205 28 233 s

58 948 293 1006 Pontum,
328 943 550 1009 plerisque
571 941 733 988 additis
763 956 814 986 ac
840 940 1054 997 mutatiS,
1089 939 1315 1001 inscripsit
1341 939 1434 985 hoc
1469 957 1586 1003 opus
1621 948 1716 988 non
1740 942 1936 988 Tiberio
1972 950 2053 1000 (ut
2076 942 2162 989 do-

17 1014 18 1020 ’
57 1011 282 1068 cebimus)
316 1011 389 1057 sed
414 1008 723 1065 Germanico,
759 1003 901 1052 Drusi
923 1004 1128 1066 privigni
1154 1003 1352 1067 Augusti
1382 1004 1512 1064 filio,
1546 1019 1598 1051 ut
1618 1009 1712 1069 ejus
1735 1006 2049 1054 intercessione
2079 1008 2162 1054 ali-

21 1103 35 1111 —·
57 1077 239 1138 quando
263 1074 616 1138 consequeretur
636 1072 815 1119 veniam
839 1069 910 1117 vel
929 1068 1128 1126 redituS,
1163 1069 1235 1114 vel
1260 1067 1386 1113 exilii
1407 1070 1617 1116 mitioris.
1652 1086 1766 1134 quae
1786 1070 1881 1132 spes
1901 1086 2004 1117 eum
2027 1071 2159 1119 fefel-

57 1142 138 1188 lit:
174 1158 277 1188 nam
313 1153 366 1187 ut
388 1137 655 1202 Augustum
688 1133 1018 1182 inexorabilem
1057 1133 1248 1191 habuit,
1282 1133 1346 1179 ita
1371 1132 1419 1178 &
1443 1133 1682 1197 postquam
1717 1135 1752 1181 is
1785 1135 1993 1182 humanis
2027 1135 2160 1184 rebus

56 1205 270 1266 exceffit,
305 1221 398 1251 non
429 1201 684 1249 diffimilem
715 1200 965 1247 Tiberium
998 1196 1154 1244 nactus
1186 1197 1266 1243 est.
1333 1197 1445 1244 Fuit
1474 1212 1626 1245 autem
1649 1199 2072 1261 Germanicus-(ut
2096 1202 2161 1247 ait

57 1272 324 1322 Suetonius)
360 1271 514 1332 ingenio
535 1270 579 1314 in
598 1277 767 1328 utroque
789 1266 1037 1326 eloquentiae
1071 1264 1355 1324 clobtrinaeque
1372 1279 1514 1325 genere
1535 1266 1826 1324 praecellenti,
1862 1265 1916 1316 ἐξ
1939 1266 2036 1311 adeo
2063 1268 2162 1312 lenis

54 1346 177 1397 atque
193 1336 407 1393 innoxius,
442 1343 490 1379 at
511 1333 595 1393 ejm
616 1332 847 1378 virtutibus
869 1340 1001 1375 motas
1020 1328 1259 1390 Augustas,
1293 1329 1364 1373 din
1386 1329 1747 1389 cunetatnsflterit
1761 1362 1777 1388 ,
1811 1344 1865 1374 an
1886 1331 2071 1391 eumstbz·
2081 1329 2160 1390 fa-

0 1438 2 1442 ,
53 1412 157 1446 ceret
168 1399 459 1462 fitcccffivrem,
491 1412 608 1460 quent
630 1397 792 1443 demant
809 1394 1086 1455 adoptandam
1110 1390 1269 1439 Tiberio
1292 1393 1417 1438 dedit.
1465 1392 1657 1439 Autoris
1680 1393 1802 1451 vita,
1824 1393 2049 1440 librorum
2074 1409 2160 1440 nu-

57 1476 233 1524 merus,
268 1465 316 1510 &
339 1464 424 1510 alia
448 1461 664 1525 quaedam
701 1461 748 1506 in
777 1457 1064 1523 exponendis
1086 1456 1322 1504 autoribus
1345 1454 1619 1503 considerari
1644 1456 1801 1515 solita,
1835 1457 1898 1503 ita
1927 1457 2160 1504 manifesta.

56 1528 184 1588 filnt,
219 1541 271 1575 ut
294 1527 505 1575 consulto
532 1525 558 1573 a
583 1525 716 1572 nobis
752 1536 1124 1588 praetereantur,
1159 1521 1444 1568 studentibus
1477 1521 1720 1568 brevitati:
1757 1537 1871 1585 quos
1901 1533 2081 1568 tantum
2110 1524 2160 1568 iu

53 1593 244 1640 modum
268 1594 316 1639 δε
349 1593 526 1655 privata
558 1590 820 1653 impediunt
854 1589 1074 1652 negotia,
1110 1587 1158 1634 ὃς
1179 1585 1391 1634 Fanensis
1424 1585 1679 1651 respublica
1711 1585 1794 1634 fibi
1830 1585 2072 1645 vendicat,
2105 1600 2159 1632 ut

36 1659 169 1707 'nihil
193 1659 278 1706 otii
298 1657 392 1705 fere
416 1656 471 1704 ad
494 1656 606 1703 haec
628 1655 772 1703 studia
795 1655 1092 1718 relinquatur.

361 1776 703 1825 PAULI
772 1772 1125 1821 MARSI
1195 1769 1843 1818 DEDICATIO

827 1879 933 1913 ante
958 1866 1100 1913 libros
1123 1863 1381 1911 Fastorum.

691 1959 796 2005 CL.
834 1957 1226 2005 GENEROSO
1255 1954 1522 2015 JUVENI

24 2051 518 2134 V-GEORGIO
560 2049 1080 2110 CORNELIO,
1123 2047 1202 2099 M.
1241 2043 1692 2100 CORNELII
1747 2038 2114 2108 EQUlTls

1027 2146 1166 2194 Filio.

42 2275 48 2280 ’
146 2269 372 2334 Ostquam
396 2271 510 2318 mihi
540 2287 596 2317 ex
623 2271 765 2334 longa
786 2268 1156 2333 peregrinatione
1188 2264 1333 2312 redire
1359 2261 1543 2310 tandem
1569 2274 1648 2307 tua
1669 2272 1854 2323 quoque
1881 2270 1988 2319 pace
2010 2252 2035 2300 e
2058 2254 2106 2302 V
2109 2270 2151 2300 er

100 2377 104 2381 .
164 2337 298 2383 netiis
318 2338 553 2396 Romam,
587 2335 709 2382 unde
733 2334 958 2381 decennio
991 2344 1096 2379 ante
1130 2330 1372 2388 cesseram,
1406 2328 1536 2375 velut
1568 2328 1614 2371 in
1639 2338 1830 2388 portum
1865 2321 1913 2367 &
1946 2332 2151 2383 optatam

27 2402 246 2464 (quietem
282 2400 444 2461 licuit,
479 2401 613 2448 retuli
640 2416 743 2459 me,
778 2400 842 2446 G.
868 2397 1092 2456 Corneli,
1125 2395 1178 2442 ad
1201 2411 1251 2441 ea
1285 2393 1456 2451 studia,
1493 2406 1606 2455 quae
1638 2403 1731 2435 tarn
1762 2388 1906 2450 longo
1941 2397 2153 2446 tempore

46 2465 395 2531 intermiseram,
431 2483 566 2530 quam
600 2466 746 2528 longo
774 2464 800 2510 a
833 2464 990 2526 patriis
1015 2460 1191 2508 sedibus
1225 2459 1490 2506 abfueram:
1527 2454 1781 2516 traditaque
1818 2449 2029 2514 publice,
2065 2463 2151 2493 nec

48 2532 259 2593 optanti,
296 2548 380 2578 nec
405 2532 582 2595 petenti
606 2531 723 2576 mihi
745 2528 999 2593 profitendi
1024 2526 1266 2590 provincia
1288 2524 1392 2571 fuit.
1462 2520 1618 2582 Qam
1645 2531 1699 2565 ut
1720 2516 1899 2564 arduam
1916 2548 1931 2572 ,
1965 2529 2016 2558 ac
2047 2527 2153 2583 per-

46 2594 279 2642 difficilem
306 2597 354 2643 in
387 2610 519 2644 tanto
548 2594 913 2643 doctissimorum
951 2588 1195 2639 hominum
1229 2602 1370 2636 coetu
1393 2584 1681 2633 libentissime
1712 2578 2034 2646 repudiassem,
2067 2574 2151 2623 nifi

47 2674 119 2706 me
142 2672 272 2707 vetus
294 2662 496 2709 amicitia
515 2661 570 2709 ab
597 2660 810 2708 instituto
834 2657 1237 2722 repuliffet,cujus
1261 2652 1533 2717 quotidiano
1558 2648 1756 2713 quodam
1779 2643 1995 2692 convicio
2019 2656 2149 2713 com-

46 2722 223 2786 pulsus,
257 2741 354 2772 eam
379 2727 561 2774 tandem
585 2725 845 2790 aggressus,
879 2725 1049 2787 lyricos
1077 2721 1229 2784 primo
1252 2719 1437 2783 quidem
1465 2731 1584 2762 anno
1608 2713 1889 2760 Horatianos
1905 2743 1920 2767 ,
1954 2722 2005 2753 ac
2028 2707 2150 2752 Ovi-

48 2787 112 2854 dii
133 2788 304 2837 Tristia
336 2791 678 2855 diligentissime
701 2791 1027 2853 interpretatus
1059 2786 1171 2833 sum.
1238 2784 1464 2830 Proximo
1487 2795 1596 2826 vero
1619 2777 1827 2825 divinum
1856 2771 1968 2819 illud
1992 2768 2149 2841 Fasto-

49 2869 148 2920 rum
175 2871 316 2916 opus,
350 2857 397 2901 in
430 2873 522 2919 quo
557 2869 632 2903 tot
665 2868 873 2903 veterum
908 2853 1148 2916 mysteria,
1183 2861 1258 2896 tot
1287 2847 1551 2910 mythicae,
1584 2840 1889 2907 physicaeque
1914 2832 2148 2882 obscurius

49 2919 286 2966 recondita
305 2918 407 2966 sunt
422 2955 437 2980 ‚
461 2936 624 2983 magna
644 2936 752 2966 cura
774 2935 825 2965 ac
846 2918 1113 2981 vigilantia,
1134 2914 1490 2974 auditorumque
1509 2907 1762 2970 frequentia
1782 2899 1961 2968 profeffi
1984 2897 2148 2970 sumus:

51 2984 107 3037 In
131 3001 224 3048 quo
248 2985 381 3032 nobis
404 3002 460 3032 eo
489 2986 632 3047 magis
659 2983 981 3029 elaborandum
1019 2982 1139 3039 fuit,
1176 2995 1269 3043 quo
1295 2992 1349 3024 ne
1376 2975 1567 3023 verbum
1601 2971 1784 3035 quidem
1821 2981 1963 3014 unum
1995 2961 2148 3024 efferri

50 3049 226 3112 potest,
261 3051 387 3114 quod
412 3067 506 3097 non
528 3050 583 3096 ab
610 3049 705 3106 his,
740 3047 904 3110 quibus
927 3047 972 3093 id
1007 3045 1258 3110 praestatur
1285 3042 1513 3099 muneriS,
1548 3037 1837 3099 excipiatur,
1873 3043 2147 3102 exceptum-

50 3129 136 3178 que
163 3118 404 3172 temerario
431 3115 629 3181 quodam
657 3114 833 3174 impetu
855 3114 1088 3175 vulgetur.
1125 3108 1352 3158 Dedimus
1378 3106 1522 3169 igitur
1545 3116 1759 3163 operam,
1787 3110 1837 3143 ut
1863 3095 2055 3165 fideliter
2077 3107 2146 3136 in-

52 3191 423 3243 terpretaremur:
461 3181 787 3243 &quanquam
823 3176 871 3222 in
905 3177 1091 3223 caeteris
1123 3172 1325 3220 dilucida
1353 3170 1549 3216 brevitas
1580 3165 1754 3229 semper
1784 3162 1986 3226 placuit,
2020 3172 2065 3201 in
2089 3170 2145 3199 eo

0 3271 1 3286 η
54 3255 207 3294 tamen
229 3263 368 3312 opere
390 3247 520 3296 nolui
541 3261 614 3294 me
635 3244 874 3292 continere
896 3241 1193 3299 terminiS,ut
1215 3236 1349 3285 multi
1373 3233 1517 3280 solent
1531 3247 1552 3291 ,‘
1570 3229 1800 3294 angustis,
1833 3225 1909 3288 qui
1933 3236 2026 3270 rem
2052 3219 2148 3282 ple-

1337 3299 1386 3346 D
1403 3297 1433 3344 d
2043 3298 2152 3330 run·
