2547 3708
770 151 831 207 P.
908 143 1325 204 OVIDII

1397 144 1926 204 NASONIS

579 255 750 328 Inque
776 267 960 324 pyram
988 260 1171 301 tecum
1196 244 1458 301 cariffima
1483 247 1709 319 pignora
1735 247 1912 302 mittas
1928 284 1946 312 ,

660 330 837 401 Quam
865 324 1028 378 finem
1051 321 1191 374 vitae
1217 319 1594 392 Sardanapallus
1622 317 1798 373 habet.

440 407 541 473 '3³15
584 402 771 471 thue
791 396 936 468 Jovis
961 393 1159 464 Libyci
1187 394 1447 466 templum
1479 393 1677 447 violare
1704 394 1963 465 parantiS,

661 471 797 529 Af'ta
821 469 971 524 Noto
1001 469 1175 522 vultus
1199 467 1399 523 condat
1427 484 1583 522 arena
1612 479 1750 523 tuos,

342 685 434 736 'Hinc
463 694 590 742 nattam
620 690 734 720 mater
757 707 767 725 ,
804 688 847 719 (ς’
866 688 992 716 amans
1021 684 1065 717 <9⁴
1091 686 1206 717 mater
1234 688 1335 717 ama-

501 745 560 773 vtt

397 794 519 839 Atque
539 762 658 823 ea'dem
679 782 777 821 vitae
797 780 900 832 causa
918 780 1073 830 necisque
1083 780 1175 828 fuit.

293 856 545 900 INTERPRES.

293 922 429 963 Fabula
441 921 517 961 five
536 919 683 959 historia
700 914 964 956 commentitia
976 940 988 959 ,
1015 910 1160 951 tametsi
1178 909 1339 949 Christo-

289 974 430 1024 phorus
461 974 634 1011 Zarottus
657 997 668 1014 ,
707 971 743 1007 &
768 966 935 1005 Andreas
964 963 1201 1013 Tiraquellus
1222 961 1339 999 veteri

293 1025 486 1074 interpreti
514 1022 624 1060 fidem
658 1019 870 1068 adjecerint.
923 1016 1099 1054 Carmina
1119 1022 1244 1052 autem
1269 1011 1340 1049 Ti-

293 1075 396 1115 bullo
420 1073 559 1124 prorsus
579 1071 738 1118 indigna·
790 1066 985 1106 videndus
1004 1067 1041 1104 in
1058 1065 1166 1114 hujus
1183 1064 1258 1103 loci
1272 1075 1338 1100 ex-

274 1127 510 1177 *planatione
532 1121 835 1161 Commentarius
846 1118 978 1157 noster.
1032 1116 1202 1154 SALVAG.
1230 1114 1339 1163 Mag-

294 1185 425 1218 netem
439 1176 588 1214 Gelone
600 1174 779 1211 Hieronis
793 1169 1050 1219 Syracusarum
1063 1167 1173 1215 Regis
1185 1165 1262 1203 filio
1274 1193 1285 1210 ,
1299 1166 1338 1202 &

295 1227 462 1267 Nereide
476 1225 680 1264 Alexandri
707 1223 942 1272 Epirotarum
957 1219 1069 1269 Regis
1089 1217 1162 1255 filia
1183 1225 1309 1255 natum
1326 1242 1338 1261 ‚

295 1290 317 1317 a
339 1275 704 1317 matreinterfec'tum
724 1302 732 1317 ‚
756 1272 859 1322 quod
879 1272 1004 1310 secum
1030 1270 1131 1308 coire
1152 1268 1337 1312 noluerit,

296 1335 298 1338 ⁴
331 1329 455 1368 uidam
476 1328 616 1367 dicunt.
669 1325 728 1364 sed
741 1322 1017 1362 auetoritatibus
1047 1322 1253 1369 (quantum
1273 1318 1340 1357 ha-

339 1392 429 1419 enus
458 1378 642 1425 videam)
681 1376 853 1415 nituntur
874 1373 993 1411 nullis.
1058 1371 1213 1410 Coa-³1.
1239 1370 1338 1409 Fan.

296 1431 392 1470 Sunt
421 1442 523 1469 mera
549 1429 691 1467 somnia
712 1456 722 1473 ,
760 1437 856 1476 quae
880 1432 984 1463 vetus
1004 1422 1212 1472 Interpres,
1241 1422 1333 1460 item

295 1481 492 1527 Zarottus,
521 1481 560 1518 ὃς
582 1479 661 1530 post
694 1490 757 1517 eos
773 1476 936 1517 Andreas
950 1474 1188 1524 Tiraquellus
1212 1474 1249 1511 in
1263 1485 1336 1511 no-

294 1533 519 1581 namlegem
541 1530 799 1569 connubialem
817 1556 827 1574 ,
865 1539 976 1566 num.
1001 1538 1083 1565 101.
1112 1525 1157 1564 de
1176 1523 1338 1563 Nereide

298 1584 457 1624 Gelonis
500 1594 617 1622 uxore
646 1588 815 1625 narrant,
853 1590 948 1628 quae
981 1578 1200 1627 Magnetem
1220 1575 1339 1614 filium

297 1637 455 1685 turpiter
474 1634 646 1673 adamans
669 1661 679 1677 ‚
707 1643 794 1670 eum
817 1630 1063 1679 refugientem
1086 1627 1341 1667 cantharidum

297 1697 452 1724 veneno
479 1685 665 1723 sustulerit.
718 1682 874 1730 Justinus
891 1680 1088 1730 enim‚qui
1117 1679 1177 1718 lib.
1197 1690 1338 1717 xxvnr.

300 1737 458 1776 Gelonis
480 1737 519 1774 &
552 1733 721 1773 Nereidis
752 1731 948 1776 meminit,
977 1732 1046 1769 hae
1067 1730 1113 1769 de
1135 1743 1173 1768 re
1191 1742 1240 1767 ne
1260 1741 1343 1767 ver-

300 1787 393 1827 bum
414 1787 567 1838 quidem
582 1815 593 1831 ,
624 1797 706 1824 eam
728 1783 804 1822 sine
827 1782 941 1821 dubio
964 1794 1043 1820 non
1066 1781 1289 1825 omiflurus,
1316 1780 1343 1818 fi

299 1850 356 1877 res
379 1840 428 1877 ita
448 1837 484 1875 se
505 1838 676 1880 haberet,
707 1834 905 1885 quomodo
926 1832 961 1870 se
982 1833 1115 1871 habere
1130 1831 1342 1871 commenti

298 1889 394 1928 sunt.
449 1888 544 1926 Mihi
564 1887 719 1936 Pyrrhus
738 1885 797 1924 ille
809 1883 1162 1933 defignarividetur,
1192 1883 1339 1932 quiter-

299 1941 372 1979 tius
391 1940 440 1979 est
466 1938 510 1977 ab
532 1950 602 1984 eo,
632 1938 734 1986 cujus
756 1948 810 1974 res
839 1936 877 1973 in
910 1934 1012 1972 Italia
1041 1934 1159 1982 gestae
1189 1944 1338 1971 memo·

302 1999 443 2029 rantur.
497 1989 573 2027 Hic
595 1989 694 2026 enim
710 1986 1101 2036 magniPyrrhinepos
1124 1986 1205 2023 fuit.
1233 1985 1340 2022 Prae-

301 2049 404 2081 terea
425 2040 622 2090 Olympias
635 2047 751 2076 mater
762 2038 859 2086 ejus,
890 2036 949 2073 vel
970 2036 1050 2073 avia
1067 2063 1077 2080 ,
1105 2043 1146 2073 ut
1167 2035 1340 2072 nonnulli

303 2093 460 2137 volunt,
487 2091 682 2140 Tigridem
712 2088 871 2138 puellam
904 2085 1132 2124 Leucadiam
1155 2086 1232 2134 ejus
1250 2096 1343 2122 con-

304 2142 479 2182 cubinam
508 2142 710 2188 Φαρμάκοις
743 2139 981 2182 ἀπέκτεινεν,
1019 2149 1151 2174 veneno
1177 2135 1344 2183 sustulit,

305 2194 428 2243 inquit
440 2194 651 2230 Athenaeus
677 2190 844 2228 libanu.
872 2197 1050 2235 pag-575.
1078 2187 1346 2224 EditionisCa-

306 2244 460 2283 sauboni
483 2272 492 2288 ‚
529 2253 567 2281 ut
589 2242 740 2291 suspicer
772 2240 953 2288 Pyrrhum
987 2249 1058 2275 una
1081 2248 1168 2275 cum
1189 2235 1346 2284 Tigride

308 2297 429 2334 amica
455 2294 633 2333 sublatum
672 2290 754 2329 effe.
808 2292 935 2338 Quam
964 2296 1060 2326 certe
1093 2285 1347 2336 conjetauram

309 2358 450 2395 magno
481 2346 532 2383 illi
562 2341 890 2381 Carthusianorum
924 2339 1245 2377 Anachoretarum
1270 2336 1351 2374 An-

309 2397 408 2435 nstin
424 2422 436 2442 ,
465 2395 603 2434 Carolo
615 2389 1223 2442 Affringuaeo‚senisan6tiffimo,
1251 2396 1292 2426 ut
1312 2388 1350 2426 in

310 2458 359 2486 eo
393 2447 536 2486 Ordine
557 2474 567 2491 ‚
595 2446 800 2495 pariterque
822 2441 1033 2480 doctiffimo
1048 2468 1059 2485 ,
1087 2449 1198 2491 atque
1217 2441 1347 2478 harum

311 2510 436 2536 rerum
471 2497 611 2536 idoneo
651 2494 875 2542 aestimatori
927 2493 1083 2530 memini
1115 2491 1350 2540 perplacere,

313 2560 399 2588 cum
419 2548 497 2587 istas
520 2559 619 2586 meas
644 2545 932 2585 Observationes
954 2554 1039 2582 cum
1063 2554 1110 2581 eo
1133 2542 1351 2581 communi-

312 2612 449 2639 carem.
502 2600 701 2637 SALVAGN.

366 2662 455 2702 309.
482 2652 579 2688 Diffi
601 2648 736 2699 moda]
767 2645 864 2685 Difti
898 2659 1028 2698 quoque
1059 2645 1150 2684 alter
1176 2646 1327 2695 Regius.

368 2714 453 2751 310.
492 2698 800 2749 Cantharidum]
840 2697 1078 2736 Vermiculus
1116 2697 1177 2735 hic
1203 2696 1280 2734 ficis
1315 2697 1353 2735 &

317 2754 461 2791 fraxino
483 2754 520 2791 ἃ
534 2754 634 2791 albae
657 2749 957 2789 rosaeinnascens
971 2777 982 2795 ,
1010 2759 1052 2786 ac
1073 2759 1233 2797 peucae,
1252 2759 1354 2796 prae-

317 2803 530 2841 sentaneum
552 2814 740 2841 venenum
762 2801 929 2838 habitum
944 2827 954 2844 ‚
983 2808 1022 2837 ut
1041 2807 1166 2837 tamen
1188 2798 1354 2837 remedia

319 2853 442 2892 secum
457 2855 614 2892 habeant
633 2854 710 2890 alae
726 2881 735 2896 ‚
772 2851 914 2900 quaein
934 2862 1156 2899 quacunque
1175 2860 1275 2898 parte
1290 2861 1355 2888 ve·

319 2916 460 2942 nerium
491 2904 531 2942 sit
553 2932 564 2948 ,
601 2904 850 2946 auxili-autum
900 2902 1106 2939 memoriae
1143 2901 1356 2950 proditum,

321 2955 489 2993 Cossinio
532 2956 656 3004 Equiti
696 2956 873 2991 Romano
905 2955 942 2989 ὅ(
975 2952 1136 2989 Neronis
1178 2952 1349 3000 principis

322 3007 484 3047 amicitia
504 3006 602 3043 claro
624 3033 633 3049 ‚
677 3004 767 3041 dum
790 3004 958 3041 Lichene
981 3010 1167 3050 correptus
1189 3001 1275 3039 effer
1290 3030 1299 3046 ,
1328 3001 1349 3039 a

323 3056 472 3095 medico
496 3056 586 3093 datis
614 3054 796 3092 interiiss‘e.
822 3056 892 3092 hae
922 3052 1091 3091 Uticensi
1121 3053 1255 3090 Catoni
1283 3052 1351 3090 ob-

320 3107 441 3157 iectae
462 3107 499 3143 in
522 3106 749 3156 Cypriiregis
774 3104 945 3143 auctione
959 3133 969 3150 ‚
1006 3115 1093 3153 quas
1113 3103 1276 3142 sestertiis
1297 3103 1358 3141 60.

322 3155 535 3203 addixisset,
563 3168 639 3195 non
659 3157 750 3192 tanti
769 3167 933 3203 gemmas
960 3155 1194 3199 venditurus,
1223 3155 1351 3203 quanti

324 3207 874 3248 nuncvencnum.EGNAT1us.
897 3205 1133 3243 cantharides
1145 3216 1255 3254 parva
1267 3204 1350 3242 sunt

325 3260 517 3307 animalia,
541 3260 658 3303 varia,
685 3256 927 3301 luteislineis,
954 3268 1042 3307 quas
1055 3258 1090 3296 in
1100 3256 1351 3310 pennistrans-

2324 546 2426 602 Ut..

1389 676 1515 716 versas·
1529 676 1684 723 habent,
1713 688 1872 728 quorum
1897 676 1917 716 ἒι
1937 685 2029 728 potu
2047 678 2220 719 accidunt
2235 680 2429 731 asperrima

1390 729 1563 787 omnium
1580 730 1618 768 δί
1640 727 1854 768 difficillima
1876 730 2153 780 symptomata,
2181 732 2240 770 sed
2264 736 2429 773 maxime

1394 780 1520 818 mfesta
1551 779 1633 819 sunt
1658 780 1802 820 renibus
1833 782 1872 819 &
1902 781 2044 821 vesicae
2067 810 2077 827 ‚
2116 793 2278 833 cumque
2307 785 2361 823 his
2383 798 2430 824 ex

1393 828 1557 880 profefl‘o
1578 832 1788 870 inimicitias
1808 844 1979 872 exercere
2002 833 2185 871 videntur.
2240 835 2433 875 Canthari-

1397 882 1486 940 dum
1507 891 1634 939 aut-em
1657 895 1847 922 venenum
1870 885 1906 922 in
1930 896 2001 934 qua
2021 893 2122 934 parte
2138 883 2180 921 fit
2200 897 2277 923 non
2290 897 2432 926 conve-

1396 941 1471 991 ¹¹¹9.
1514 933 1589 971 Alli
1627 935 1665 972 in
1700 934 1850 982 pedibus
1885 936 1923 973 δί
1955 937 2072 985 capite
2112 935 2320 974 existimant
2349 937 2439 978 effe..

1396 984 1479 1041 Aln-
1501 994 1648 1041 negant.
1700 985 1798 1023 Inter
1827 998 1959 1024 omnes
1988 986 2127 1025 conflat
2146 998 2282 1036 pennas
2304 999 2431 1027 earum

1397 1035 1561 1074 auxiliari
1585 1037 1621 1074 in
1641 1047 1883 1086 quacumque
1903 1045 2003 1085 parte
2024 1037 2277 1076 fitvenenum.
2333 1038 2433 1088 Ipsae

1394 1087 1589 1125 nascuntur
1622 1099 1666 1125 ex
1699 1087 1905 1126 vermiculo
1935 1088 1973 1125 in
2001 1088 2153 1137 spongia
2184 1088 2348 1127 maxime
2368 1102 2435 1140 cy-

1394 1138 1577 1176 norrhodi
1599 1164 1610 1183 ,
1646 1149 1742 1188 quae
1773 1137 1815 1176 fit
1835 1139 1872 1177 in
1895 1138 2021 1183 caule,
2050 1139 2110 1177 sed
2131 1140 2441 1181 foecundiffimae

1394 1190 1433 1226 in
1453 1189 1611 1228 fraxino.
1665 1189 1896 1230 Calefaciunt
1909 1190 1947 1227 δε
1967 1188 2101 1228 ficcant
2121 1189 2264 1229 excessu
2287 1201 2436 1242 quarto,

1395 1248 1537 1284 urunt,
1565 1240 1749 1286 erodunt,
1777 1240 2009 1284 mordicant,
2037 1242 2298 1289 putrefaciunt.
2327 1243 2437 1282 Cice-

1398 1302 1441 1329 ro
1461 1291 1595 1349 ‘lib.1x.
1623 1291 1735 1340 Epist.
1757 1300 1818 1330 21.
1841 1291 1886 1330 ad
1906 1291 2090 1341 Papirium
2112 1292 2290 1340 Paetum,
2317 1293 2439 1334 scribit

1403 1343 1537 1400 Cajum
1570 1342 1798 1392 quemdam,
1827 1342 2017 1381 accusante
2047 1342 2092 1380 L.
2108 1342 2259 1389 Crasso,
2289 1346 2439 1384 cantha-

1396 1394 1491 1432 ridas
1503 1392 1682 1443 sumpisse.
1710 1393 1880 1432 SALVAG.
1908 1393 2145 1432 cantharides
2157 1393 2270 1443 saccos
2287 1395 2439 1434 Bonon.

1392 1445 1630 1493 Theffalt'dum
1697 1445 1835 1494 Regius
1876 1445 1915 1484 δε
1973 1444 2050 1484 duo
2092 1445 2164 1483 alii.
2237 1445 2444 1496 The-[salida

1392 1496 1565 1535 Francos.

1418 1599 1425 1606 ς
1447 1559 1531 1597 311.
1560 1552 1641 1585 Aut
1657 1547 1717 1597 pia
1739 1557 1771 1585 te
1793 1543 1923 1596 caesa]
1952 1547 2109 1586 Leucon
2126 1574 2136 1591 ,
2164 1558 2258 1586 unus
2281 1559 2327 1586 ex
2339 1548 2441 1588 Pon-

1399 1601 1481 1637 ticis
1513 1599 1675 1648 Regibus
1695 1627 1706 1644 ‚
1744 1599 1955 1647 Spartacum
1992 1599 2140 1637 fratrem
2165 1597 2269 1636 suum
2291 1599 2444 1638 interfe-

1399 1651 1475 1695 cit,
1503 1658 1730 1699 provocatus
1761 1649 1805 1688 ab
1837 1660 1953 1687 uxore
1985 1649 2065 1695 sua,
2093 1660 2205 1697 quam
2227 1661 2310 1687 cum
2331 1651 2444 1689 vellet

1399 1700 1594 1740 adulterari
1627 1701 1784 1740 Leucon
1807 1728 1818 1746 ‚
1853 1700 1897 1738 ab
1928 1710 1971 1737 ea
1990 1698 2204 1737 interfe&us
2229 1699 2279 1737 est
2303 1727 2313 1746 ,
2341 1701 2442 1740 unde

1399 1752 1543 1790 Arion:

1451 1828 1584 1860 Leucon
1605 1819 1729 1859 occidit
1746 1821 1899 1867 fratrem
1916 1827 1976 1869 pro
1998 1819 2154 1867 conjuge,
2183 1827 2329 1866 eumque

1509 1873 1647 1922 Conjux
1659 1887 1672 1917 ;
1693 1870 1744 1922 fic
1763 1870 1866 1921 causa
1886 1869 1998 1908 caedis
2018 1872 2174 1921 utrisque
2186 1869 2275 1916 fuit.

1397 1938 1640 1976 INTERPRES.
1679 1935 1808 1975 Strabo
1833 1935 1896 1974 lib.
1912 1947 1990 1973 ·v11.
2029 1935 2217 1972 Leuconis
2244 1931 2446 1982 cujusdamv

1397 1990 1593 2034 meminit,
1621 1988 1684 2036 qui
1704 1986 1936 2034 Panticapaei
1951 2013 1961 2029 ,
1991 1985 2189 2023 &aliarum
2205 1983 2441 2034 quarundum

1399 2040 1546 2078 urbium
1561 2039 1695 2082 Ponti,
1723 2048 1785 2075 rex
1819 2037 1900 2074 fuit.
1926 2036 1972 2073 de
1992 2047 2070 2085 quo
2090 2047 2136 2073 an
2155 2035 2448 2085 intelligendum>

1401 2091 1476 2127 hoc
1504 2091 1593 2127 loco
1619 2088 1660 2126 fit
1684 2116 1694 2132 ,
1723 2088 1887 2136 ambigo.
1922 2087 2009 2136 quia
2032 2095 2169 2125 certam
2191 2086 2309 2124 adhuc
2330 2084 2443 2122 histo·

1403 2142 1497 2178 riam
1520 2152 1599 2178 non
1627 2139 1796 2178 invenio.
1849 2139 2002 2175 Com-r.
2030 2137 2124 2173 Fan.
2154 2136 2282 2174 Strabo
2299 2136 2446 2173 lib.v11.

1405 2192 1598 2228 Leuconis
1620 2190 1821 2232 meminit,
1850 2196 1890 2225 ut
1914 2188 2004 2236 regis
2016 2187 2160 2225 Pontici
2175 2215 2186 2232 ,
2213 2187 2273 2225 sed
2293 2186 2453 2234 amplius

1404 2240 1495 2278 nihil
1525 2239 1638 2279 addit.
1692 2239 1871 2276 Mici'u..
1915 2238 2035 2275 Vetus
2074 2237 2256 2286 interpres
2280 2239 2318 2276 in
2347 2237 2448 2275 hunc

1404 2290 1556 2336 locum,
1589 2296 1722 2328 Leucon
1747 2302 1837 2327 unus
1869 2302 1911 2327 ex
1943 2288 2092 2327 Ponticis
2126 2288 2269 2338 Regibus
2289 2299 2363 2329 &a
2388 2287 2450 2325 Fi==

1406 2341 1468 2380 des
1496 2342 1571 2380 esto
1601 2353 1715 2391 penes
1744 2340 1967 2378 Authorem.
1997 2341 2034 2378 &
2066 2340 2186 2378 Arion
2208 2339 2338 2379 auetor
2355 2337 2450 2381 ficii-3

1407 2395 1490 2432 tius.
1520 2393 1631 2431 Certe
1644 2392 1835 2431 Diodorus
1854 2392 1917 2430 lib.
1936 2402 2015 2429 x1V.
2045 2391 2134 2429 item
2156 2391 2285 2429 Strabo
2304 2390 2450 2429 lib.v11.

1408 2445 1632 2483 Leuconem
1655 2443 1852 2482 Cimmerii
1872 2442 2052 2490 Bosphori
2075 2443 2242 2492 Regem,
2269 2441 2450 2480 eundem-

1409 2507 1482 2546 que
1513 2496 1672 2546 Spartaci
1708 2502 1850 2544 patrem
1884 2492 1990 2532 fuisse
2030 2493 2283 2541 prodiderunt.
2335 2489 2453 2540 Quod

1409 2554 1535 2586 autem
1557 2546 1723 2585 Valerius
1745 2545 1910 2584 Andreas
1935 2542 2053 2581 asserit
2080 2544 2190 2581 Ponti
2221 2544 2340 2591 Reges
2363 2548 2451 2578 Leu-

1410 2611 1504 2637 cones
1524 2597 1750 2648 appellatos,
1779 2606 1912 2634 vereor
1932 2603 1972 2631 ut
1995 2593 2213 2631 Strabonem
2239 2593 2460 2631 Authorem

1410 2650 1514 2689 suum
1536 2648 1769 2687 intellexerit.
1797 2646 1999 2691 Satvaou.
2022 2649 2128 2681 Leuca
2155 2643 2242 2681 edit.
2254 2643 2453 2693 quaedam.·

1410 2701 1457 2739 de
1478 2707 1625 2738 Leucone
1648 2700 1686 2738 &
1707 2697 1852 2747 regibus
1875 2695 2093 2744 Bosporanis
2107 2695 2274 2732 Perizon.
2302 2694 2346 2732 ad
2377 2695 2457 2732 Ae·

1409 2752 1494 2791 lian.
1516 2752 1602 2789 Var.
1627 2750 1719 2787 Hist.
1743 2761 1797 2787 vi.
1815 2759 1871 2796 13.
1901 2747 2061 2784 Leucon
2082 2745 2194 2783 etiam
2216 2744 2459 2782 Athamantis-

1411 2802 1503 2841 filius
1531 2809 1760 2841 memoratur
1788 2811 1808 2836 a
1838 2796 2071 2847 Mythologis
2094 2825 2104 2842 ,
2143 2795 2203 2834 sed
2234 2796 2294 2834 ille
2313 2796 2448 2834 morbo

1413 2854 1528 2899 obiit,
1556 2852 1643 2890 teste
1655 2850 1826 2889 Pausania
1853 2849 1979 2887 lib.1x.
2001 2859 2078 2896 cap.
2096 2858 2157 2896 34.
2178 2847 2310 2885 Euan.

1465 2916 1550 2954 312.
1579 2901 1756 2951 Vindice]
1787 2899 1917 2947 Judice
1936 2899 2107 2937 Francos.

1459 2967 1544 3005 313.
1576 2960 1680 3002 Inque
1706 2961 1832 3001 pyram
1864 2948 2018 3000 tecum]
2070 2947 2326 2998 Sardanapalus
2350 2974 2361 2994 ,
2401 2947 2448 2993 de

1410 3007 1510 3055 cujus
1531 3006 1681 3044 interitu
1702 3003 1898 3041 Lucretius
1914 3003 1963 3040 ait
1979 3014 1988 3039 ι

1463 3076 1508 3106 Ut
1529 3082 1608 3107 cum
1627 3067 1786 3117 defuneto
1810 3067 1922 3114 major
1942 3064 2120 3103 moriatur
2141 3062 2274 3099 amicus
2288 3066 2300 3107 ,“

1515 3125 1713 3159 Aeternum
1739 3131 1870 3158 morem
1889 3113 2155 3164 sardanapalus
2175 3113 2291 3152 habet.

1407 3194 1607 3232 INTERPR.

1407 3255 1501 3303 Quis
1523 3266 1601 3295 non
1629 3256 1879 3306 puditissimos
1895 3251 2016 3294 versus
2045 3252 2074 3291 a·
2100 3251 2279 3292 Lucretio
2301 3252 2452 3342 abdgati

2410 3315 2451 3342 0⁴¹⁴
