2547 3708
348 151 423 204 64·
979 123 1834 183 1³.ov·1D11V1TA

479 231 624 296 Tristis*
641 232 703 279 ad
722 227 1015 294 Hypsipylen
1042 228 1096 273 ab
1116 225 1281 286 jasone
1299 226 1445 272 littera
1468 225 1608 270 venit:

547 300 641 346 Det
663 308 806 344 votam
830 295 994 341 Phoebo
1021 290 1184 338 Lesbis
1203 301 1344 336 amato
1367 292 1515 346 lyram.
2458 331 2461 333 ,
2526 319 2538 344 a>

353 364 459 411 Illas
494 379 604 413 vero
634 360 860 425 Epistolas
894 359 950 404 ab
987 356 1168 404 ovidio
1197 357 1291 418 jam
1329 364 1435 399 ante
1461 354 1613 397 Artem
1640 350 1911 396 Amatoriam
1934 347 2123 412 'publici
2149 350 2266 414 juris
2300 351 2488 418 fa&as;‚
2526 345 2533 364 Γ

353 428 546 493 ipsemet
572 426 680 475 Lib.
708 426 799 471 111.
833 421 1031 486 ejusdem
1055 421 1183 467 Artis
1205 416 1483 475 confirmat,
1517 431 1633 464 vers.
1664 427 1772 476 345.
1799 419 1907 475 346.
2415 421 2418 423 ’
2493 434 2497 437 »

487 495 573 542 Vel
593 493 671 537 tibi
695 492 907 549 compofita
929 496 1117 534 cantetur
1147 482 1351 546 Epistola
1370 497 1465 528 voce
1477 501 1494 537 3

553 560 740 619 Ignotum
761 554 833 598 hoc
852 554 949 599 aliis
980 553 1049 597 ille
1068 552 1248 596 novavit
1267 561 1377 607 opus.
2465 599 2467 602 Ι
2505 598 2507 601 ⁴

357 622 545 671 Inducit
580 634 746 681 nempe
770 618 917 664 Poeta
942 612 1184 678 quemdam
1200 646 1215 672 ‚
1249 611 1330 674 qui
1352 625 1458 656 eum
1479 607 1610 656 velut
1632 610 1680 656 in
1704 620 1799 654 arte
1818 607 2000 655 amandi
2024 608 2306 674 Magistrum
2330 609 2470 661 secla*
2536 659 2538 661 ,

357 701 431 735 tus
455 686 591 750 ipfius
617 687 778 748 Opera
800 681 989 728 caeteris
1013 678 1253 735 indicarit,
1282 692 1339 723 ‘ac
1361 675 1589 737 imprimis
1608 674 1866 737 aperuerit,
1889 674 2092 720 Heroides
2116 675 2172 722 ab
2195 691 2251 722 eo
2275 679 2484 726 concin-v

358 765 483 799 natas
495 772 512 808 3
549 748 674 813 quod
705 748 802 794 aliis
835 761 971 796 verus
1007 742 1187 791 Αυόὶοι·
1221 740 1372 788 fuisset
1404 741 1608 804 ignotus.
1677 737 1858 785 Confer
1892 737 2138 786 verficulos
2170 739 2371 804 superius
2395 742 2472 796 Ne-

362 832 379 864 1
398 832 434 863 1.
459 813 709 879 appositos.
2460 831 2486 865 .'

428 880 521 928 IV.
557 877 658 926 Abs·
686 893 734 925 re
754 893 849 924 non
869 876 957 922 erit
980 873 1028 922 &
1054 873 1134 921 hic
1156 869 1430 930 observasse,
1466 885 1579 934 quae
1605 868 1703 916 Dio
1727 867 1786 928 (a)
1810 867 1864 915 ad
1887 868 2013 916 hunc
2037 885 2206 917 annum
2235 870 2292 917 de
2313 873 2479 922 Liviae·

356 947 534 992 Porticu
565 943 737 1003 tradit,
773 944 905 1006 cujus
930 939 1059 987 Naso
1090 940 1139 985 in
1161 941 1271 985 Arte
1296 939 1524 984 Amatoria
1560 949 1644 980 ceu
1664 934 1761 996 jam
1785 934 2110 982 exaedificatae
2135 937 2346 984 meminit
2361 959 2377 994 3
2415 937 2502 996 1ἰ-,,

359 1008 546 1074 quidem
572 1008 621 1056 &1
646 1008 756 1054 hinc
784 1007 931 1071 palam
959 1005 1070 1063 fiet,
1107 1001 1344 1049 Nasonem
1369 1000 1550 1048 nonnifi
1580 998 1684 1063 post
1710 998 1822 1044 haec
1847 1011 2058 1062 tempora
2093 1015 2190 1047 eam
2215 1002 2382 1049 Artem
2408 999 2487 1050 es?

358 1076 401 1122 se
423 1074 657 1120 molitum.
725 1072 989 1118 Historicus
1013 1070 1160 1133 igitur
1182 1067 1258 1113 ille
1280 1066 1478 1124 nobilis,
1514 1080 1621 1111 cum
1648 1064 1775 1112 Vedii
1794 1064 1996 1117 Pollionis
2021 1079 2219 1113 mortem
2236 1101 2252 1126 ‚
2287 1066 2336 1113 &
2361 1083 2472 1132 quae

360 1138 578 1202 Augusto
613 1135 811 1200 aliisque⁴
829 1137 1087 1200 legaverat,
1122 1131 1415 1191 narravisset,
1449 1129 1603 1178 addit:
1640 1129 1849 1190 Juffitque
1883 1128 2097 1189 (Vedius)
2132 1142 2180 1177 ut
2199 1132 2357 1192 Populo
2382 1147 2475 1193 per-

351 1207 543 1267 pulcram
577 1217 672 1265 opus
687 1202 933 1264 strueretur.
1000 1200 1110 1260 Ejus
1133 1200 1261 1259 operis
1273 1197 1465 1260 faciendi
1480 1205 1729 1257 praetextu,
1764 1210 1809 1241 re
1830 1204 1970 1240 autem
1993 1211 2124 1255 vera,
2156 1212 2206 1243 ne
2227 1198 2336 1258 quod
2354 1199 2406 1246 V
2399 1199 2480 1257 edii
2500 1216 2503 1222 ‘

362 1273 404 1317 in
418 1270 530 1316 Urbe
548 1268 726 1330 exstaret·
750 1275 1079 1322 monumentum,
1116 1265 1293 1310 Amans
1318 1263 1521 1308 Pollionis
1531 1260 1729 1322 funditus
1750 1262 1903 1309 evertit
1923 1261 2158 1322 Augustus:
2183 1265 2326 1323 Atque
2344 1263 2506 1311 P0R--·
2534 1299 2535 1303 ,

365 1350 493 1381 'rxcu
527 1334 588 1380 ibi
620 1333 925 1391 circumdutta,
958 1347 1037 1378 non
1057 1330 1290 1388 Pollionis,
1310 1327 1391 1390 scd
1412 1326 1604 1373 L1v1AE
1625 1340 1767 1372 nomen
1788 1323 2004 1386 inscripfit.
2070 1327 2156 1374 Sed
2174 1326 2273 1372 haec
2287 1327 2494 1388 posterios*
2535 1376 2540 1390 η’

365 1400 481 1446 ribus
515 1396 669 1457 (NB.)
704 1398 949 1458 temporibus
972 1395 1101 1457 faita
1127 1392 1248 1456 fient.
1318 1391 1519 1440 Ovidius
1553 1402 1708 1438 autem
1750 1388 1939 1437 eandem
1964 1390 2206 1439 Porticum
2237 1391 2368 1441 velut
2384 1394 2480 1457 jam

366 1461 680 1510 construfizam
705 1475 932 1508 memorat
956 1462 1059 1506 Art.
1087 1458 1244 1505 Amat.
1268 1456 1380 1505 Lib.
1407 1457 1445 1502 1.
1470 1472 1585 1503 vers.
1612 1471 1690 1520 71.
1716 1469 1796 1516 72.
1867 1491 1873 1497 .
2496 1484 2498 1486 .
2536 1462 2539 1469 ·

495 1529 592 1575 Nec
616 1529 695 1574 tibi
719 1529 903 1585 vitetur,
940 1541 1042 1588 quae
1057 1522 1202 1585 priscis
1212 1522 1366 1585 sparsa
1390 1522 1581 1582 tabellis,

560 1593 778 1639 Porticus
799 1594 978 1638 auHoris
1004 1589 1140 1636 Livia
1164 1604 1305 1637 nomen
1322 1587 1460 1634 habet.
2478 1614 2510 1646 ‚s
2537 1582 2542 1609 =⁸

365 1657 446 1706 Sic
482 1656 530 1704 ὃς
554 1656 665 1704 Lib.
691 1657 783 1704 ΠΙ.
817 1672 924 1703 cum
961 1653 1176 1702 Porticus
1199 1653 1419 1716 Pompeji
1453 1668 1506 1699 ac
1529 1651 1761 1716 Apollinis
1793 1651 1990 1699 Palatini
2023 1648 2267 1710 laudasset,
2302 1663 2415 1698 mox
2438 1658 2540 1708 a-gsst.

368 1722 477 1783 llas,
512 1723 668 1769 Liviae
690 1722 938 1780 nimirum,
972 1721 1210 1777 Offaviae,
1246 1716 1296 1766 &
1316 1721 1529 1780 Agrippae
1554 1717 1623 1764 his
1645 1717 1866 1780 indigitat
1889 1715 2066 1774 verbis,
2101 1731 2216 1763 vers.
2248 1729 2268 1778 3
2277 1731 2354 1772 91.
2382 1729 2402 1780 3
2409 1722 2512 1772 9241'
2537 1725 2539 1742 ²

500 1788 704 1852 Qaeque
729 1787 874 1834 Soror
900 1784 987 1846 (b),
1023 1784 1295 1847 Conjuxque
1319 1784 1404 1844 (c),
1441 1783 1590 1830 Ducis
1619 1781 1707 1843 (d),
1740 1791 1999 1829 monumenta
2011 1791 2252 1843 pararunt:
2366 1791 2368 1794 ’
2484 1778 2513 1817 fi*
2537 1750 2541 1824 i

567 1853 820 1913 Navalique
839 1866 981 1914 gener
1006 1848 1068 1910 (e)
1095 1852 1249 1896 cincius
1268 1849 1416 1896 honore
1436 1859 1574 1909 caput.¹

373 1917 488 1964 Nec
513 1916 606 1962 hoc
632 1915 739 1962 loco
767 1914 1095 1978 praetereunda
1121 1914 1283 1961 Liviae
1306 1914 1524 1960 Porticus
1547 1910 2007 1975 descriptio,Dionis
2032 1912 2343 1960 narrationem
2367 1908 2485 1960 haud
2537 1923 2541 1959 ἰ

370 1996 534 2044 parum
559 1979 809 2038 illustrans,
844 1996 980 2042 quam
1011 1978 1190 2025 Noster
1211 1976 1406 2024 exhibet
1430 1977 1470 2022 F
1473 1976 1608 2023 astor.
1645 1977 1756 2024 Lib.
1778 1976 1870 2024 VI.
1894 1991 2010 2026 vers.
2032 1981 2092 2040 63
2101 1982 2268 2039 9-646.
2539 1978 2547 2023 ἰ

498 2043 628 2107 Disce
649 2055 789 2091 tamen
803 2078 818 2104 ‚
853 2046 1018 2091 veniens
1039 2054 1181 2103 aetas,
1215 2046 1288 2090 ubi
1314 2041 1453 2089 Livia
1474 2056 1579 2089 nunc
1600 2040 1654 2103 est

565 2109 809 2165 Porticus,
844 2109 1062 2172 immensae
1083 2113 1191 2154 teffta
1201 2108 1334 2169 fuzſje
1356 2108 1513 2154 domus.

505 2173 634 2219 Urbis
657 2187 752 2233 opus
773 2174 914 2219 domus
935 2191 1019 2219 una
1032 2173 1150 2232 fuit:
1175 2173 1442 2234 spatiumque
1462 2173 1655 2230 tenebat,

567 2238 669 2302 Qo
688 2238 853 2283 brevius
874 2239 1006 2283 muris
1025 2238 1170 2296 oppida
1192 2240 1326 2282 multa
1351 2245 1500 2281 tenent.

503 2303 625 2349 Haec
646 2312 827 2363 aequata
839 2301 926 2363 fhlo
952 2301 1035 2363 est,
1068 2302 1177 2347 nullo
1184 2299 1268 2362 βψ
1295 2301 1463 2346 crimine
1476 2299 1617 2360 regni,

572 2367 655 2413 Sed
679 2368 777 2428 quia
797 2369 967 2413 luxuria
989 2365 1084 2428 visa
1105 2381 1239 2411 nocere
1249 2364 1351 2426 sua.

505 2429 713 2492 Sustinuit
735 2441 878 2477 tantas
898 2444 1059 2491 operum
1069 2429 1314 2492 fich-vertere
1336 2429 1481 2486 moles,

574 2493 728 2558 Totque
747 2494 844 2555 fuas
864 2495 1017 2541 haeres
1039 2495 1204 2555 perdere
1225 2491 1387 2540 Caesar
1411 2506 1513 2552 opes.

442 2559 508 2607 V.
544 2558 795 2606 Caeterum
831 2554 1203 2622 quandoquidem
1225 2559 1474 2618 Propertius
1507 2570 1629 2602 anno
1662 2556 1910 2619 praeterito
1947 2553 2232 2620 postremum
2246 2591 2262 2619 ‚
2298 2559 2423 2622 quod
2445 2559 2499 2608 in.
2521 2575 2524 2577 ’

377 2626 474 2688 ejus
499 2624 738 2687 Operibus
760 2625 995 2684 occurrit,
1030 2623 1234 2670 Carmen
1256 2622 1458 2672 exaravit
1474 2655 1489 2680 ‚
1523 2633 1577 2668 ut
1602 2621 1648 2666 in
1673 2623 1769 2684 ejus
1792 2621 1907 2669 Vita
1934 2620 2076 2670 fufius
2098 2623 2505 2684 demonstramus3-

379 2705 465 2738 nec
500 2688 624 2736 aliud
649 2688 750 2750 est,
784 2689 911 2752 quod
941 2689 997 2737 ad
1030 2688 1348 2753 subsequentes
1380 2702 1523 2735 annos
1562 2684 1728 2734 referre
1764 2702 1846 2750 per
1871 2700 2016 2737 certas
2036 2690 2260 2754 temporis
2285 2704 2419 2740 notas
2441 2690 2492 2738 li·

2369 2767 2494 2806 (268ῒῖ-

440 2821 502 2872 (a)
533 2817 625 2860 Lib.
646 2816 766 2861 LIV.
786 2830 823 2870 p.
846 2819 936 2872 536.
957 2828 1048 2871 537.

438 2875 504 2925 (b)
536 2872 703 2912 Odlavia
721 2871 836 2913 soror
859 2872 1050 2927 Augusti:

436 2928 503 2977 (c)
533 2925 668 2966 Livia.

439 2979 505 3030 (d)
530 2978 706 3040 Augusti.

383 3035 500 3127 vege.)
509 3034 826 3140 6gffsiga<iei132i1
829 3032 982 3129 ²r1ct>llrali
1003 3042 1161 3075 corona
1178 3033 1355 3076 donatus
1377 3034 1424 3077 ab
1447 3032 1631 3092 Augusto
1644 3032 1795 3088 3Unde
1815 3046 1914 3081 eum
1931 3031 2122 3093 Wrgilius
2142 3008 2252 3079 Aen.
2273 3031 2365 3091 Lib.
2376 3033 2417 3079 V
2419 3029 2491 3082 111,

545 3163 643 3174 --
669 3139 750 3181 Cui
766 3141 853 3181 belli
873 3140 1014 3197 insigne
1023 3142 1257 3197 superbum,

493 3186 680 3252 Tempora
701 3194 999 3251 navalifulgent
1020 3197 1186 3239 rostrata
1205 3198 1388 3241 Corona.

384 3245 454 3290 De
474 3259 590 3303 cujus
610 3247 776 3294 Porticu
795 3248 885 3294 vide
910 3262 1013 3305 quae
1035 3251 1078 3295 in
1098 3250 1260 3298 Horatii
1281 3252 1376 3299 Vita
1394 3254 1624 3304 notavimus
1646 3266 1734 3313 pag·
1756 3248 1967 3314 21'3-4162
