2547 3708
321 138 388 228 Q
934 158 1790 216 P.oviu11v1TA

454 253 545 301 Per
564 269 679 317 quem
702 253 822 301 bella
843 256 990 318 geris,
1024 256 1135 317 cujus
1159 272 1282 304 nunc
1306 272 1463 318 corpore
1488 272 1693 321 pugnas,

525 320 766 380 Auspicium
789 324 853 365 cui
873 321 949 366 das
961 322 1148 382 grande,
1182 323 1372 385 Deosque
1395 333 1512 379 tues,

461 383 731 445 Dimidioque
752 387 816 430 tui
827 384 1017 446 praesens
1037 402 1103 444 es,
1137 387 1192 440 ὃ
1215 388 1360 449 aspicis
1387 387 1541 431 Urbem
1557 418 1571 443 ,

528 450 721 494 Dimidio
746 449 911 510 procul
933 465 998 507 es,
1022 450 1237 513 saevaque
1262 451 1379 498 bella
1404 451 1540 513 geris.

464 513 553 558 Hic
570 514 648 558 tibi
657 515 720 573 stc
744 513 885 558 redeat
909 511 1117 575 superato
1139 520 1276 561 vieior
1298 517 1352 560 ab
1375 514 1533 572 hoste,

528 578 653 637 Inque
676 579 876 622 coronatis
884 576 1050 638 fulgeat
1069 581 1182 624 altus
1202 581 1328 640 equis.
2290 638 2294 642 ι

337 638 473 698 Quae
506 641 625 686 clare
658 638 952 702 significant,
987 641 1159 688 bellum
1195 655 1312 689 tunc
1341 643 1563 706 temporis
1586 639 1806 699 saeviiss‘e,
1838 637 1975 702 idque
1994 637 2174 701 gestum
2199 639 2226 684 a
2251 639 2449 710 ἵὶὂενὶοἓ
2518 687 2520 691 ,

337 719 471 767 quem
501 704 726 766 Aussmium
747 705 911 751 Ducem
934 719 1099 766 vocat,
1134 707 1184 754 &
1209 723 1288 770 per
1309 722 1448 769 quem
1472 705 1708 769 Augustus
1729 705 1769 751 ei
1793 703 1966 752 dicitur
1984 702 2238 765 dimidiosui
2251 704 2443 765 praefi’ns
2470 717 2522 775 ἢῆ

336 767 486 825 Urbi,
520 784 572 813 ac
591 771 737 828 procul
745 768 884 829 saeva
908 771 1010 816 bella
1036 788 1190 834 gerere.
1258 772 1372 835 Ejus
1400 786 1567 834 nempe
1592 771 1768 816 dimidia
1791 785 1891 832 pars
1912 780 2008 814 erat
2031 768 2280 826 Tiberius,
2317 767 2443 830 quod
2459 788 2474 838 j,
2519 775 2521 791 ³

337 833 372 878 is
392 833 483 894 jam
508 831 562 877 ab
587 833 675 878 Au.
703 833 766 880 U.
792 832 849 879 C.
873 834 1187 883 DCCLVII.
1221 835 1275 882 ab
1302 836 1516 899 Augusto
1542 835 1690 883 fuerat
1713 833 1974 896 adoptatus.
2009 832 2150 879 Unde
2174 831 2354 879 Noster
2373 825 2506 886 [ιι-ζῇ

337 896 486 957 perius
507 895 562 941 de
584 896 665 943 illo
691 913 777 944 ceu
801 898 934 963 hujus
959 899 1058 945 filio
1083 916 1136 947 ac
1161 901 1351 964 Imperii
1376 900 1568 947 haerede
1592 900 1848 958 cecinerat,
1878 914 1993 953 vers.
2023 905 2075 945 16
2085 911 2130 959 5.
2160 902 2264 943 166.
2466 903 2525 970 ⁷}

467 960 695 1023 Sespitestc
714 973 754 1008 te
764 966 828 1024 stt
853 976 982 1010 natus
1003 980 1155 1026 quoque
1165 965 1326 1028 sospes,
1361 966 1415 1018 {9⁹
1442 967 1536 1011 olim
2475 975 2487 982 “’
2524 968 2526 976 ’

529 1027 753 1086 Imperium
777 1039 892 1089 regat
913 1029 984 1075 hec
1007 1045 1097 1075 curn
1107 1030 1266 1091 fi’niore
1276 1029 1414 1092 senex.
2432 1088 2434 1091 .
2526 1059 2527 1090 1

338 1087 458 1135 Illud
483 1102 635 1136 autem
662 1090 835 1138 bellum
859 1093 905 1138 in
931 1092 1159 1141 Germania
1175 1127 1190 1154 ,
1225 1095 1275 1142 ὃς
1295 1094 1483 1158 quidem
1507 1092 1610 1157 post
1625 1092 1740 1141 Vari
1763 1091 1937 1139 cladem
1954 1124 1970 1150 ,
2003 1088 2185 1163 gest-um
2209 1088 2366 1151 fuiss'e,
2381 1090 2449 1164 li·
2527 1125 2529 1131 ·

340 1166 451 1216 quet
476 1169 534 1200 ex
555 1154 700 1202 Trist.
725 1156 833 1203 Lib.
859 1157 951 1203 111.
976 1157 1051 1204 El.
1074 1158 1192 1206 XII.
1229 1160 1466 1224 (proximo
1489 1161 1734 1222 primoque
1758 1159 1866 1206 Vere
1890 1154 2182 1221 post-Omdu
2205 1155 2509 1221 relegatio-49.

338 1233 445 1264 nem
467 1217 661 1282 scripta,
697 1234 837 1283 prout
862 1220 1077 1285 deinceps
1097 1239 1153 1270 ex
1179 1224 1408 1286 prioribus
1431 1223 1710 1271 carminibus
1730 1222 1877 1286 palam
1899 1220 1999 1274 fiet)
2035 1218 2253 1284 siquidem
2277 1221 2454 1268 deno·
2475 1224 2498 1282 ,³ss

341 1297 480 1328 mano
504 1283 699 1348 loquens
723 1286 778 1332 N
781 1297 915 1346 auta,
950 1303 1087 1350 quem
1103 1322 1119 1348 ,
1156 1288 1235 1335 ubi
1266 1290 1469 1353 primum
1502 1289 1558 1336 ad
1582 1289 1789 1336 Pontum
1820 1286 2080 1353 appulerit,
2112 1283 2154 1331 se
2180 1282 2281 1332 fore
2304 1286 2453 1335 inter·
2476 1288 2534 1346 3²]-

340 1359 616 1410 rogaturum
641 1351 732 1410 ait,
769 1351 880 1396 haec
904 1351 1142 1417 subjungit
1161 1370 1276 1400 vers.
1298 1353 1469 1416 45-48.
2472 1367 2476 1380 '

472 1413 518 1459 Is
531 1447 546 1471 ,
561 1427 733 1474 precor,
756 1417 921 1462 auditos
933 1418 1054 1477 poffit
1073 1434 1249 1465 narrare
1267 1419 1493 1480 triumphos

538 1479 758 1543 Caesaris,
792 1481 848 1533 &
870 1483 998 1529 Latio
1018 1484 1182 1530 reddita
1202 1495 1303 1530 vota
1327 1485 1464 1545 Jovi:

473 1539 631 1605 Teque,
664 1544 924 1592 rebellatrix
948 1549 1144 1607 tandem,
1180 1548 1456 1609 Germania,
1489 1551 1630 1611 magni
2534 1611 2535 1616 ¹

537 1605 665 1669 fl⁶rifle
686 1612 994 1671 capat'pedibus
1007 1611 1252 1676 ficppostciffe
1276 1614 1440 1660 Ducis.
2483 1645 2503 1685 ²}
2534 1618 2535 1622 ’

344 1669 531 1730 Quibus
549 1672 732 1720 nonnifi
757 1674 1032 1723 Germaniae
1056 1677 1353 1725 rebellionem
1378 1678 1472 1725 hoc
1494 1694 1612 1725 anno
1634 1676 1701 1725 U.
1726 1674 1785 1723 C.
1805 1671 2125 1723 DCCLXH.
2155 1673 2250 1736 jam
2276 1669 2460 1730 adulto,
2499 1679 2515 1703 ’ἰ
2535 1726 2537 1744 1

344 1736 591 1783 excitatam
608 1771 624 1795 ,
659 1738 751 1800 qua
772 1740 916 1786 Varus
951 1756 1058 1787 cum
1092 1743 1300 1789 exercitu
1332 1744 1469 1806 periit
1493 1743 1595 1804 (a),
1628 1740 1863 1804 designare
1887 1737 2018 1785 Naso
2042 1738 2232 1800 potuit3
2268 1751 2375 1782 cum
2398 1735 2457 1783 ab
2483 1753 2507 1778 —2
2536 1746 2537 1752 ’

344 1800 436 1846 An.
461 1800 525 1847 U.
553 1801 610 1848 C.
636 1802 921 1850 DCCLIX.
956 1821 1050 1868 quo
1076 1823 1165 1869 pax
1190 1822 1299 1854 cum
1325 1807 1673 1855 Marcomannis
1705 1805 1846 1863 fasta,
1881 1802 1934 1849 ad
1958 1803 2084 1849 hunc
2109 1801 2249 1873 usque
2279 1816 2457 1849 annum

346 1864 470 1911 nulla
496 1866 838 1915 Germanorum
873 1867 1063 1917 rebellio
1098 1871 1219 1935 apud
1244 1871 1505 1919 Historicos
1538 1883 1852 1925 memoretur3
1887 1880 2054 1931 atque,
2088 1866 2264 1913 Tacito
2291 1865 2359 1928 (b)
2386 1878 2456 1912 te-
2488 1888 2510 1909 =·.·
2538 1892 2539 1895 =

344 1927 436 1987 ste,
471 1931 620 1976 bellum
654 1948 701 1978 ea
732 1933 964 1994 tempestate
991 1937 1148 1982 nullum
1180 1938 1258 1996 nist
1290 1936 1489 1999 adversus
1512 1938 1736 1982 Germanos
1754 1934 2000 1998 supererat,
2032 1929 2302 1993 absolvendae
2325 1932 2458 1993 magis
2498 1951 2501 1955 ·

345 1993 544 2105 {famiae
568 1997 616 2041 ob
637 1998 829 2057 amiffum
852 2014 944 2044 cum
968 2000 1183 2066 Qiintilio
1204 2000 1323 2049 Varo
1354 2004 1607 2060 exercitum,
1642 2014 1766 2062 quam
1792 1999 1974 2059 cupidine
1997 1995 2235 2058 proferendi
2265 1998 2458 2056 imperii,
2506 2021 2510 2024 >

398 2073 439 2104 c.
2494 2075 2520 2100 ³*
2540 2108 2541 2114 ,

414 2122 570 2185 Igitur
605 2125 678 2171 vel
711 2127 822 2172 hinc
863 2127 1067 2188 constat,
1103 2129 1331 2177 Ovidium
1362 2129 1451 2192 post
1474 2130 1715 2178 Varianam
1737 2126 1943 2186 cladem,
1976 2142 2073 2173 non
2103 2141 2215 2172 vero
2247 2133 2370 2184 ante,
2404 2133 2464 2171 ut.
2483 2128 2541 2165 4⁷·

349 2201 587 2249 perperam
613 2188 689 2234 Cl.
715 2189 933 2237 Norifius
957 2195 1227 2241 autumavit,
1238 2196 1324 2255 (c),
1357 2197 1406 2241 in
1429 2194 1641 2241 exsilium
1663 2193 1830 2240 abiisse.
1901 2191 2090 2237 Etenim
2118 2188 2151 2236 fi
2175 2189 2354 2236 Noster
2377 2203 2457 2235 an·
2504 2203 2543 2262 ζ

348 2266 411 2297 no
434 2249 499 2297 U.
524 2249 581 2296 C.
605 2251 890 2300 DCCLXI.
925 2255 1147 2320 relegatus
1171 2256 1350 2317 fuisset,
1385 2271 1439 2305 ut
1463 2257 1744 2305 dostiffimus
1777 2255 1852 2302 ille
1873 2255 1946 2300 vir
1967 2253 2176 2301 censebat
2191 2275 2207 2310 3
2244 2254 2326 2317 qui
2352 2253 2460 2300 Na·
2504 2265 2506 2269 ’

348 2314 395 2360 so
420 2315 638 2377 potuisset
673 2318 891 2380 proximo
917 2320 1042 2367 Vere
1076 2320 1152 2368 illa
1184 2321 1409 2383 scribere,
1442 2321 1708 2385 bellumque
1744 2319 1858 2368 illud
1882 2319 2248 2378 Germanicum,
2283 2318 2461 2383 praedi-
2501 2350 2543 2373 s

351 2377 467 2426 &tarn
491 2379 666 2426 cladem
689 2381 978 2430 subsecutum
996 2418 1013 2443 ,
1045 2386 1330 2433 memorare?
2502 2390 2523 2443 s*
2543 2420 2545 2451 i

417 2444 507 2491 IV.
545 2444 846 2508 Argumentis
871 2464 955 2510 pro
978 2449 1129 2496 nostra
1154 2450 1375 2509 sententia
1400 2451 1706 2499 militantibus
1730 2449 1791 2498 fic
1818 2448 1912 2496 fuse
1931 2447 2166 2507 deduffis,
2201 2448 2281 2495 hic
2311 2444 2460 2518 discu-

354 2507 536 2554 tiendus
559 2507 757 2573 superest
780 2527 895 2559 unus
919 2526 995 2559 aut
1017 2514 1132 2560 alter
1153 2516 1272 2579 apud
1295 2517 1530 2564 Nostrum
1553 2517 1709 2576 locus,
1742 2530 1879 2579 quem
1906 2513 2111 2578 Scaliger
2135 2512 2252 2558 male
2275 2510 2366 2557 fuit
2389 2513 2464 2558 in-
2491 2532 2507 2571 j

353 2584 661 2634 terpretatus,
695 2590 746 2621 ac
772 2575 821 2621 N
830 2575 986 2623 orifius
1012 2578 1060 2623 in
1082 2579 1313 2641 opinionis
1335 2579 1436 2629 suae
1469 2594 1680 2629 tutamen
1710 2580 1972 2627 advocavit.
2018 2576 2219 2626 Ovidius
2240 2575 2462 2624 nimirum
2503 2591 2511 2643 *j
2542 2588 2547 2634 ’ξ

354 2636 508 2697 suam,
545 2639 636 2702 qua
667 2638 935 2702 deportatus
963 2641 1056 2701 est,
1089 2656 1282 2690 aetatem
1320 2645 1381 2692 fic
1412 2645 1655 2706 describit,
1689 2657 1742 2692 ut
1775 2645 2073 2707 quinquaginta
2105 2655 2286 2690 tantum
2318 2638 2547 2702 annos&

354 2716 454 2749 tum
483 2700 565 2748 fibi
588 2702 793 2765 peractos
826 2718 971 2752 canat.
1009 2707 1196 2761 Etenim
1219 2709 1364 2756 Trist.
1388 2711 1497 2758 Lib.
1523 2711 1612 2758 IV.
1639 2710 1772 2775 Eleg.
1797 2709 1941 2759 Vlll.
1964 2724 2077 2758 vers.
2106 2721 2180 2773 33.
2206 2720 2279 2772 34.
2303 2706 2395 2754 ait:
2504 2711 2511 2736 ³

485 2767 698 2828 Jamque,
731 2768 890 2815 decem
912 2770 1090 2818 Lustris
1112 2776 1220 2820 omni
1229 2777 1321 2835 stne
1342 2777 1432 2823 labe
1459 2775 1677 2840 pera6tis,
2504 2776 2531 2810 '⁵3‘

552 2832 690 2877 Parte
702 2848 867 2894 premor
888 2836 1006 2880 vitae
1025 2837 1218 2884 deteriore
1239 2855 1378 2900 meae,
1414 2839 1509 2888 &c.
1732 2897 1735 2899 ‚
2508 2871 2510 2873 ·
2545 2877 2547 2903 τ

361 2894 521 2958 Elegia
541 2911 725 2958 quoque
749 2898 812 2943 X.
836 2896 862 2943 ὲ
880 2913 992 2945 vers.
1014 2912 1091 2961 93.
2546 2907 2547 2938 ¹

490 2960 598 3018 Jam
619 2962 724 3009 mihi
743 2963 930 3008 canities
943 2995 957 3019 ,
983 2966 1111 3025 pulfis
1133 2968 1364 3014 melioribus
1384 2972 1535 3029 annis,
2016 2961 2031 2976 ⁸

555 3025 767 3084 Venerat,
800 3029 993 3088 antiquas
1015 3028 1306 3095 miscueratque
1325 3049 1458 3081 comas
1470 3056 1487 3092 i

2344 3091 2481 3158 fests

415 3178 478 3232 (a)
508 3178 615 3220 Vide
634 3179 721 3230 Jani
742 3179 910 3236 Templ.
930 3182 1065 3230 Refer.
1086 3183 1194 3233 Seu.
1214 3184 1288 3230 IV.
1312 3200 1396 3242 cap.
1417 3188 1455 3231 8.
1478 3201 1516 3242 p.
1541 3201 1628 3244 39¹·
1652 3199 1745 3244 401.
1777 3242 1780 3246 ⁴
1800 3154 1818 3173 Ι.

416 3232 482 3283 (b)
515 3232 666 3274 Annal.
691 3233 781 3279 Lib.
802 3235 831 3276 l.
857 3250 893 3277 c.
916 3249 951 3290 3.

417 3286 480 3338 (e)
508 3282 575 3329 De
595 3286 747 3334 Cenot.
769 3287 844 3330 Pis.
862 3301 947 3346 pag.
970 3303 1060 3334 201,
