2547 3708
293 126 949 185 DEDICATIONES
1019 144 1096 175 ET
1164 127 1830 181 PRAEFATIONES.
2047 145 2142 200 τι)

166 232 231 278 Et
249 232 321 292 qui
339 226 565 288 Penelopae
586 222 801 287 rescribere
808 220 930 281 juffit
943 221 1106 281 Ulyffi’n
1117 254 1132 280 ,

91 335 95 342 Α
230 296 458 340 Errantem
468 291 598 355 saevo
611 303 689 350 per
710 287 788 334 duo
810 286 940 347 lustra
961 288 1088 332 mari:

165 360 334 423 Qique
343 357 469 420 stiam
503 353 739 412 Troezena,
772 351 1129 413 imperfeflumque
1155 350 1313 399 dierum

226 422 427 488 Deleruit
445 423 563 468 celeri
583 429 711 466 morte
733 418 912 465 Sabinus
930 430 1040 477 opus.

309 554 781 617 ALDUS
881 550 1685 616 STUDIOSIS
1785 557 1845 615 S.

921 691 1268 739 PostTom.1.

0 832 1 883 J
31 827 337 940 DIximus
362 825 561 891 superius
583 821 739 871 Sabini
762 820 1018 886 EpistolaS,
1052 820 1109 868 de
1133 821 1298 885 quibus
1320 823 1367 869 in
1389 823 1637 872 Amoribus
1662 822 1863 871 Ovidius
1887 821 2094 871 meminit
2109 859 2125 884 ,

0 932 1 943 ,
183 909 278 939 non
300 890 593 939 extare:tum
617 904 731 952 quae
753 887 924 935 Sabino
948 885 1289 946 inscribuntur,
1313 904 1408 934 non
1429 890 1572 936 modo
1597 888 1741 937 videri
1763 889 1877 934 mihi
1901 905 1996 936 non
2021 889 2127 936 fuis-

23 958 67 1004 se
103 957 287 1016 Sabini,
319 955 390 1002 sed
423 969 509 1002 nec
539 955 714 1017 egregii
753 950 1019 1016 cujusquam
1047 952 1233 998 Po'e'tae.
1303 953 1431 999 Idem
1460 954 1509 1001 &
1532 955 1611 1001 hic
1647 952 2004 1014 confirmamus,
2040 953 2125 1001 nisi

0 1021 153 1086 =quod
187 1020 316 1084 super
347 1021 416 1068 his
449 1018 754 1066 consideranti
787 1017 904 1064 mihi
938 1017 1193 1063 accuratius
1227 1016 1461 1080 Epistolae
1496 1020 1698 1066 Helenes
1731 1018 1881 1064 Paridi
1908 1052 1923 1077 ,
1970 1017 2129 1065 Herus

26 1085 269 1146 Leandro,
302 1084 538 1149 Cydippes
553 1084 791 1142 Acontio,
827 1081 996 1128 Sabino
1019 1080 1332 1128 adscribendae
1355 1082 1599 1143 videntur,
1635 1098 1742 1128 cum
1765 1082 1982 1146 nusquam
2010 1099 2126 1129 con-

26 1150 112 1198 stet
136 1150 364 1200 Ovidium
386 1150 434 1196 in
458 1148 745 1196 Heroidibus
766 1145 1064 1211 responsorias
1086 1145 1302 1210 scripfiffe
1323 1147 1548 1210 epistolas.
1605 1146 1694 1196 Sed
1716 1160 1880 1194 contra
1903 1147 1951 1195 in
1976 1148 2125 1193 Amo-

25 1215 149 1263 'ribus
172 1215 416 1273 Sabinum,
450 1213 546 1260 illas
566 1211 784 1276 scripfiffe
807 1211 1030 1271 testetur,
1055 1213 1278 1274 inquiens.

105 1297 107 1303 ⁴
136 1283 298 1346 'Qam
319 1283 397 1326 cito
420 1280 468 1326 de
488 1289 570 1325 toto
594 1279 719 1325 rediit
740 1293 852 1323 meus
873 1278 971 1324 urbe
993 1276 1186 1324 Sabinus
1202 1276 1295 1323 &c.

22 1344 206 1405 Quibus
229 1343 425 1392 verfibus
450 1343 482 1392 si
504 1357 594 1390 tres
613 1359 685 1389 eas
707 1341 946 1406 epistolas,
970 1341 1168 1389 Helenes
1182 1375 1198 1401 ,
1219 1340 1404 1400 Herfis,
1426 1341 1660 1406 Cydippes
1682 1357 1778 1388 non
1801 1340 2019 1400 SabinUS,
2052 1340 2127 1389 sed

23 1409 115 1474 ipse
140 1407 491 1474 composuisset,
526 1424 582 1454 ne
607 1407 687 1454 suo
717 1407 872 1454 labore
896 1407 1183 1471 privaretur,
1220 1419 1344 1453 certe
1368 1408 1652 1453 meminiflet.
1721 1405 1869 1464 Quod
1901 1407 2006 1469 quia
2029 1422 2125 1453 non

4 1473 159 1534 facit,
193 1474 348 1522 Sabini
377 1473 534 1537 potius
557 1488 627 1520 eas
652 1473 738 1521 effe
763 1471 1109 1521 contenderem.
1176 1470 1457 1535 Qanquam
1479 1474 1528 1518 in
1552 1470 1760 1535 Epistola
1783 1470 1838 1517 ad
1865 1470 2125 1518 Acontium

23 1539 145 1604 quod
163 1538 364 1604 sequitur
387 1538 491 1602 post
510 1538 639 1585 illum
668 1537 847 1584 versum

195 1622 264 1651 uos
287 1621 428 1652 vereor
445 1618 597 1665 paucos
621 1620 669 1651 ne
688 1606 794 1650 velit
815 1604 889 1665 effe
911 1603 1028 1649 mihi.

20 1669 140 1716 Non
159 1669 344 1718 v1detur
363 1669 450 1716 effe
474 1668 659 1730 Sabini,
692 1667 765 1716 sed
788 1669 973 1715 alterius
996 1666 1264 1733 cujusquam
1287 1667 1474 1716 celebris
1499 1667 1687 1715 Poetae.
1734 1664 1854 1712 Illud
1882 1681 1978 1712 non
2005 1665 2119 1712 duxi

16 1732 196 1781 fi‘lentio
220 1734 599 1798 praetereundum
629 1736 678 1781 in
698 1732 891 1797 epistola
909 1732 1137 1795 Phyllidis
1163 1732 1218 1780 ad
1246 1735 1669 1799 Demophoontem
1695 1729 1807 1779 duos
1833 1729 1972 1778 hosce
1994 1730 2121 1778 adin-

17 1803 181 1855 v'entos
204 1800 288 1846 ess‘e
311 1799 557 1847 versiculos

208 1867 311 1912 Sum
324 1879 442 1925 prece
462 1866 724 1912 thuricremis
744 1865 996 1912 devenerata
1009 1864 1133 1926 focis.

15 1944 17 1946 ·
143 1931 270 1990 Saepe
290 1931 432 1976 videns
452 1940 593 1975 ventos
616 1932 714 1977 coelo
729 1931 946 1992 pelagoque
962 1929 1169 1990 furentes.

15 1992 214 2040 Additos
245 1993 334 2042 fic:

12 2084 33 2089 —-
143 2060 270 2118 Saepe
290 2060 405 2105 Deos
417 2058 617 2121 supplex,
651 2067 699 2104 ut
721 2068 768 2104 tu
779 2057 979 2120 scelerate
1003 2060 1193 2114 valere53

200 2125 303 2172 Sum
330 2138 447 2183 prece
473 2123 735 2169 thuricremis
764 2123 1016 2169 deveneram
1024 2122 1147 2183 focis.

135 2190 263 2249 Saepe
293 2189 438 2234 videns
459 2198 603 2233 ventos
636 2189 735 2233 coelo
749 2189 969 2249 pelagoque
993 2186 1183 2247 furentes

201 2253 298 2316 Ipsa
320 2252 425 2299 mihi
445 2253 565 2310 dixi,
615 2270 628 2297 i
654 2253 798 2310 valet,
829 2252 910 2314 ipse
934 2254 1066 2297 venit.

10 2315 109 2377 Qi
135 2319 271 2365 etiam
291 2320 394 2364 sunt
418 2316 759 2379 pernecessarii,
792 2331 897 2362 nam
924 2314 1016 2363 fine
1039 2313 1127 2361 illis
1149 2313 1272 2361 nulla
1293 2314 1448 2363 haberi
1469 2312 1752 2362 constructio
1774 2312 1954 2377 potest,
1988 2314 2112 2378 quod

12 2380 139 2445 facile
162 2382 225 2429 est
248 2382 422 2431 volenti
441 2380 735 2445 cognoscere.
768 2380 889 2428 Vale
910 2380 1121 2429 Venetiis
1146 2379 1295 2426 mense
1320 2380 1573 2428 Decembri
1600 2377 1828 2426 MDCII.

771 2510 897 2558 Ante
922 2508 1342 2577 Metamorphoses.

15 2605 17 2607 ·
100 2609 480 2671 ALDus
571 2565 675 2670 M.
743 2609 827 2668 R.
905 2607 1360 2671 MARINO
1461 2603 2014 2670 §ANNUTo
2077 2582 2096 2595 '

404 2753 594 2799 Patritio
607 2750 763 2799 Veneto
775 2783 791 2808 ,
825 2749 1036 2797 Leonardi
1045 2749 1140 2812 filio
1155 2782 1171 2808 ,
1183 2748 1394 2795 Ordinum
1409 2749 1597 2809 Sapienti
1610 2781 1626 2806 ,
1661 2747 1710 2794 S.

11 2875 294 2988 MUltos
326 2878 415 2938 jam
449 2878 588 2926 libros
610 2881 656 2927 in
677 2878 862 2927 aedibus
885 2878 1049 2926 nostris
1070 2877 1261 2926 excusos
1282 2879 1370 2926 tibi
1390 2876 1697 2942 superioribus
1726 2873 1850 2921 annis
1872 2888 2108 2937 nuncupa-

33 2988 59 2997 ,,
95 2995 99 2998 ‚
176 2941 353 3000 vimus,
390 2944 593 2990 Sannute
616 2943 890 3004 suaviffime,
924 2957 1026 2991 tum
1060 2941 1187 3007 quod
1217 2943 1467 3007 plurimum
1492 2939 1718 2989 Studiosis
1749 2937 1962 2986 omnibus
1992 2937 2106 2984 sem-

11 3019 89 3066 per
106 3005 295 3067 faveris,
329 3019 600 3071 tutatusque
620 3007 759 3054 fueris
792 3008 1082 3071 provinciam
1107 3008 1324 3056 nostram.
1359 3021 1460 3054 turn
1486 3007 1623 3053 etiam
1649 3006 1782 3069 quia,
1816 3002 1897 3050 etfi
1921 3018 2013 3049 eras
2044 3002 2104 3048 as-

16 3066 131 3138 sidue
152 3073 261 3136 reip.
283 3073 494 3120 maximis
527 3071 659 3119 rebus
690 3072 1087 3135 occupatiffimus,
1123 3089 1406 3137 magnopere
1439 3084 1594 3118 tamen
1615 3069 1825 3117 delectari
1848 3082 1893 3115 te
1915 3067 2105 3132 politio-

17 3145 39 3175 1·
43 3130 136 3189 ¹bus
164 3136 304 3184 literis
339 3139 662 3203 cognovimus.
705 3154 708 3156 ’
732 3138 863 3184 Nam
885 3152 942 3184 eo
966 3151 1176 3201 tempore
1207 3152 1255 3184 te
1278 3137 1351 3186 vel
1376 3136 1604 3183 sexvirum
1628 3132 1833 3182 sontibus
1856 3133 1905 3179 &
1929 3129 2104 3178 malefi-

20 3195 81 3251 cis
109 3201 340 3260 puniendis
360 3236 376 3262 ,
409 3203 485 3252 vel
511 3203 559 3250 in
591 3200 837 3267 graviffimi
875 3217 983 3249 cum
1015 3204 1283 3252 Turcarum
1312 3203 1451 3264 Rege
1479 3198 1590 3248 belli
1623 3199 1855 3263 principio
1887 3197 2102 3302 ordinusm

71 3290 88 3294 .,
1378 3267 1432 3313 R
2061 3272 2104 3302 a·
