2547 3708
873 171 899 230 1
1040 170 1087 229 Β

1232 171 1418 230 IS.

382 271 602 339 Viscera
632 276 701 331 fic
730 273 914 346 aliquis
939 273 1184 342 scopulus
1213 284 1300 326 tua
1324 270 1480 342 figat,
1518 282 1578 328 ut
1603 273 1733 328 olim

456 351 584 407 Fixa
608 350 699 405 sub
725 348 976 404 Eubo'ico
1000 345 1160 416 Graja
1185 343 1335 399 fuere
1354 343 1482 400 finu.
1821 416 1825 420 ι

383 425 571 495 thue
598 424 756 478 ferox
779 421 935 493 periit
965 419 1019 472 &
1045 418 1268 472 fulmine
1294 418 1348 470 &
1385 436 1619 490 aequore
1645 431 1853 493 raptor,

456 498 544 552 Sic
573 510 625 552 te
654 496 905 551 mersuras
935 491 1154 547 adiuvet
1181 490 1316 561 ignis
1339 507 1514 563 aquas,

93 699 197 741 Idem
216 709 362 741 narrant
383 702 573 741 Homerus
589 699 652 737 lib.
674 710 727 737 xv.
754 697 884 746 Odyfl'.
899 695 1123 736 Calaberlibss

90 764 172 791 xxv.
199 754 388 803 Euripides
409 752 628 791 Troadibus.
654 750 884 798 Lycophron
912 746 1122 786 Caffandra.

91 803 323 842 Philostratus
376 805 479 842 Icon.
521 802 583 839 lib.
630 813 679 839 11.
740 800 922 838 Timaeus
977 799 1120 836 Locrus

90 855 212 894 lib.11.
239 856 425 893 Historiar.
467 853 644 890 Horatius
663 850 794 899 Epode
824 864 881 889 10.
909 851 1048 888 Seneca
1067 851 1119 887 A—

92 916 354 954 gamemnone.
384 905 511 953 Itaque
529 904 757 940 Germanam
779 913 860 939 eam
880 900 950 939 esse
963 901 1118 939 Nasonis

93 965 259 994 mentem
290 969 335 993 ex
365 967 410 993 eo
437 955 547 992 etiam
579 962 681 1002 patet
703 982 713 997 ‚
747 953 850 1002 quod
869 952 994 1002 Ajacis
1013 951 1119 1000 ipfius

92 1007 257 1045 interitus
283 1006 434 1044 disticho
463 1006 637 1054 proximo
663 1003 858 1052 subjicitur.
921 1003 1120 1040 Samen.

94 1059 248 1107 scopulus
274 1057 333 1094 sex
353 1057 483 1105 scripti.
509 1056 655 1093 HEINS.
690 1054 824 1100 Sropulo
851 1054 928 1092 duo
964 1053 1120 1091 Heinfii.

93 1118 186 1147 mox
205 1115 334 1146 Graeca
345 1107 410 1156 sub
437 1112 475 1144 Ε.
486 1106 566 1154 fixa
587 1106 657 1154 fis.
681 1105 841 1142 Gallicus
860 1116 964 1143 unus.

146 1170 227 1207 341.
253 1158 421 1207 Viscera]
451 1158 550 1195 Ante
569 1157 643 1194 hoc
670 1156 848 1193 distichon
875 1157 913 1194 in
936 1155 1064 1194 Franc.
1082 1156 1121 1193 ὃς

89 1209 201 1249 tribus
228 1210 315 1254 aliis,
335 1210 373 1247 δε
401 1220 451 1258 pr.
471 1209 569 1246 Edit.
591 1207 825 1256 sequebatur:

139 1275 296 1322 Denique
308 1273 522 1310 Sarmaticas
539 1272 633 1309 inter
656 1272 858 1320 Geticasque
871 1270 1044 1319 sagitta&

188 1324 254 1361 His
266 1333 380 1374 precor
390 1334 430 1361 ut
452 1324 554 1360 viuas
576 1334 619 1363 ω’
639 1322 786 1360 moriare
806 1322 896 1359 locis.

86 1386 279 1437 Nifiquod
294 1388 332 1425 in
352 1397 429 1425 uno
453 1386 598 1424 Gallico
622 1395 721 1427 erat,
754 1383 995 1434 Scythicasque
1003 1385 1115 1434 sagit-

85 1447 154 1476 tas.
181 1440 244 1484 &‚
274 1451 315 1479 (9-
335 1439 444 1475 vivas
464 1438 501 1475 in
524 1448 600 1474 uno
629 1434 772 1472 Heinsii
798 1463 807 1477 ‚
837 1447 895 1471 nec
913 1436 1060 1473 moriare
1078 1437 1114 1474 in

85 1488 173 1527 alio.
190 1488 321 1527 deinde
340 1491 376 1527 in
390 1487 550 1538 plurimis
565 1487 603 1524 &
616 1498 668 1535 pr.
686 1485 1015 1535 Edit.sequebatur·
1027 1499 1113 1536 441.

137 1556 354 1605 thueferox
372 1553 535 1591 Phalaris
555 1552 627 1589 &c.

81 1618 132 1659 Et
149 1629 240 1659 tunc
257 1621 295 1657 in
314 1628 472 1668 quatuor
493 1617 530 1655 &
552 1627 604 1665 pr.
623 1614 721 1654 Edit.
736 1615 820 1664 463.

135 1697 218 1730 Aut
239 1703 279 1730 ut
296 1690 508 1741 Cassandrus
529 1688 601 1726 &c.

80 1756 252 1797 Addebat
271 1769 322 1806 pr.
342 1756 442 1794 Edit.

132 1828 214 1862 Aut
227 1834 341 1874 pereas
356 1853 366 1869 ,
391 1822 491 1874 periit
507 1821 592 1872 ficut
603 1820 829 1873 Caffandrius
845 1820 904 1859 ille
914 1849 924 1865 ,

180 1877 296 1924 Qem
309 1878 377 1924 sua
392 1888 470 1925 gens
493 1876 613 1914 merito
635 1872 751 1923 merfit
769 1873 805 1910 in
824 1886 928 1910 amne
950 1872 1044 1921 Lyci.

135 1956 219 1995 343.
243 1954 352 1997 thue
366 1948 506 1998 ferox.]
536 1947 630 1984 Aiax
654 1946 757 1984 Oilei
779 1957 864 1983 cum
885 1943 1011 1994 Vlysse
1032 1945 1112 1983 Pal-

80 1994 217 2034 ladium
238 1999 378 2046 rapuit,
404 1997 548 2046 quarea
571 1998 665 2043 Jove
686 1997 900 2034 fulminatus
923 1996 994 2038 est,
1024 1997 1111 2034 &in

79 2048 172 2084 mari
194 2048 375 2086 demersus
387 2059 492 2096 prece
512 2046 673 2084 Palladis.
726 2047 891 2082 INTERP.
921 2046 996 2082 Hic
1017 2047 1111 2083 Aiax

79 2096 178 2134 Oilei
198 2099 266 2135 fuit
291 2126 301 2141 ,
340 2098 385 2136 de
406 2110 482 2146 quo
512 2098 621 2135 etiam
640 2096 779 2144 Vergili
805 2107 841 2133 1.
862 2094 1012 2132 AEneid.
1031 2108 1109 2133 rne-

76 2147 197 2185 minit.
250 2148 352 2185 Huic
372 2148 483 2184 Pallas
506 2146 666 2191 infensa,
695 2154 842 2194 propter
862 2146 1056 2193 stupratam
1071 2148 1108 2184 in

75 2198 216 2245 templo
243 2198 348 2246 ipsius
376 2196 608 2235 Caflandram
632 2223 643 2240 ,
679 2197 715 2232 in
739 2195 879 2239 reditu,
908 2207 992 2232 cum
1016 2197 1109 2233 circa

75 2247 307 2296 Caphareum
349 2248 648 2297 promontorium
691 2245 868 2282 Euboeae
894 2245 931 2281 &
964 2245 1037 2292 ipse
1073 2247 1112 2283 &

75 2300 207 2337 caeteri
232 2300 459 2337 Graecorum
483 2299 722 2344 navigarent,
749 2294 1003 2343 tempestatem
1021 2308 1112 2334 con-

75 2350 224 2394 citavit,
237 2361 308 2399 qua
321 2357 550 2387 caeterorum
566 2347 842 2397 quidem—naves
855 2374 865 2390 ,
880 2345 970 2382 aliae
982 2347 1113 2394 disper-

71 2400 127 2438 sae
139 2427 149 2444 ,
163 2400 252 2438 aliae
262 2400 528 2449 scopulisillisae
540 2401 653 2438 fuere:
666 2398 737 2446 ipse
748 2405 870 2435 autem
886 2396 980 2434 Aiax
992 2398 1103 2435 etiam

73 2450 230 2488 fulmine
253 2449 444 2499 percuffus,
504 2451 714 2499 Utramque
737 2449 846 2495 igitur
876 2459 953 2484 rem
986 2448 1102 2486 Poeta

72 2503 211 2550 tangit,
236 2503 357 2550 priore
382 2501 535 2539 disticho
557 2501 708 2538 navium
739 2497 967 2536 collisionem
992 2507 1103 2547 atque

71 2553 272 2599 periculum
292 2580 303 2597 ,
339 2552 535 2601 posteriore
566 2559 691 2588 autem
712 2548 818 2598 ipfius
841 2549 959 2597 Ajacis
978 2549 1104 2588 interi-

73 2608 165 2640 tum.
214 2603 391 2641 M1crL1„
419 2603 514 2652 Ajax
544 2601 643 2639 Oilei
675 2600 765 2639 filius
797 2598 1016 2637 Caffandrae
1047 2612 1102 2638 ra-

74 2657 181 2698 ptor,
205 2653 249 2692 de
270 2666 346 2704 quo
367 2655 536 2703 Virgilius
557 2653 644 2690 loco
667 2652 836 2700 proxime
854 2649 1024 2688 laudato:

126 2716 230 2754 Illum
253 2720 463 2768 expirantem
484 2717 653 2764 transfixo
671 2719 797 2765 pec'sore
807 2715 980 2765 flammas

128 2767 277 2805 Turbine
297 2771 454 2818 corripuit
472 2797 481 2814 ,
505 2768 703 2818 scopuloque
725 2767 844 2814 infixit
863 2777 975 2803 acuto.

74 2830 145 2869 Sed
179 2832 276 2869 enim
307 2832 487 2870 Timaeus
516 2832 658 2868 Locrus
692 2829 751 2867 lib.
776 2841 806 2865 11
857 2827 1102 2865 Historiarum

71 2882 228 2930 Ajacem
241 2882 430 2929 naufragio
452 2881 594 2919 evasisse
609 2909 619 2924 ‚
648 2882 683 2917 ὃ(
707 2882 741 2917 in
758 2880 907 2926 patriam
921 2878 1105 2915 reversum

71 2933 248 2982 prodidit.
304 2932 502 2969 Saeviet«.
537 2931 645 2968 Periit
670 2943 691 2966 a
712 2929 963 2977 fulminealter
977 2929 1108 2967 PetaV.

71 2982 269 3034 &flumine
281 2983 431 3019 Moreti

125 3043 207 3081 345.
238 3040 340 3070 Mens
363 3030 531 3083 quaqua]
570 3031 774 3068 Pentheum
804 3032 948 3080 tangit,
994 3030 1056 3078 qui
1083 3028 1104 3066 Ξ).

71 3093 186 3123 matre
196 3085 407 3122 dilaceratus
426 3083 485 3119 est.
515 3082 753 3118 iuramus.
767 3082 872 3119 Sic&
885 3081 956 3129 ipse
969 3081 1006 3117 in
1022 3081 1106 3117 Me-

71 3134 295 3184 tamorphosi
319 3135 363 3171 de
396 3132 541 3181 Marsya
560 3132 598 3173 ᾧ.
615 3131 698 3177 388.
734 3138 804 3167 Nec
827 3132 1012 3182 quicquam
1042 3129 1106 3175 nisi

72 3187 203 3223 vulnus
221 3196 307 3222 erat.
337 3185 560 3222 Eenmus.
590 3181 692 3218 Idem
715 3193 768 3217 vt.
795 3183 886 3219 Met,
916 3189 985 3219 Nec
1004 3182 1106 3231 quid-

72 3249 179 3284 quam
192 3235 256 3282 nifi
270 3236 401 3272 vulnus
429 3243 517 3272 erat.
569 3231 686 3269 Addit
712 3232 920 3268 Plutarchus
944 3232 980 3268 in
1004 3232 1108 3268 Alci-

72 3284 178 3325 biade
197 3314 209 3332 ,
245 3287 428 3335 Marsyam
462 3282 685 3323 suffocarum
718 3279 821 3321 fuisse
851 3282 894 3319 ab
918 3281 1109 3329 Apolline.

1912 584 2014 637 345
2054 566 2216 626 Mens

1179 695 1343 742 Reperio
1353 702 1482 734 tamen
1492 696 1587 745 apud
1601 695 1824 744 Stephanum
1838 697 1873 735 in
1887 696 2051 736 difflone
2064 701 2221 747 Damas:

1177 746 2217 797 cushujusmodifabulam.Gigantemquemdam,Aseum

1177 798 1422 842 nomine,una
1437 809 1521 834 cum
1537 799 1709 847 Lycurgo
1721 799 1906 837 Bacchum
1920 800 2121 838 devinxisie
2137 830 2147 846 ,
2160 803 2217 840 in-

1175 858 1248 894 que
1261 847 1454 885 Bardinem
1479 849 1633 886 fluvium
1657 849 2075 898 dejeciffe.Mercurium
2089 862 2217 891 autem

1176 897 1323 936 Baccho
1344 899 1666 937 vinculisliberato
1682 900 1812 938 Ascum
1845 901 2055 940 excoriaffe.
2117 903 2216 942 Item

1176 949 1271 985 hanc
1291 949 1454 987 alteram.
1486 949 1583 987 Cum
1597 951 1757 988 Bacchus
1778 953 1813 988 in
1829 951 1930 1000 Syria
1943 953 2087 991 vineam
2111 954 2216 1002 plan-

1177 998 1340 1044 taviffet,
1368 1000 1591 1045 Damascum
1616 1002 1789 1039 Mercurii
1813 1002 1849 1038 &
1872 1002 2070 1041 Alcmedes
2089 1006 2216 1053 Nym—

1176 1051 1268 1097 phae
1291 1050 1406 1089 filium
1428 1063 1510 1088 eam
1531 1052 1643 1089 securi
1658 1050 1827 1090 excidisse
1843 1080 1852 1096 ,
1879 1054 2120 1101 quamobrem
2146 1055 2216 1094 ira-

1175 1110 1232 1138 tus
1252 1101 1414 1140 Bacchus
1441 1114 1526 1139 eum
1557 1103 1738 1141 insecutus
1767 1103 1860 1151 pelle
1880 1104 2045 1142 nudavit.
2069 1106 2150 1154 Ego
2172 1119 2215 1145 u-

1175 1158 1344 1201 tramque
1374 1153 1468 1190 hanc
1499 1152 1657 1191 fabulam
1687 1154 1879 1191 huicloco
1909 1154 2110 1194 censuerim
2135 1169 2216 1195 ma-

1172 1203 1248 1251 gis,
1277 1215 1387 1253 quam
1405 1203 1571 1251 Marsyae
1585 1204 1742 1242 fabulam
1765 1206 1987 1249 convenire,
2018 1217 2102 1244 cum
2124 1209 2212 1257 quia

1177 1255 1339 1303 Lycurgi
1358 1255 1473 1293 statim
1496 1255 1656 1293 Ovidius
1678 1255 1800 1292 intulit
1818 1257 2050 1296 mentionem
2065 1285 2074 1301 ,
2104 1260 2167 1307 qui
2193 1270 2215 1297 a

1174 1303 1321 1342 Baccho
1359 1306 1427 1343 fuit
1454 1305 1634 1354 supplicio
1671 1305 1832 1343 affectus.
1875 1315 1953 1344 turn
1995 1309 2080 1356 quia
2119 1310 2216 1348 infra

1174 1356 1343 1406 Marsyae
1380 1358 1638 1394 excoriationis
1694 1359 1867 1394 meminit
1889 1385 1898 1401 ,
1949 1365 2006 1402 ut,
2039 1359 2216 1408 Nudaque

1175 1406 1309 1456 direpta
1326 1416 1475 1456 pateant
1506 1418 1568 1444 tua
1591 1408 1720 1454 viscera
1743 1408 1827 1456 pelle
1846 1436 1855 1452 ‚
1895 1418 1933 1445 ut
1957 1408 2099 1456 Phrygii
2118 1411 2214 1456 cujus

1176 1457 1470 1505 nominaflumen
1506 1458 1618 1495 habet.
1674 1458 1746 1496 Nisi
1777 1458 1864 1495 velis
1877 1458 1997 1496 dicere
2019 1460 2213 1499 Nasonem

1168 1508 1233 1546 hic
1251 1509 1414 1546 furorem
1432 1536 1441 1553 ‚
1469 1508 1541 1546 illic
1562 1509 1727 1557 Marsyae
1739 1521 1897 1557 poenam
1912 1511 2125 1557 imprecari:
2153 1511 2216 1549 sed

1171 1560 1246 1596 hoc
1277 1572 1353 1597 non
1386 1559 1632 1608 ignorandum
1658 1589 1666 1604 ,
1696 1560 1881 1608 Marsyam
1895 1560 2063 1609 Hyagnis
2092 1560 2212 1599 filium

1173 1608 1278 1647 fuisse
1300 1637 1310 1655 ‚
1348 1617 1389 1647 ut
1420 1622 1465 1647 ex
1489 1610 1644 1659 Philippi
1668 1611 1805 1648 constat
1836 1613 2100 1659 epigrammate
2117 1611 2211 1650 libro

1171 1661 1402 1699 Graecorum
1415 1661 1734 1710 Epigrammatum
1755 1662 1887 1709 primo.
1941 1661 2074 1698 Tradit
2096 1663 2213 1700 etiam

1165 1710 1355 1750 ‘Zenobius
1377 1711 1413 1749 in
1438 1713 1661 1758 proverbiis,
1690 1713 1792 1761 quod
1805 1724 1881 1750 non
1901 1713 2212 1759 praetereundum

1168 1763 1314 1800 videtur
1338 1791 1348 1808 ,
1386 1764 1600 1811 Apollinem
1633 1775 1718 1800 curn
1764 1763 1947 1810 Marsyam
1971 1792 1981 1808 ,
2031 1771 2069 1800 ut
2097 1775 2213 1800 exco-

1167 1814 1301 1858 riaret,
1326 1813 1370 1851 ad
1392 1815 1520 1862 pinum
1535 1812 1766 1862 suspendisset
1790 1842 1799 1857 ‚
1840 1814 1948 1850 eriam
1987 1813 2110 1862 ssabyn
2134 1814 2213 1863 ejus

1168 1865 1315 1902 fratrem
1338 1863 1492 1902 voluiffe
1513 1864 1741 1907 interficere;
1773 1863 1830 1901 sed
1854 1864 1994 1902 Pallade
2016 1865 2210 1909 causante,

1167 1916 1270 1963 quod
1293 1916 1395 1964 pejus
1421 1915 1508 1953 tibia
1526 1924 1711 1959 uteretur,
1741 1914 1933 1952 dimisisse:
1966 1915 2063 1952 unde
2082 1915 2116 1952 in
2138 1915 2211 1952 ho-

1170 1966 1287 2003 mines
1311 1966 1484 2013 quotidie
1505 1966 1592 2013 quid
1621 1966 1722 2014 pejus
1741 1966 1965 2008 laborantes,
1996 1974 2122 2002 natum
2137 1965 2209 2003 effe

1169 2016 1406 2064 proverbium
1424 2044 1431 2058 ‚
1461 2012 1579 2052 κιέκιου
1596 2016 1710 2059 Βαβυς
1722 2015 1846 2056 άυλεῖ,
1862 2017 1956 2060 Pejus
1975 2015 2210 2063 Babystibici-

1170 2077 1289 2102 natur.
1319 2065 1573 2103 ConsanFAN.
1604 2066 1690 2102 Non
1713 2064 1757 2101 de
1783 2064 1927 2112 Marsya
1948 2066 2207 2113 intelligendus

1166 2117 1226 2153 hic
1244 2116 1368 2159 locus,
1397 2127 1519 2164 neque
1550 2117 1649 2153 enim
1671 2115 1731 2152 ille
1752 2115 1850 2152 furiis
1881 2116 2031 2163 agitatus
2051 2116 2203 2165 usquam

1165 2167 1296 2214 legitur
1312 2194 1322 2210 ‚
1349 2166 1407 2203 sed
1421 2167 1465 2203 de
1481 2165 1837 2213 AjaceTelamonio
1852 2192 1862 2206 ‚
1890 2166 1952 2213 qui
1967 2173 2050 2202 toto
2073 2178 2210 2215 corpo-

1167 2228 1205 2253 re
1229 2216 1500 2253 invulnerabilis
1519 2216 1607 2259 fuit,
1634 2222 1889 2264 praeterquam
1924 2227 1966 2252 ea
1989 2225 2090 2262 parte
2107 2245 2117 2261 ‚
2143 2217 2206 2255 ubi

1167 2266 1262 2314 pelle
1282 2266 1453 2303 Herculis
1473 2266 1623 2303 leonina
1658 2266 1776 2303 infans
1813 2266 2004 2303 conicetus
2027 2279 2104 2305 non
2124 2269 2205 2306 fue-

1166 2325 1230 2354 rat.
1259 2317 1311 2354 Ita
1333 2318 1432 2354 enim
1455 2318 1490 2353 in
1516 2317 1735 2354 Comment.
1761 2317 1921 2354 Homeri
1944 2317 2076 2365 legitur
2098 2318 2204 2359 iliad.

1168 2365 1493 2415 penult.1‘56pmm
1508 2395 1516 2410 ‚
1544 2367 1597 2403 &w
1612 2368 1745 2411 ’ἔτυχον
1759 2369 1927 2410 Ἡρακλῆς
1959 2372 2001 2413 τῇ
2021 2369 2110 2417 νήσῳ
2130 2372 2206 2405 Σαι-

1163 2420 1286 2464 λειμῖνι
1307 2421 1409 2455 κατά
1432 2431 1512 2454 τινα
1532 2419 1657 2464 χρείαν
1678 2420 1926 2462 προσπλεύσας
1944 2418 2203 2462 ,Τελαμῶνιδέ

1159 2469 1241 2514 ἄρτι
1251 2471 1413 2514 ’γενέσθω
1427 2470 1487 2504 τὸν
1499 2467 1755 2506 παῖΣαΑἵοιυτα
1771 2468 1901 2512 {xre-&g
1914 2465 1968 2504 εἶν
1981 2468 1996 2504 ὁ
2009 2469 2204 2515 Η’ρακλῆς,

1160 2522 1222 2557 καὶ
1235 2521 1425 2565 ἀναλαβὼν
1439 2521 1497 2555 τὶν
1511 2518 1839 2565 παῖέα,περιέβαλε
1852 2517 2086 2565 λεοντῇ.ἐφ’ὦ
2096 2520 2205 2568 822}oe-

1163 2573 1205 2608 ’τό
1224 2571 1336 2608 &urbs
1353 2573 1499 2617 γένεςαι
1517 2570 1687 2616 ἄτρωτον.
1719 2571 1733 2607 ὁ
1752 2569 1793 2606 δὲ
1813 2570 1937 2618 ἦνξῆθη
1950 2598 1960 2614 ,
1990 2572 2049 2607 καὶ
2073 2571 2116 2608 τὸ
2128 2572 2203 2608 πᾶν

1164 2625 1229 2659 τοῦ·
1248 2623 1411 2667 σώμκτος
1440 2622 1589 2666 ἐγένετο
1612 2621 1771 2665 ἄτρωτον
1792 2649 1802 2666 ,
1840 2626 1936 2661 arhiv
1968 2624 2030 2658 τοῦ
2050 2621 2204 2667 οὔχενος

1162 2673 1285 2721 (five,
1312 2682 1350 2711 ut
1373 2674 1457 2717 alii,
1487 2673 1553 2715 τῆς
1576 2673 1761 2720 πλευρᾶς)
1793 2676 1900 2709 τοῦτο
1924 2674 1992 2716 ’γᾶρ
2017 2671 2205 2709 ἐδόκεις-6-

1161 2736 1205 2761 ‘te
1225 2726 1325 2759 κατὰ
1344 2725 1461 2769 ’τύχην
1473 2724 1516 2760 τὸ
1527 2725 1625 2768 μέρος
1645 2729 1693 2768 μὴ
1705 2722 1974 2769 περιβεβλῆσθαι
1989 2726 2030 2768 τῇ
2051 2718 2202 2768 λεοντῆ,

1161 2777 1234 2812 &c.
1261 2775 1399 2811 Eadem
1425 2773 1503 2811 sere
1525 2777 1561 2810 ὃ(
1586 2774 1758 2812 Pindarus
1779 2774 1865 2811 Ode
1888 2773 2096 2811 Istmiorum
2122 2774 2224 2812 sex--

1162 2835 1210 2863 ta.
1263 2826 1324 2863 De
1353 2824 1487 2862 insania
1515 2834 1640 2863 autem
1673 2827 1709 2863 ἃ
1733 2826 1856 2862 furore
1883 2824 2029 2873 ajacis,
2059 2837 2103 2862 ex
2122 2837 2201 2874 quo

1163 2877 1263 2914 idem
1297 2876 1331 2913 se
1352 2875 1538 2924 postremo
1559 2876 1770 2917 interfecit,
1803 2882 1902 2913 extat
1926 2875 2114 2923 tragoedia
2135 2876 2204 2913 So-

1164 2927 1307 2976 phoclis
1328 2954 1338 2970 ,
1377 2938 1471 2974 quae
1492 2926 1692 2964 inscribitur
1708 2926 1809 2968 ,Αἰόις
1831 2926 2092 2972 μοιςιγσφόρος,
2121 2927 2204 2963 Mt-

1168 2990 1278 3016 CYLL.
1332 2977 1435 3015 Nihil
1458 2978 1568 3015 dirius
1596 2978 1731 3015 insania
1762 2979 1800 3015 &
1829 2979 1978 3021 furore,
2006 2988 2100 3025 quae
2122 2977 2203 3014 sunt

1162 3029 1333 3067 Deorum
1359 3029 1430 3065 tela
1446 3056 1455 3072 ‚
1481 3029 1673 3077 imprecari
1699 3028 1820 3075 potuit
1840 3056 1850 3072 ‚
1878 3039 1950 3076 qua
1973 3027 2018 3065 de
2042 3039 2079 3064 re
2098 3029 2203 3065 lucu·

1160 3081 1277 3118 lenter
1300 3078 1382 3117 sane
1410 3079 1603 3127 Lycurgus
1634 3079 1774 3117 Orator
1804 3088 1931 3116 contra
1955 3079 2173 3115 Leocratem
2190 3103 2202 3120 ‚

1163 3131 1297 3168 Cicero
1309 3129 1576 3177 deAruspicum
1591 3129 1897 3178 Responsis,item
1914 3129 2080 3166 oratione
2094 3129 2129 3164 in
2144 3126 2205 3163 Pi-

1159 3181 1301 3219 sonem.
1354 3180 1443 3216 Hoc
1460 3180 1611 3217 disticho
1625 3180 1846 3229 significatur
1866 3180 1963 3228 Ajax
1984 3177 2205 3214 Telamonis

1161 3230 1255 3268 filius
1270 3259 1279 3275 ‚
1309 3230 1354 3267 de
1377 3230 1478 3275 cuius
1501 3231 1625 3268 furore
1645 3240 1746 3267 extat
1759 3230 1949 3278 Sophoclis
1963 3227 2175 3275 Tragoedia
2191 3254 2202 3270 ‚

1161 3293 1256 3330 quae
1288 3280 1488 3320 inscribitur
1517 3275 1896 3369 Αἰαἱμαςιγοφόρσς.
1946 3279 2217 3367 Meminerungte

1662 3342 1683 3368 2
2188 3353 2191 3355 .
