2547 3708
636 136 1541 215 PRAEFJATioNEs.
2038 182 2131 230 ,Π

4 292 5 298 ,
40 262 136 306 mos
159 240 456 308 philosophos
478 240 695 290 videntur
717 243 960 306 impulisse.
1029 245 1157 291 Inter
1183 260 1316 309 quaS,
1351 245 1452 293 sunt
1479 247 1557 309 qui
1580 262 1676 294 non
1699 245 1974 312 postremam
2001 252 2128 303 fuiss'e

3 331 5 358 π
36 320 296 368 autument,
331 306 581 371 respectum
613 307 905 370 praestantiae
925 325 978 368 ac
1001 309 1255 357 nobilitatis
1280 310 1594 372 scientiarum,
1629 328 1737 375 quas
1758 313 1804 360 in
1828 314 1994 378 vulgus
2020 334 2126 379 pro-

1 398 5 428 .
33 375 110 434 di,
141 387 274 436 atque
295 371 507 418 omnibus
531 372 765 435 patefieri,
798 373 920 420 nefas
945 372 1183 436 putabant.
1253 374 1374 421 Cum
1398 378 1519 426 enim
1543 377 1774 424 occultam
1797 378 2125 442 philosophan-

1 430 4 442 ⁴
30 437 77 493 di
101 439 317 485 rationem
334 436 501 484 Graeci
525 436 579 483 ab
593 437 837 502 Aegyptiis
862 438 1166 502 accepissent,
1202 438 1549 503 haudquaquam
1576 441 1819 489 voluerunt
1841 459 1908 489 res
1933 444 2127 493 admira-

2 509 3 514 ’
39 503 148 558 biles
175 501 221 547 in
241 500 412 565 vulgus
434 500 679 564 profanum
713 505 868 562 exire,
902 501 1028 565 quod
1051 503 1123 551 vel
1146 503 1232 550 illis
1254 520 1349 551 non
1370 498 1475 566 satis'
1493 508 1720 570 perceptis
1747 506 1772 553 a
1798 508 1967 570 pietate
1989 507 2136 556 desci-

0 584 3 617 ε
31 580 181 622 turum
219 579 341 625 erat,
375 567 448 613 vel
483 567 648 614 mentis
672 567 918 614 hebetioris
939 567 1057 615 vitio
1082 566 1254 615 easdem
1279 569 1649 631 depravaturum.
1717 569 2128 632 Qemadmodum

0 625 3 678 i
30 629 148 687 enim
183 631 370 689 vinum,
403 633 696 693 quantumvis
732 631 1035 695 generosum,
1069 631 1197 679 dolio
1228 631 1425 679 infusum
1458 651 1552 681 non
1576 633 1775 695 fincero,
1809 636 2033 684 coacescit
2058 649 2127 685 at-

0 736 1 743 ,
60 709 114 742 ue
137 696 481 759 corrumpitur:
517 697 579 742 ita
599 696 832 755 doctrina,
865 692 1018 743 animo
1045 696 1258 743 imbibita
1280 698 1332 743 ad
1359 698 1696 762 percipiendam
1721 701 1843 747 illam
1867 717 2027 764 parum
2049 702 2128 748 de-

0 762 1 808 }
72 770 230 818 ecato,
265 759 411 806 labem
436 761 686 806 contrahit.
724 759 873 820 Qod
897 759 996 807 sane
1019 759 1098 807 usu
1112 761 1279 809 venisse
1300 764 1527 826 apertiore
1548 764 1621 810 illa
1645 776 1782 828 atque
1807 766 2020 813 omnibus
2043 783 2127 813 ex-

0 846 1 866 l
27 821 191 887 polita·
211 822 564 886 philosophandi
598 825 801 883 ratione,
835 826 1026 871 testatur
1059 824 1305 872 consecuta
1337 843 1436 873 eam
1469 827 1806 891 disciplinarum
1833 830 2127 893 depravatio,

0 876 1 938 J
26 902 140 950 quae
174 888 380 952 process‘u
411 890 663 950 temporis,
696 888 1146 952 scientiis'paulatim
1185 906 1242 936 ex
1266 890 1367 937 rudi
1391 893 1438 937 in
1463 891 1618 939 rudius
1645 893 1880 956 ingenium
1903 894 2025 957 quafi
2046 911 2128 958 per

0 970 1 1012 ᾗ
25 967 182 1014 manus
209 952 570 1016 traditis,major
593 953 736 1000 indies
756 953 924 1013 evasit,
955 954 1163 1017 adeoque
1187 953 1372 1001 adaufi'ca
1395 954 1484 1013 est,
1518 970 1570 1002 ut
1596 957 1747 1003 nostra
1769 971 1913 1005 aetate
1935 960 2011 1005 vix
2041 979 2130 1016 νοη-

0 1026 1 1064 l
31 1012 93 1066 “J
110 1015 301 1079 aliquod
335 1033 513 1063 merum
544 1030 679 1080 atque
710 1017 933 1065 intactum
960 1020 1156 1081 reperire
1183 1018 1239 1066 fit
1262 1019 1312 1065 'in
1335 1033 1573 1083 promptu.
1641 1021 1881 1081 Qiocirca
1902 1022 2018 1068 hanc
2039 1024 2124 1070 do-

0 1111 1 1114 =
23 1026 267 1145 &inarum
295 1081 605 1145 corruptelam
629 1083 844 1130 evitaturi
860 1116 876 1142 ,
909 1098 992 1146 per
1017 1082 1188 1130 fabulas
1211 1083 1526 1146 philosophari
1551 1099 1833 1148 coeperunt,
1869 1086 2122 1151 harumque

25 1144 351 1209 integumentis
384 1145 624 1208 sapientiae
657 1147 867 1210 mysteria
901 1147 1104 1194 mirifico
1128 1147 1328 1195 artificio
1350 1147 1646 1196 abdiderunt:
1684 1165 1796 1212 quae
1820 1151 2032 1213 paterent
2057 1165 2127 1199 at-

25 1216 112 1277 que
145 1209 281 1256 obvia
311 1208 452 1256 effent
478 1211 705 1273 castigatis
732 1209 955 1258 duntaxat
982 1212 1206 1275 ingeniis,
1242 1212 1521 1275 minimeque
1544 1213 1597 1259 ad
1623 1213 1933 1264 adulterandas
1960 1215 2054 1261 illas
2073 1231 2126 1262 ac

26 1273 404 1336 contaminandas
428 1277 719 1338 comparatis.
789 1276 862 1322 Ad
899 1275 1250 1322 conservandam
1275 1278 1419 1339 igitur
1443 1278 1560 1323 hanc
1581 1277 1903 1341 Philosophiae
1928 1279 2127 1326 illibatae

25 1335 267 1401 paritatem
284 1371 299 1397 ,
334 1337 642 1386 adhibuerunt
666 1341 802 1386 etiam
831 1341 1025 1387 alterurn
1048 1341 1300 1400 remedium
1316 1375 1331 1400 ,
1367 1341 1492 1405 quod
1514 1342 1601 1388 illis
1635 1342 1814 1389 acceffit
1839 1343 1894 1389 ab
1918 1344 2127 1389 oratione

27 1397 259 1458 numerosa
290 1418 343 1448 ac
365 1403 536 1465 pedum
559 1404 754 1451 vinculis
775 1405 985 1469 alligata,
1021 1421 1134 1469 quae
1156 1407 1399 1470 poetarum
1425 1406 1490 1452 est
1515 1408 1716 1468 propria.
1784 1406 2126 1454 Existimabam:

25 1466 330 1530 miquuod
364 1483 431 1513 res
461 1467 551 1527 est,
585 1469 839 1516 dmstrinam
872 1470 928 1515 de
961 1485 1146 1529 natura,
1179 1470 1400 1533 rebusque
1433 1471 1659 1530 occultis,
1696 1486 1783 1517 una
1806 1486 1912 1516 cum
1940 1487 2125 1518 morum

26 1528 200 1583 ratione
235 1531 465 1590 universa,
499 1532 699 1580 versibus
731 1534 1135 1598 comprehensam,
1170 1551 1266 1581 non
1301 1535 1441 1581 modo
1473 1534 1640 1582 aritius
1658 1535 1903 1581 memoriae
1923 1535 2126 1590 infixum

26 1595 109 1659 iri,
142 1594 213 1642 sed
244 1596 377 1642 etiam
415 1594 635 1660 temporis
668 1597 912 1662 injuriam,
946 1598 1073 1662 quod
1093 1600 1247 1646 omnia
1270 1612 1416 1656 mutat
1447 1611 1584 1662 atque
1605 1600 1790 1656 abolet,
1826 1600 1975 1645 minus
2001 1600 2048 1645 in
2073 1599 2127 1645 il-

23 1651 112 1773 }tn
138 1661 255 1724 juris
282 1660 557 1708 habituram.
624 1662 748 1722 Qiis
774 1665 897 1710 enim
926 1680 1021 1710 non
1043 1664 1169 1710 videt
1191 1665 1549 1728 procliviorem,
1585 1663 1822 1726 minusque
1844 1664 2128 1711 animadver-

43 1725 137 1786 *oni
170 1724 364 1783 obvium
397 1725 483 1772 effe
514 1728 675 1775 erroris
698 1744 750 1775 ac
771 1727 1110 1791 depravationis
1134 1728 1306 1792 lapsum
1334 1729 1380 1775 in
1401 1729 1610 1775 oratione
1637 1728 1804 1786 soluta,
1838 1744 1972 1790 quarn
2000 1741 2126 1774 certa

22 1788 190 1853 pedum
227 1789 430 1837 mensura
452 1790 661 1838 astricta?
696 1792 787 1839 five
807 1792 951 1856 lapsus
976 1794 1051 1840 ille
1071 1793 1257 1857 quidem
1284 1795 1580 1855 ingeniorum
1606 1793 1783 1838 accidat
1804 1791 2125 1839 imbecillitate

23 1850 113 1915 five
145 1854 434 1901 librariorum
462 1857 669 1916 incuria,
705 1856 795 1903 five
819 1859 902 1904 alia
923 1874 1197 1922 quacunque
1223 1858 1391 1920 culpa?
1427 1858 1606 1903 Contra
1629 1873 1740 1903 vero
1767 1857 1900 1902 metri
1924 1869 2046 1902 certa
2072 1856 2124 1904 δε

20 1917 176 1965 exa&a
196 1921 313 1964 ratio
340 1935 435 1965 non
463 1922 524 1966 ita
547 1920 681 1966 facile
705 1922 862 1968 locum
885 1924 1001 1967 vitio
1023 1922 1240 1985 relinquit
1255 1956 1270 1980 ,
1306 1935 1384 1968 aut
1408 1921 1697 1984 corruptelae
1720 1920 1810 1966 five
1831 1936 2000 1966 vocum
2017 1953 2033 1978 ,
2067 1919 2124 1972 fi-

21 1997 76 2028 ve
110 1983 446 2029 sententiarum.
512 1984 643 2030 Haec
672 2000 779 2030 cum
816 1987 878 2031 ita
913 1985 1027 2045 fint,
1061 1986 1200 2049 digna
1233 1999 1358 2032 certe
1389 1986 1691 2030 admiratione
1711 1984 1777 2030 est
1799 1985 1982 2030 illorum
2010 1999 2120 2046 pru-

20 2045 200 2108 dentia,
235 2048 314 2109 qui
349 2051 429 2107 (ut
461 2047 595 2094 initio
626 2047 752 2105 dixi)
789 2049 1105 2113 philosophiae
1133 2066 1290 2096 arcana
1316 2049 1477 2096 fabulis
1504 2048 1827 2105 involverunt,
1862 2047 2121 2109 fabulasque

24 2109 132 2172 ipsas
156 2110 356 2156 versibus
382 2112 851 2174 comprehenderunt,
898 2114 1006 2171 Qia
1029 2116 1075 2159 in
1098 2130 1169 2172 re,
1204 2127 1381 2175 praeter
1401 2113 1756 2159 commoditates
1783 2111 1998 2158 hactenus
2025 2127 2123 2157 me-

22 2182 245 2233 moratas,
283 2175 457 2221 illarum
492 2175 696 2223 auctores
728 2179 866 2224 etiam
887 2178 1135 2224 utilitatem
1159 2180 1229 2224 vel
1255 2179 1453 2223 maxime
1478 2176 1715 2224 attendifi'e
1740 2176 1853 2221 mihi
1877 2175 2122 2234 videntur,

25 2254 135 2302 quae
164 2239 268 2285 inde
299 2239 577 2286 redundabat
601 2239 664 2298 ‚ad
689 2240 961 2287 discentium
988 2257 1134 2305 genus
1156 2243 1432 2287 univer-stim.
1501 2240 1624 2286 Cum
1653 2241 1804 2297 enim,
1841 2241 1887 2285 in
1904 2252 2029 2285 tanta
2051 2240 2127 2286 in-

19 2304 262 2366 geniorum
295 2305 537 2362 varietate,
571 2304 819 2351 admodum
844 2306 945 2352 illos
966 2305 1152 2369 quidem
1177 2306 1425 2368 discrepare
1448 2304 1891 2364 animadverterent,
1927 2304 2122 2366 excogi-

23 2379 114 2416 tata
149 2369 233 2414 hac
264 2367 460 2414 docendi
494 2371 697 2429 ratione,
733 2370 1003 2416 studuerunt
1030 2369 1173 2415 veluti
1199 2370 1333 2427 cibo,
1370 2385 1464 2416 uno
1489 2369 1568 2414 illo
1597 2368 1808 2431 quidem,
1843 2367 1915 2413 sed
1938 2366 2127 2415 diverfis

19 2429 186 2478 affecto
208 2431 466 2496 saporibus,
501 2435 710 2480 omnium
734 2434 864 2481 fimul
890 2434 1042 2498 palato
1062 2433 1332 2481 satisfacere.
1399 2435 1463 2480 Et
1484 2433 1608 2491 sane,
1646 2432 1761 2478 ficut
1785 2431 2124 2478 esculentorum
2197 2497 2203 2500 -

19 2493 177 2558 sapore
200 2497 308 2543 alius
327 2498 416 2543 alio
439 2499 619 2561 capitur
642 2511 777 2561 atque
797 2499 1003 2563 jucunde
1027 2512 1284 2545 recreatur:
1304 2500 1366 2544 ita
1389 2498 1678 2561 ingeniorum
1697 2530 1711 2554 ,
1727 2496 1757 2542 fi
1781 2512 1867 2558 qua
1892 2495 2125 2542 obtufi‘ora

18 2557 209 2617 ,suntad
241 2561 552 2626 perspicienda
588 2571 775 2610 naturae
809 2563 1006 2623 secreta,
1040 2564 1246 2610 versuum
1284 2563 1332 2609 δε
1355 2562 1607 2608 fabularum
1635 2561 1882 2607 involucris
1906 2557 2125 2618 abstrusa,

24 2622 303 2672 hoc'saltem
326 2642 384 2673 ex
409 2627 478 2672 his
500 2627 740 2675 commodi
761 2628 1000 2687 auferunt,
1036 2641 1089 2675 ut
1113 2627 1319 2674 historias
1345 2626 1545 2688 ipsorum
1570 2626 1869 2688 poematum,
1902 2640 1990 2670 una
2008 2638 2124 2689 cum

17 2690 278 2736 ,carminum
313 2691 538 2756 elegantia
577 2693 626 2740 &
650 2693 976 2740 modulationis
999 2691 1219 2739 suavitate
1243 2692 1528 2755 percipiant:
1565 2705 1681 2752 quae
1700 2705 1812 2735 vero
1830 2705 1888 2734 ex
1912 2689 1964 2734 iis
1987 2687 2125 2750 paulo

19 2750 127 2800 sunt
162 2754 393 2813 acutiora,
426 2756 564 2802 etiam
583 2756 754 2803 sensum
779 2758 964 2803 illorum
988 2757 1207 2811 moralem
1229 2757 1536 2820 affequantur:
1573 2769 1685 2817 quae
1708 2753 1903 2814 denique
1927 2750 2126 2811 utrisque

28 2814 128 2863 sunt
160 2818 430 2865 excitatiora
457 2820 505 2866 δί
533 2820 759 2884 sagaciora
779 2856 795 2880 ,
827 2836 1006 2885 praeter
1038 2821 1251 2867 historiae
1285 2820 1634 2883 cognitionem,
1668 2817 1717 2862 &
1747 2832 1928 2862 morum
1955 2814 2126 2860 doctri-

19 2896 160 2940 nam,
192 2882 242 2928 in
277 2896 461 2928 naturae
492 2884 845 2944 obscuritatem,
890 2880 938 2932 Sc
969 2886 1258 2948 Astrologiae
1298 2901 1349 2931 ac
1381 2883 1674 2946 Theologiae
1705 2881 1841 2944 adyta
1870 2889 2127 2942 penetrent.

17 2944 100 2992 Ita
121 2962 215 3006 non
239 2947 382 2993 modo
407 2949 695 2995 amoenitatis
719 2949 970 2997 oblcc‘tatio
992 2949 1096 2996 inde
1117 2950 1174 2995 ad
1196 2947 1436 3012 sapientiae
1461 2946 1682 2995 studiosos
1705 2944 1859 3008 paffim
1886 2958 2128 3007 promana-

26 3007 133 3069 bat,
163 3010 237 3065 sed
273 3013 411 3059 etiam
445 3013 748 3058 maximarum
785 3015 1038 3061 utilitatum
1065 3014 1336 3078 perceptio,
1370 3013 1534 3076 quibus
1557 3009 1838 3059 recensendis
1859 3009 1982 3072 prius
2010 3020 2129 3079 tern-

33 3088 114 3136 pus
140 3090 276 3138 quam
311 3076 460 3123 oratio
495 3093 579 3123 nos
604 3076 837 3124 defecerit:
905 3077 1224 3138 Quamobrem
1248 3079 1358 3125 licet
1377 3077 1631 3124 fabularum
1657 3074 1841 3121 istarum
1867 3072 2129 3120 velamentis

33 3139 261 3187 occultata
292 3140 486 3204 speciem
520 3157 625 3204 prae
659 3139 701 3187 se
731 3141 807 3188 illa
840 3142 1025 3204 quidem
1048 3143 1208 3191 ferant
1244 3142 1449 3194 falfitatis
1482 3140 1531 3187 &
1567 3138 1912 3186 mendaciorum
1938 3170 1955 3196 ,
2003 3143 2124 3196 (quo
2174 3188 2177 3190 ,

29 3203 214 3254 nomine
242 3205 364 3268 apud
397 3205 610 3257 indoeios
643 3206 693 3256 &
721 3206 962 3271 imperitos
994 3210 1162 3273 poetae
1194 3207 1313 3258 male
1332 3202 1557 3319 εινῧάὶυηῑ.)
1592 3203 1825 3265 fidemque
1851 3201 1936 3250 illis
1959 3212 2125 3307 temege

49 3299 51 3302 Α
1426 3284 1457 3317 2
2048 3276 2073 3306 a
2107 3282 2126 3294 ⁴
