2547 3708
554 119 1526 177 ·PRAEFAT10NEs
2031 105 2124 198 τῷ

32 214 374 277 Huc'acceffit,
408 211 535 279 quod
558 212 616 259 ab
646 214 803 260 amicis
835 212 1009 277 sperare
1036 215 1177 278 jussus
1200 215 1311 275 iim,
1349 234 1460 265 mox
1492 217 1622 280 fore,
1656 231 1711 267 ut
1742 225 1923 285 copiam
1956 227 2126 281 faciant

27 283 223 353 plurium
257 281 457 329 Nasonis
495 279 858 325 membranarum
883 313 898 338 ,
934 280 982 326 &
1020 280 1323 329 vetustiorum
1360 284 1439 344 iis,
1474 300 1582 348 quas
1613 285 1830 335 haetenus
1863 294 2127 353 perlustrare

28 351 156 400 nobis
191 348 412 410 contigit.
484 344 621 390 Unde
657 344 867 408 augurari
904 343 1066 404 datur,
1102 346 1240 409 longe
1272 348 1448 395 felicius
1482 350 1619 396 telam
1653 351 1770 398 hanc
1803 359 1828 399 a
1866 371 1940 402 me
1970 359 2125 408 detexi

26 415 178 482 poffe,
211 428 344 474 quam
384 409 601 456 inchoata
634 409 725 468 est,
761 408 794 456 fi
819 411 950 458 novis
974 408 1178 456 subsidiis
1214 412 1458 460 insti-ustus
1490 418 1611 461 curis
1644 417 1850 465 secundis
1873 436 1947 467 me
1971 420 2140 471 accin?

25 496 144 546 gam.
212 479 318 525 Sine
343 475 707 521 membranarum
733 475 951 522 videlicet
974 491 1067 538 ope
1102 476 1233 523 irrito
1268 478 1539 542 plerumque
1574 497 1679 526 cum
1715 481 1915 531 successu
1951 487 2125 550 ingenii

23 560 157 608 atque
180 541 449 588 eruditionis
472 542 564 586 vim
582 573 596 597 ,
611 554 849 602 utcunque
873 540 1151 587 luculentam
1166 542 1464 606 ,castigandis
1485 544 1638 609 priscis
1662 545 1959 610 scriptoribus
1980 543 2128 602 videas

23 609 269 657 admoveri.
340 606 446 669 Ego
472 618 596 651 certe
622 621 728 650 cum
753 606 948 667 plurima
977 604 1174 652 Nasonis
1198 610 1474 671 exemplaria
1494 623 1597 656 ante
1620 613 1852 659 inventam
1879 629 2020 664 artem
2052 631 2127 681 ty-

23 672 351 739 pographicam
375 684 555 717 exarata
575 668 878 715 consuluerim
893 703 906 728 ,
922 670 1183 731 paucissima
1206 684 1360 718 tamen
1382 672 1406 719 ἐ
1428 686 1560 721 tanto
1582 692 1773 723 numero
1795 677 1878 725 sese
1901 680 2015 728 mihi
2039 683 2127 730 ob-

23 741 252 796 tulerunt,
287 751 398 800 quae
420 748 499 781 aut
527 735 796 780 vetustatem
826 736 1017 780 multam
1043 751 1146 796 prae
1170 735 1212 780 se
1233 736 1430 796 ferrent,
1465 753 1542 785 aut
1565 756 1621 786 ex
1643 742 1879 790 emendata
1904 745 2128 809 scriptura

21 804 198 851 laudem
224 814 536 858 mererentur,
571 798 695 861 quod
719 798 1151 845 Animadversiones
1176 801 1304 848 hasce
1326 803 1584 864 perle<9fflr0
1610 805 1743 852 facile
1765 824 1816 854 ac
1843 809 2051 872 liquido,
2076 813 2127 859 ni

20 868 180 927 fallor,
215 866 464 931 apparebit.
533 862 838 926 Quapropter
862 879 1021 910 omnes
1046 865 1245 911 Nasonis
1279 867 1423 913 nostri
1460 869 1677 916 studiosos
1701 885 2001 937 veterumque
2032 876 2126 923 ele-

19 934 279 998 gantiarum
311 943 509 976 amantes
531 930 655 975 viros
678 930 812 974 unice
839 941 994 975 oratos
1019 929 1156 988 volo,
1191 930 1479 995 plurimaque
1503 948 1610 979 cum
1644 952 1777 998 prece
1802 937 1966 985 hortor
1988 952 2126 1004 atque

21 997 237 1055 obsecro,
272 1008 323 1042 ut
348 994 638 1057 quascunque
664 994 852 1039 maximi
883 995 1048 1057 poe'tae
1072 996 1324 1041 carminum
1350 998 1630 1045 membranas
1662 1013 1739 1046 aut
1764 1000 1845 1064 ipfi
1873 1002 2127 1066 poffident‚

20 1075 98 1108 aut
121 1061 176 1108 ab
198 1062 292 1108 aliis
316 1058 519 1123 possessas
540 1058 754 1121 indagare
780 1072 1027 1121 poterunt,
1061 1059 1116 1105 ab
1146 1059 1308 1107 harum
1337 1062 1581 1123 conlpefftu
1616 1077 1754 1126 atque
1778 1065 1855 1112 usu
1881 1084 1938 1114 ne
1962 1085 2034 1115 me
2056 1086 2126 1116 ar-

20 1140 151 1174 ceant
176 1140 254 1172 aut
275 1124 552 1182 excludant,
575 1122 645 1168 sed
668 1125 714 1169 in
737 1139 985 1170 commune
1007 1125 1164 1186 potius
1188 1124 1363 1172 bonum
1394 1126 1677 1175 consulentes
1698 1129 1869 1176 liberali
1896 1148 2030 1180 manu
2053 1134 2127 1181 ul·-

22 1204 96 1239 tro
134 1189 332 1237 offerant
367 1202 504 1251 atque
535 1188 589 1233 ad
623 1204 698 1234 me
723 1187 910 1251 perferri
946 1203 1112 1235 curent
1142 1205 1249 1235 curn
1278 1190 1459 1238 codices
1483 1192 1687 1240 vetustos
1719 1193 1865 1257 ipsos,
1898 1210 1976 1244 aut
2002 1212 2127 1246 certe

22 1272 129 1319 quas
156 1272 213 1301 ex
242 1257 292 1301 iis
313 1252 622 1314 excerpserint
645 1252 894 1300 lefilionum
916 1252 1262 1316 discrepantias,
1298 1268 1399 1303 tum
1425 1256 1456 1302 fi
1482 1258 1592 1319 quid
1617 1258 1829 1305 locorum
1851 1262 1972 1324 apud
2002 1265 2127 1325 opti-

21 1336 147 1367 mum
172 1321 357 1383 poetam
389 1319 464 1364 hic
490 1319 585 1364 illic
611 1320 956 1365 occurrentium
992 1331 1070 1365 aut
1103 1317 1188 1381 ipsi
1209 1336 1266 1365 ex
1300 1321 1487 1384 ingenio
1521 1323 1568 1367 in
1600 1323 1832 1387 integrum
1865 1325 2129 1388 restituere,

21 1399 98 1433 aut
124 1386 384 1432 restitutum
409 1385 463 1429 ab
489 1383 584 1429 aliis
605 1397 806 1444 norunt,
843 1383 965 1447 quod
990 1382 1015 1428 a
1041 1399 1114 1429 me
1145 1386 1378 1432 monitum
1413 1385 1795 1450 observatumque
1817 1405 1911 1435 non
1935 1389 2004 1437 fit.
2072 1393 2129 1439 Id

21 1451 140 1496 enim
165 1448 196 1495 si
220 1449 491 1511 impetrem,
525 1446 664 1493 ausim
690 1449 926 1510 polliceri,
952 1448 1091 1511 longe
1114 1450 1475 1498 emendatiorem
1497 1452 1739 1514 aliquando
1755 1453 1990 1501 Nasonem
2017 1473 2128 1520 pro-

20 1514 250 1561 diturum:
288 1530 394 1560 cum
423 1514 537 1560 mihi
564 1513 711 1559 fixum
737 1514 914 1572 sedeat,
936 1512 1203 1576 diligentius
1231 1514 1340 1561 huic
1367 1514 1516 1562 studio
1542 1517 1733 1578 posthac
1758 1518 2128 1582 invigilare,nec

21 1592 123 1626 ante
145 1596 330 1625 manum
355 1579 517 1625 tollere
540 1578 597 1623 de
619 1577 800 1638 tabula,
836 1594 971 1639 quam
997 1578 1111 1624 mihi
1134 1578 1219 1639 ipfi
1243 1580 1288 1625 in
1312 1580 1574 1645 castigando
1600 1582 1790 1629 Nasone
1816 1582 2127 1646 satisfecerim,

23 1643 49 1691 ὲ
75 1660 167 1706 quo
202 1645 343 1706 scopo
379 1645 518 1707 longe
554 1644 804 1690 etiamnum
839 1643 982 1689 abefl'e
1010 1660 1083 1689 me
1117 1643 1306 1690 diffiteri
1343 1662 1436 1692 non
1460 1645 1657 1708 possum.
1726 1646 1873 1706 Qiod
1897 1651 2130 1712 reliquum

20 1708 108 1768 est,
142 1725 280 1771 opera
307 1713 332 1755 a
355 1725 428 1755 me
453 1708 664 1767 dabitur,
701 1725 755 1754 ne
779 1709 1048 1755 fraudentur
1077 1709 1278 1772 praestiti
1310 1709 1454 1756 officii
1488 1710 1667 1771 fruetu,
1702 1714 1966 1777 quicunque
1990 1731 2128 1763 cona-

22 1786 93 1821 tus
117 1773 251 1821 hosce
277 1774 453 1821 nostros
477 1791 561 1838 pro
587 1774 707 1821 virili
733 1774 1107 1836 promovebunt,
1143 1774 1414 1837 laudemque
1440 1775 1638 1822 debitam
1664 1791 1715 1822 ut
1741 1778 1925 1841 publice
1946 1780 2128 1842 ferant,

19 1841 288 1903 praecipuae
312 1855 446 1886 curae
470 1839 587 1885 mihi
611 1841 710 1885 erit.
782 1838 1015 1886 Plaetenus
1043 1840 1227 1902 quidem
1255 1840 1517 1886 institutum
1552 1840 1643 1886 hoc
1670 1842 1810 1888 multa
1836 1859 1942 1889 cum
1965 1843 2130 1892 seduli-

20 1916 116 1950 tate
141 1921 246 1967 prae
280 1905 466 1950 caeteris
489 1904 707 1950 foverunt
735 1905 818 1949 viri
843 1917 948 1950 toto
975 1905 1088 1950 orbe
1113 1905 1423 1963 celeberrimi,
1461 1907 1632 1951 Isaacus
1657 1905 1861 1965 Vossius,
1891 1908 2126 1967 johannes

18 1968 288 2014 Fredericus
311 1968 610 2025 Gronovius,
643 1969 900 2014 Bernardus
927 1969 1202 2027 Medonius,
1238 1969 1517 2015 philibertus
1541 1969 1596 2014 de
1619 1970 1658 2015 la
1685 1972 1845 2030 Mare,
1883 1972 2129 2036 AEgidius

17 2034 296 2095 Menagius,
331 2033 480 2078 Lucas
505 2033 880 2095 Langermannus
896 2065 911 2090 ,
938 2032 1167 2090 Johannes
1190 2033 1425 2096 Georgius
1450 2035 1699 2092 Graevius,
1736 2034 1931 2083 Carolus
1955 2038 2125 2097 Datus,

14 2096 514 2158 JacobusMentelii.1s,
541 2096 794 2142 Bernardus
819 2097 1223 2159 Rottendorphius
1239 2131 1253 2154 ,
1278 2099 1987 2164 BalthazarMoretus,aliique,
2012 2118 2128 2165 quos

21 2161 253 2225 operosius
275 2161 543 2218 recensebo,
578 2160 760 2223 quando
783 2164 928 2220 curis,
953 2178 1060 2225 quas
1083 2163 1316 2224 pollicitus
1340 2165 1425 2224 jam
1449 2163 1573 2221 sum,
1598 2162 1803 2209 secundis
1826 2166 2023 2212 indicem
2049 2183 2126 2213 ca-

20 2228 318 2290 talogumque
339 2239 604 2272 accuratum
629 2226 748 2271 dabo
775 2227 982 2271 omnium
1005 2242 1164 2272 eorum
1193 2222 1439 2286 codicum,
1473 2245 1552 2291 qui
1579 2227 1816 2274 Nasonem
1850 2231 2128 2295 castigaturo

23 2291 136 2338 mihi
159 2292 213 2337 ad
242 2307 427 2337 manum
451 2290 604 2348 fuere,
638 2306 744 2335 cum
778 2290 963 2335 illorum
998 2291 1289 2349 nominibus,
1324 2294 1398 2355 qui
1428 2294 1581 2355 copias
1604 2293 1967 2342 membranarum
2000 2297 2129 2343 auxi-

23 2354 147 2402 liares
173 2369 250 2401 aut
268 2360 362 2418 jam
386 2369 490 2401 ante
510 2354 899 2402 subministrarant
916 2388 931 2412 ,
965 2369 1045 2401 aut
1070 2355 1369 2418 imposterum
1396 2357 1499 2403 sunt
1519 2356 1913 2405 subministraturi.
1982 2362 2128 2407 Frue-

24 2435 73 2465 re
107 2421 320 2477 interim,
358 2419 533 2467 Le&0r
564 2419 818 2479 benevole,
853 2419 974 2465 hisce
1007 2420 1204 2483 vigiliis,
1239 2421 1285 2466 &
1324 2420 1466 2467 sicubi
1486 2422 1640 2485 ¹lapsus
1670 2422 1756 2469 effe
1789 2425 2128 2488 deprehendar,

20 2486 143 2547 quod
169 2501 263 2530 non
286 2501 385 2530 raro
412 2484 603 2530 evenisse
626 2484 742 2530 mihi
768 2486 813 2530 in
838 2485 1011 2530 summa
1035 2485 1324 2531 festinatione
1349 2484 1443 2532 sum
1469 2500 1648 2546 certus,
1674 2503 1846 2535 errores
1867 2488 2042 2536 nostros
2066 2490 2130 2536 ita

22 2564 155 2612 carpe
175 2562 312 2613 atque
333 2550 550 2608 emenda,
585 2563 638 2596 ut
662 2565 717 2595 ne
740 2550 864 2612 quod
890 2549 1195 2597 imbecillitati
1220 2551 1444 2597 humanae
1468 2553 1734 2599 convicium
1758 2553 1920 2612 facias,
1943 2567 2019 2601 aut
2044 2554 2128 2602 ob-

22 2613 235 2660 liviscaris
256 2629 302 2660 te
327 2631 514 2678 quoque
542 2614 781 2661 mortalem
809 2615 923 2674 effe,
958 2630 1009 2660 ac
1041 2615 1235 2678 proinde
1258 2617 1488 2662 erroribus
1514 2616 1790 2664 obnoxium.
1859 2619 1913 2665 In
1937 2619 2128 2683 castiga-

23 2678 223 2725 tionibus
245 2681 369 2741 parvi
393 2683 712 2739 momenti,ac
736 2679 986 2727 lestionum
1010 2680 1321 2743 discrepantiis
1345 2681 1677 2744 perpendendis
1699 2683 1894 2729 nimium
1918 2699 2129 2730 nonnun-

24 2757 159 2805 quam
187 2758 260 2788 me
296 2743 425 2790 fuisse
455 2745 580 2791 ultro
612 2744 837 2808 agnosco:
874 2744 945 2791 sed
981 2760 1129 2808 neque
1162 2745 1264 2791 solis
1297 2746 1486 2792 eruditis
1518 2746 1787 2794 hominibus
1811 2748 1923 2794 haec
1948 2747 2127 2811 scripsi,

20 2821 130 2853 cum
155 2808 396 2869 tyronibus
418 2811 554 2855 etiam
579 2826 632 2855 ac
658 2825 810 2855 rerum
835 2826 929 2856 non
951 2809 1132 2871 prorsus
1156 2811 1313 2872 peritis
1336 2811 1664 2857 consulendum
1689 2811 1775 2857 effe
1800 2812 2011 2859 ducerem
2028 2846 2044 2872 ,
2079 2812 2130 2860 Sc

24 2872 224 2933 genuina
251 2870 406 2934 priscis
427 2873 726 2935 scriptoribus
747 2873 886 2919 verba
909 2891 961 2921 ac
984 2890 1123 2921 voces
1145 2875 1316 2922 nativas
1342 2875 1603 2921 restitutum
1637 2877 1727 2935 ire,
1759 2876 1893 2923 etiam
1925 2875 1971 2923 in
1994 2878 2129 2923 mini-

24 2936 107 2981 mis
131 2936 308 2982 laudem
337 2935 530 2998 aliquam
559 2938 736 2984 invenit
768 2937 889 3001 apud
913 2939 1043 2992 illos,
1079 2940 1158 3002 qui
1185 2952 1358 2986 veteres
1394 2941 1642 3004 elegantias
1664 2940 1798 3004 plene
1824 2957 1876 2987 ca
1914 2942 2042 3001 iunt,
2075 2957 2128 2988 ac

28 2999 233 3062 religiose
257 3000 513 3048 observant.
580 3001 697 3048 Tibi
730 3002 924 3066 denique
948 3002 981 3051 fi
1004 3017 1202 3051 conatus
1222 3005 1362 3052 hosce
1388 3022 1481 3051 non
1515 3005 1766 3068 improbari
1798 2958 1998 3065 sensero,
2032 3007 2128 3052 ani-

3 3078 127 3110 .mus
151 3065 266 3112 mihi
288 3065 513 3125 addetur,
547 3066 603 3112 ad
635 3078 834 3113 caeteros
868 3070 1104 3134 praecipui
1132 3070 1332 3116 nominis
1363 3072 1523 3132 poetas
1550 3071 1774 3130 Latinos,
1808 3084 1944 3135 atque
1975 3071 2023 3119 in
2059 3070 2128 3116 his

29 3126 310 3192 Virgilium,
345 3147 453 3178 cum
471 3133 701 3179 Amorum
724 3132 1007 3194 triumviris,
1042 3136 1327 3194 Horatium,
1361 3134 1666 3194 Lucretium,
1700 3136 1973 3194 Lucanum,
1997 3136 2126 3182 Mar-

28 3192 211 3255 tialem,
245 3196 441 3257 Silium,
474 3197 580 3248 val.
607 3196 860 3259 Flaccum,
889 3198 1161 3260 juvenalem
1191 3216 1244 3248 ac
1271 3199 1516 3311 ξενίῑιιηι,
1549 3199 1843 3248 recensendos
1863 3233 1879 3259 ,
1914 3210 2124 3310 quosfifft

2099 3277 2125 3309 e
