2547 3708
0 0 4 44 Ι

0 45 4 192 i
538 164 545 178 ,
715 123 1451 188 ΡΕιι].ΜΑεεοΝ.
2037 130 2141 198 30,-

0 209 2 268 i
29 230 102 280 Ut
123 223 317 277 Ovidius
339 220 431 269 hoc
456 218 592 278 loco,
626 232 725 265 non
748 216 872 264 secus
902 232 955 263 ac
979 230 1166 264 centum
1191 217 1287 264 aliis
1316 218 1393 276 a),
1431 214 1696 280 Augustum
1721 215 1800 263 sub
1830 217 1922 265 Dei
1945 223 2135 268 nomine

29 294 267 356 indigitct,
301 302 438 352 quem
460 294 556 332 aute
577 282 715 342 alios,
749 282 798 329 δί
824 281 1069 346 praecipue
1093 282 1291 329 coluerit
1312 282 1595 330 Messalinus.
1642 282 1789 329 Hunc
1814 284 1936 328 enim
1960 283 2133 334 sensum

30 371 154 407 totus
176 365 422 402 contextus
443 348 651 412 requirit.

0 466 1 475 ,
46 409 57 415 ‘
93 421 173 470 llla
195 434 303 465 vero
324 419 396 476 pia
411 417 545 476 proles
560 446 574 471 ,
609 427 723 476 quae
756 428 863 458 cum
889 411 1131 459 Messalino
1164 410 1349 476 aliisque
1373 410 1588 475 Ducibus
1615 410 1861 458 Tiberium
1891 411 1939 458 in
1961 427 2133 477 pompa

0 478 1 517 l
31 483 292 548 triumphali
330 479 572 545 prosecuta
602 477 665 524 est
686 511 701 537 ,
745 477 870 523 nulla
900 489 1025 523 certe
1063 477 1146 522 alia
1168 510 1186 535 ,
1234 489 1548 540 praeterquam
1589 478 1855 524 Germanicus
1882 475 1908 521 ἐι
1936 477 2134 524 Tiberio

27 550 291 613 adoptatus,
329 542 572 607 Drusoque
594 554 783 606 parente
806 542 1028 600 naturali,
1062 543 1132 587 uti
1158 541 1207 598 &
1227 542 1375 587 titulis
1399 541 1717 588 nominibusve
1738 542 1928 604 Caesaris
1950 558 2002 588 ac
2026 544 2133 589 Ger«

25 616 198 667 manici,
233 612 414 674 dignus.
482 609 541 655 Ei
570 609 723 665 enim,
757 618 809 652 ut
843 605 981 653 habet
1016 607 1114 653 Dio
1139 606 1237 667 (b),
1271 606 1454 652 decreta
1486 605 1589 652 sunt
1621 609 1793 668 iustgm'a
1829 607 2129 667 triumphalia,

27 679 149 743 (quod
169 677 222 730 {9³
244 679 340 722 aliis
364 676 492 721 etiam
516 673 704 718 Ducibus
725 672 887 726 clatum)
922 687 971 717 ac
997 672 1213 717 Praetorii
1232 670 1412 717 honores.
1447 672 1495 717 H
1503 672 1577 715 inc
1599 672 1723 734 quod
1750 669 1951 718 Ovidius
1978 671 2070 733 Ep.
2094 673 2134 718 l.

26 745 176 800 eanit,
209 743 257 786 in
279 741 434 786 eadem
454 735 709 798 Triumphi
733 750 905 797 pompa
927 736 1261 782 Germanicum
1281 734 1373 781 suas
1396 734 1596 782 habuisse
1622 748 1798 799 partes,
1831 750 2036 796 vers.49.
2050 751 2130 799 50„
2169 789 2173 792 ‚

152 807 341 853 Pertulit
360 804 437 850 huc
455 802 562 848 idem
585 801 723 857 nobis,
759 799 1069 859 Germanice,
1102 815 1267 858 rumor,

220 870 386 931 Oppida
399 867 481 928 stab
502 865 642 911 titulo
665 864 865 909 nominis
887 867 959 926 iſje
980 865 1064 911 tui.

27 938 94 984 At
114 934 301 997 Drustcm
323 930 502 978 Tiberii
530 927 679 976 filium
706 929 957 975 naturalem
983 945 1074 977 una
1098 945 1281 994 quoque
1307 946 1413 977 cum
1440 941 1568 993 patre
1589 928 1913 992 triumphasse,
1937 945 1994 977 ex
2012 931 2137 978 Dio·-

26 1016 83 1048 ne
106 998 215 1046 disci
244 1011 474 1062 perperam
499 993 644 1040 asserit
667 993 871 1040 laudatus
896 995 1012 1041 Nic.
1036 994 1269 1042 Heinsius.
1329 996 1421 1041 Dio
1446 995 1568 1041 enim
1596 994 1738 1040 modo
1763 1006 1911 1041 narrat
1927 1030 1940 1053 ,
1975 1000 2133 1042 decre-

25 1077 128 1113 tutn
155 1076 269 1111 tunc
291 1059 434 1123 Drufi]
455 1059 611 1118 fuiss'e,
646 1062 716 1119 etfi
740 1062 772 1104 is
794 1061 837 1105 iu
859 1061 952 1106 belli
983 1062 1099 1107 milla
1123 1072 1249 1121 parte
1275 1060 1456 1122 fueras,
1490 1071 1538 1106 ut
1567 1062 1612 1106 iu
1636 1061 1863 1120 Senatum,
1889 1060 2138 1123 priusquam

25 1132 192 1178 allectus
217 1131 260 1174 in
277 1142 368 1174 eum
391 1125 591 1171 Ordinem
612 1124 733 1184 eſjbt,
767 1127 952 1183 veniret,
988 1125 1081 1171 ἃς.
1116 1126 1241 1172 nulla
1265 1125 1321 1170 cie
1348 1124 1589 1187 triumpho
1615 1125 1852 1171 mentione
1878 1124 2008 1171 facta.

92 1194 308 1255 Denique
331 1203 489 1237 notare
510 1187 575 1233 est
590 1221 605 1245 ,
619 1187 807 1233 eandem
825 1188 971 1251 Epist.
988 1190 1051 1236 11.
1073 1190 1202 1237 hieme
1222 1189 1435 1253 scriptam
1452 1189 1607 1248 fuisse,
1622 1188 1811 1236 indicari
1836 1205 1948 1239 vers.
1963 1195 2130 1251 93·96.

149 1259 324 1315 Felices,
357 1255 499 1316 quibus
522 1253 593 1298 hos
612 1255 728 1298 licuit
741 1253 924 1314 [petiere
945 1256 1202 1314 triumphos,

180 1328 183 1330 ’
217 1323 282 1368 Et
305 1321 445 1367 Ducis
469 1334 534 1364 ore
559 1318 673 1363 Deos
696 1322 990 1378 aequiparante
999 1318 1112 1380 frui.

155 1388 221 1434 At
246 1385 350 1432 mihi
378 1385 652 1431 Sauromatae
668 1395 746 1442 pro
773 1382 964 1445 Caesaris
989 1400 1054 1430 ore
1075 1385 1276 1444 videndi,

217 1447 423 1511 Terraque
436 1450 554 1510 pacis
575 1450 714 1508 inops,
747 1449 938 1510 undaque
964 1448 1114 1497 vincta
1136 1450 1258 1513 gelu.

27 1624 215 1714 ANNo
261 1632 355 1704 Ch..
376 1647 484 1704 gin.
510 1630 574 1680 U.
597 1630 654 1678 C.
678 1631 1017 1681 DCCLXVI.

45 1717 73 1744 .·
261 1695 424 1746 Ονιάιι
450 1712 530 1743 Lv.
555 1695 605 1744 δί
630 1712 731 1746 LVI.

236 1814 295 1862 C.
330 1814 515 1863 SILIO
550 1813 896 1874 CAECINA,
931 1814 991 1862 L.
1025 1814 1380 1865 MUNATIO
1414 1813 1706 1864 PLANCO
1740 1813 1923 1863 COSS.
1945 1844 1977 1887 ‚⁴

28 1905 68 1954 Ι.
93 1906 391 2017 ΕΤΙΑΜει
425 1906 557 1970 supra
579 1908 954 1966 concefferimus,
978 1909 1175 1970 aliquam
1199 1910 1266 1956 II.
1288 1926 1338 1955 ex
1361 1911 1498 1957 Ponto
1520 1911 1646 1956 Libri
1669 1921 1845 1971 partem
1871 1906 1926 1953 ad
1951 1923 2135 1971 praece-

214 1971 398 2018 dentem
418 1987 592 2026 annum,
614 1972 786 2035 alligari
807 1972 957 2035 poss’e:
996 1973 1168 2018 Nihilo
1195 1985 1349 2019 tamen
1371 1990 1522 2020 minus
1546 1973 1678 2019 nobis
1710 1973 1901 2018 omnino
1927 1971 2136 2032 videtur,

25 2035 175 2098 ipsum
199 2036 397 2083 Librum
416 2037 512 2099 jam
537 2035 785 2083 collectum
810 2035 991 2082 nonnifi
1023 2036 1172 2083 hocce
1203 2052 1323 2084 anno
1348 2036 1476 2084 fuiss'e
1501 2037 1676 2084 editum
1699 2038 1999 2100 Romamque
2031 2036 2138 2084 mis-

26 2102 121 2147 sum
137 2121 155 2157 3
191 2101 317 2163 quod
331 2104 486 2160 prioris
509 2101 645 2147 etiam
669 2117 769 2164 pars
787 2100 938 2164 aliqua
959 2099 1039 2148 sub
1059 2100 1180 2148 illius
1212 2102 1315 2149 anni
1337 2104 1547 2149 exeuntis
1575 2103 1744 2148 hiemem
1765 2114 1944 2149 exarata
1967 2100 2106 2149 fuerit
2120 2136 2138 2162 ,

27 2176 170 2229 prout
188 2167 285 2228 jam
308 2177 414 2211 ante
433 2164 646 2212 vidimus.

93 2230 159 2277 II.
197 2230 368 2292 Neque
388 2228 444 2275 ad
462 2228 586 2275 aliud
611 2243 792 2289 tempus
818 2229 1078 2276 referendus
1098 2229 1163 2276 est
1183 2235 1331 2278 tertius
1354 2249 1404 2278 ex
1426 2233 1562 2279 Ponto
1578 2233 1733 2291 Liber,
1755 2246 1849 2294 quo
1872 2230 2009 2278 etiam
2034 2231 2138 2295 plu-

29 2294 113 2344 ries
145 2293 428 2356 praedictum
454 2292 638 2341 Tiberii
660 2294 984 2358 Triumphum
1009 2308 1261 2356 memorat,
1296 2296 1444 2360 Epist.
1470 2297 1507 2343 Ι.
1532 2298 1623 2344 ΙΙΙ.
1651 2297 1737 2343 IV.
1776 2296 1881 2342 Hac
1916 2311 2026 2343 vero
2053 2314 2138 2344 no-

2 2359 10 2363 ’
32 2370 122 2417 tat,
156 2358 198 2404 se
219 2374 324 2406 anno
345 2359 556 2418 circiter,
593 2359 834 2422 postquam
858 2359 1022 2406 ductus
1045 2360 1122 2406 ille
1144 2359 1290 2408 fuerat
1305 2395 1320 2420 ,
1355 2360 1563 2408 scr1bere.
1622 2361 1809 2409 Etenim
1836 2376 1931 2422 opus
1951 2361 2137 2408 Rufino

31 2424 248 2482 mittenS,
283 2423 410 2486 quod
435 2422 492 2470 de
515 2423 678 2470 eodem
701 2422 923 2487 Triumpho
947 2424 1224 2473 carminibus
1256 2426 1554 2486 condiderat,
1590 2430 1731 2488 (vers.
1762 2431 1859 2490 3·6.
1889 2425 2014 2483 &c.)
2046 2426 2140 2487 ait,

32 2502 144 2535 vers.
170 2493 335 2551 53-60.

163 2557 336 2600 Caetera
358 2557 549 2602 certatim
571 2555 620 2602 de
641 2569 785 2618 magno
796 2554 961 2618 scripta
985 2555 1194 2617 triumpho

210 2618 324 2678 ‘Jam
349 2619 526 2682 pridem
546 2623 688 2681 populi
696 2620 882 2683 suspicor
902 2637 968 2667 ore
993 2623 1098 2684 legi,
1134 2621 1227 2668 &c.

163 2683 266 2728 Non
282 2700 353 2746 ego
373 2685 525 2746 ceſjavi
536 2719 554 2745 ,
586 2702 655 2732 nec
666 2684 769 2747 fecit
789 2688 942 2732 inertia
965 2684 1140 2733 serum:

231 2747 394 2794 Ultima
415 2765 478 2795 me
501 2750 612 2811 vasti
619 2750 796 2812 sustinet
821 2766 895 2797 ora
908 2750 1032 2813 freti.

164 2810 287 2856 Dum
311 2815 426 2857 venit
448 2813 528 2859 huc
548 2830 714 2873 rumor,
740 2826 1041 2877 properataque
1061 2818 1376 2874 carmiuafiuut
1391 2851 1408 2877 ,

229 2876 438 2938 Factaque
464 2888 560 2923 eunt
575 2880 636 2925 ad
655 2895 757 2938 vos,
789 2895 932 2928 annus
952 2882 982 2912 a.
1007 2880 1145 2928 abiffe
1161 2883 1303 2944 potest.

1404 2948 1453 2997 O
2024 2943 2142 2991 Hie-2

47 3000 343 3105 flia-3835&
363 3004 459 3044 loca
480 3003 657 3057 superius
684 3004 878 3060 indicata,
903 3007 995 3049 vide
1025 3009 1150 3061 ejusd.
1173 3007 1267 3052 Lib.
1287 3008 1406 3064 Epist.
1433 3010 1506 3053 111.
1526 3021 1628 3054 verS.
1653 3009 1719 3055 68.
1742 3007 1815 3064 Ep.
1842 3007 1883 3052 V
1889 3007 1960 3052 111.
1978 3020 2081 3052 ver&
2101 3020 2141 3052 2>

40 3101 48 3106 ’
100 3106 159 3156 (bl
182 3105 272 3150 Lib.
295 3109 410 3152 LVI.
430 3124 519 3165 pag.
539 3110 629 3164 582.
932 3130 935 3131 ⁷

100 3159 123 3208 ἓ
148 3158 315 3218 Confer.
334 3162 426 3206 Lib.
448 3165 526 3207 IV.
551 3178 597 3206 ex
620 3165 739 3207 Pont.
761 3163 879 3218 Epist.
900 3166 981 3214 XI.
1000 3181 1103 3212 vers.
1129 3182 1192 3220 ις’.
1206 3172 1268 3212 16.

83 3220 86 3224 '
184 3225 187 3229 ·
219 3213 328 3259 Dum
345 3228 416 3258 tua
431 3219 630 3273 pervenit,
658 3219 750 3261 dum
770 3218 926 3260 Littera
944 3223 1068 3275 nostra
1091 3238 1311 3276 recurrens,

269 3269 342 3311 Tot
363 3273 488 3316 maria
505 3288 550 3317 ac
568 3283 691 3316 terras
704 3283 902 3330 permeat,
931 3287 1060 3319 annus
1079 3277 1172 3319 abit.
