<?xml version="1.0" encoding="UTF-8"?>
<!DOCTYPE html PUBLIC "-//W3C//DTD XHTML 1.0 Transitional//EN"
    "http://www.w3.org/TR/xhtml1/DTD/xhtml1-transitional.dtd">
<html xmlns="http://www.w3.org/1999/xhtml" xml:lang="en" lang="en">
 <head>
  <title>
</title>
<meta http-equiv="Content-Type" content="text/html;charset=utf-8" />
  <meta name='ocr-system' content='tesseract 3.04.00' />
  <meta name='ocr-capabilities' content='ocr_page ocr_carea ocr_par ocr_line ocrx_word'/>
</head>
<body>
  <div class='ocr_page' id='page_1' title='image "./publiiovidiinaso04ovid_0108.png"; bbox 0 0 2547 3708; ppageno 0'>
   <div class='ocr_carea' id='block_1_1' title="bbox 256 176 356 222">
    <p class='ocr_par' dir='ltr' id='par_1_1' title="bbox 256 176 356 222">
     <span class='ocr_line' id='line_1_1' title="bbox 256 176 356 222; baseline 0.03 -3"><span class='ocrx_word' id='word_1_1' title='bbox 256 176 356 222; x_wconf 65' lang='lat'><strong>1023</strong></span> 
     </span>
    </p>
   </div>
   <div class='ocr_carea' id='block_1_2' title="bbox 706 146 1867 211">
    <p class='ocr_par' dir='ltr' id='par_1_2' title="bbox 706 146 1867 211">
     <span class='ocr_line' id='line_1_2' title="bbox 706 146 1867 211; baseline -0.008 0"><span class='ocrx_word' id='word_1_2' title='bbox 706 155 766 211; x_wconf 92' lang='lat' dir='ltr'><strong>P.</strong></span> <span class='ocrx_word' id='word_1_3' title='bbox 844 148 1256 211; x_wconf 88' lang='lat' dir='ltr'>OVIDII</span> <span class='ocrx_word' id='word_1_4' title='bbox 1327 146 1867 205; x_wconf 84' lang='lat' dir='ltr'><strong>NASONIS</strong></span> 
     </span>
    </p>
   </div>
   <div class='ocr_carea' id='block_1_3' title="bbox 555 246 2061 401">
    <p class='ocr_par' dir='ltr' id='par_1_3' title="bbox 555 246 2061 401">
     <span class='ocr_line' id='line_1_3' title="bbox 555 246 2061 331; baseline -0.006 -17"><span class='ocrx_word' id='word_1_5' title='bbox 555 257 778 331; x_wconf 81' lang='lat' dir='ltr'>Quique</span> <span class='ocrx_word' id='word_1_6' title='bbox 815 254 988 310; x_wconf 83' lang='lat' dir='ltr'><strong>trabes</strong></span> <span class='ocrx_word' id='word_1_7' title='bbox 1027 249 1216 323; x_wconf 75' lang='lat' dir='ltr'><strong>pressas</strong></span> <span class='ocrx_word' id='word_1_8' title='bbox 1242 250 1306 304; x_wconf 89' lang='lat' dir='ltr'><strong>ab</strong></span> <span class='ocrx_word' id='word_1_9' title='bbox 1330 249 1499 330; x_wconf 82' lang='lat' dir='ltr'><strong>humo</strong></span> <span class='ocrx_word' id='word_1_10' title='bbox 1524 246 1773 327; x_wconf 81' lang='lat' dir='ltr'><strong>mittebat</strong></span> <span class='ocrx_word' id='word_1_11' title='bbox 1800 249 1855 302; x_wconf 91' lang='lat' dir='ltr'><strong>in</strong></span> <span class='ocrx_word' id='word_1_12' title='bbox 1881 264 2061 316; x_wconf 80' lang='lat' dir='ltr'><strong>auraS‚</strong></span> 
     </span>
     <span class='ocr_line' id='line_1_4' title="bbox 642 321 1870 401; baseline -0.007 -16"><span class='ocrx_word' id='word_1_13' title='bbox 642 329 918 401; x_wconf 85' lang='lat' dir='ltr'><strong>Aequoris</strong></span> <span class='ocrx_word' id='word_1_14' title='bbox 940 326 1229 396; x_wconf 87' lang='lat' dir='ltr'><strong>adspicians</strong></span> <span class='ocrx_word' id='word_1_15' title='bbox 1254 323 1405 392; x_wconf 66' lang='lat' dir='ltr'><strong>hujus</strong></span> <span class='ocrx_word' id='word_1_16' title='bbox 1432 321 1482 374; x_wconf 83' lang='lat'>&amp;</span> <span class='ocrx_word' id='word_1_17' title='bbox 1517 321 1668 390; x_wconf 74' lang='lat' dir='ltr'><strong>hujus</strong></span> <span class='ocrx_word' id='word_1_18' title='bbox 1693 336 1870 390; x_wconf 83' lang='lat' dir='ltr'><strong>aquas,</strong></span> 
     </span>
    </p>
   </div>
   <div class='ocr_carea' id='block_1_4' title="bbox 562 393 1832 477">
    <p class='ocr_par' dir='ltr' id='par_1_4' title="bbox 562 393 1832 477">
     <span class='ocr_line' id='line_1_5' title="bbox 562 393 1832 477; baseline -0.009 -18"><span class='ocrx_word' id='word_1_19' title='bbox 562 405 826 477; x_wconf 81' lang='lat' dir='ltr'><strong>Quaeque</strong></span> <span class='ocrx_word' id='word_1_20' title='bbox 853 400 1022 455; x_wconf 87' lang='lat' dir='ltr'><strong>Ceres</strong></span> <span class='ocrx_word' id='word_1_21' title='bbox 1049 396 1181 453; x_wconf 89' lang='lat' dir='ltr'><strong>vidit</strong></span> <span class='ocrx_word' id='word_1_22' title='bbox 1207 397 1352 453; x_wconf 90' lang='lat' dir='ltr'><strong>laeto</strong></span> <span class='ocrx_word' id='word_1_23' title='bbox 1376 394 1655 466; x_wconf 76' lang='lat' dir='ltr'>pereuntia</span> <span class='ocrx_word' id='word_1_24' title='bbox 1679 393 1832 448; x_wconf 75' lang='lat' dir='ltr'><strong>v‘uItu</strong></span> 
     </span>
    </p>
   </div>
   <div class='ocr_carea' id='block_1_5' title="bbox 262 604 1327 2888">
    <p class='ocr_par' dir='ltr' id='par_1_5' title="bbox 262 604 1327 2888">
     <span class='ocr_line' id='line_1_6' title="bbox 263 604 1302 669; baseline -0.013 -12"><span class='ocrx_word' id='word_1_25' title='bbox 263 617 394 669; x_wconf 89' lang='lat' dir='ltr'><strong>quibus</strong></span> <span class='ocrx_word' id='word_1_26' title='bbox 413 613 614 655; x_wconf 83' lang='lat' dir='ltr'><strong>identidem</strong></span> <span class='ocrx_word' id='word_1_27' title='bbox 630 612 678 651; x_wconf 87' lang='lat' dir='ltr'><strong>est</strong></span> <span class='ocrx_word' id='word_1_28' title='bbox 699 609 915 649; x_wconf 84' lang='lat' dir='ltr'><strong>favendum.</strong></span> <span class='ocrx_word' id='word_1_29' title='bbox 943 607 1094 645; x_wconf 74' lang='lat' dir='ltr'><strong>Cous-r.</strong></span> <span class='ocrx_word' id='word_1_30' title='bbox 1116 606 1211 643; x_wconf 60' lang='lat' dir='ltr'><strong>Fan.</strong></span> <span class='ocrx_word' id='word_1_31' title='bbox 1240 604 1302 643; x_wconf 91' lang='lat' dir='ltr'><strong>De</strong></span> 
     </span>
     <span class='ocr_line' id='line_1_7' title="bbox 263 655 1304 716; baseline -0.014 -8"><span class='ocrx_word' id='word_1_32' title='bbox 263 670 456 716; x_wconf 86' lang='lat' dir='ltr'><strong>Peripheta</strong></span> <span class='ocrx_word' id='word_1_33' title='bbox 485 666 668 714; x_wconf 79' lang='lat' dir='ltr'><strong>intellige,</strong></span> <span class='ocrx_word' id='word_1_34' title='bbox 697 673 807 711; x_wconf 88' lang='lat' dir='ltr'><strong>quem</strong></span> <span class='ocrx_word' id='word_1_35' title='bbox 834 659 854 697; x_wconf 79' lang='lat' dir='ltr'><strong>a</strong></span> <span class='ocrx_word' id='word_1_36' title='bbox 877 659 977 696; x_wconf 87' lang='lat' dir='ltr'><strong>clava</strong></span> <span class='ocrx_word' id='word_1_37' title='bbox 996 685 1005 702; x_wconf 95' lang='lat'><strong>,</strong></span> <span class='ocrx_word' id='word_1_38' title='bbox 1033 668 1143 715; x_wconf 75' lang='lat' dir='ltr'><strong>quam</strong></span> <span class='ocrx_word' id='word_1_39' title='bbox 1168 655 1304 712; x_wconf 76' lang='lat' dir='ltr'><strong>gestare</strong></span> 
     </span>
     <span class='ocr_line' id='line_1_8' title="bbox 264 707 1304 766; baseline -0.014 -8"><span class='ocrx_word' id='word_1_40' title='bbox 264 720 425 762; x_wconf 81' lang='lat' dir='ltr'><strong>solebat,</strong></span> <span class='ocrx_word' id='word_1_41' title='bbox 455 723 664 766; x_wconf 69' lang='lat' dir='ltr'><strong>Corynemm</strong></span> <span class='ocrx_word' id='word_1_42' title='bbox 699 714 836 751; x_wconf 83' lang='lat' dir='ltr'><strong>dixere.</strong></span> <span class='ocrx_word' id='word_1_43' title='bbox 891 710 966 748; x_wconf 85' lang='lat' dir='ltr'><strong>Hic</strong></span> <span class='ocrx_word' id='word_1_44' title='bbox 986 720 1087 746; x_wconf 83' lang='lat' dir='ltr'><strong>enim</strong></span> <span class='ocrx_word' id='word_1_45' title='bbox 1111 707 1132 744; x_wconf 74' lang='lat' dir='ltr'><strong>a</strong></span> <span class='ocrx_word' id='word_1_46' title='bbox 1152 708 1304 764; x_wconf 73' lang='lat' dir='ltr'><strong>Theseo</strong></span> 
     </span>
     <span class='ocr_line' id='line_1_9' title="bbox 262 758 1304 817; baseline -0.011 -10"><span class='ocrx_word' id='word_1_47' title='bbox 262 769 360 807; x_wconf 88' lang='lat' dir='ltr'><strong>circa</strong></span> <span class='ocrx_word' id='word_1_48' title='bbox 382 768 606 817; x_wconf 79' lang='lat' dir='ltr'>Epidaurum</span> <span class='ocrx_word' id='word_1_49' title='bbox 627 764 762 802; x_wconf 87' lang='lat' dir='ltr'><strong>occisus</strong></span> <span class='ocrx_word' id='word_1_50' title='bbox 783 762 829 799; x_wconf 84' lang='lat' dir='ltr'><strong>est</strong></span> <span class='ocrx_word' id='word_1_51' title='bbox 843 790 853 807; x_wconf 94' lang='lat'><strong>,</strong></span> <span class='ocrx_word' id='word_1_52' title='bbox 881 760 1056 810; x_wconf 89' lang='lat' dir='ltr'><strong>quoloco</strong></span> <span class='ocrx_word' id='word_1_53' title='bbox 1069 758 1304 806; x_wconf 82' lang='lat' dir='ltr'><strong>Aesculapius</strong></span> 
     </span>
     <span class='ocr_line' id='line_1_10' title="bbox 264 810 1306 869; baseline -0.012 -11"><span class='ocrx_word' id='word_1_54' title='bbox 264 819 495 869; x_wconf 78' lang='lat' dir='ltr'><strong>peculiariter</strong></span> <span class='ocrx_word' id='word_1_55' title='bbox 523 818 721 856; x_wconf 81' lang='lat' dir='ltr'><strong>colebatur.</strong></span> <span class='ocrx_word' id='word_1_56' title='bbox 758 813 856 851; x_wconf 84' lang='lat' dir='ltr'><strong>unde</strong></span> <span class='ocrx_word' id='word_1_57' title='bbox 885 811 930 849; x_wconf 85' lang='lat' dir='ltr'><strong>ab</strong></span> <span class='ocrx_word' id='word_1_58' title='bbox 951 810 1032 848; x_wconf 83' lang='lat' dir='ltr'><strong>urbe</strong></span> <span class='ocrx_word' id='word_1_59' title='bbox 1055 812 1124 857; x_wconf 86' lang='lat' dir='ltr'><strong>saa</strong></span> <span class='ocrx_word' id='word_1_60' title='bbox 1153 811 1306 847; x_wconf 87' lang='lat' dir='ltr'><strong>caedem</strong></span> 
     </span>
     <span class='ocr_line' id='line_1_11' title="bbox 265 859 1307 918; baseline -0.013 -9"><span class='ocrx_word' id='word_1_61' title='bbox 265 870 361 910; x_wconf 82' lang='lat' dir='ltr'><strong>illius</strong></span> <span class='ocrx_word' id='word_1_62' title='bbox 382 866 598 918; x_wconf 76' lang='lat' dir='ltr'><strong>prospexisse</strong></span> <span class='ocrx_word' id='word_1_63' title='bbox 620 867 734 916; x_wconf 87' lang='lat' dir='ltr'><strong>ipsum</strong></span> <span class='ocrx_word' id='word_1_64' title='bbox 758 863 846 903; x_wconf 87' lang='lat' dir='ltr'><strong>dicit</strong></span> <span class='ocrx_word' id='word_1_65' title='bbox 868 863 995 901; x_wconf 78' lang='lat' dir='ltr'><strong>Poe‘ta.</strong></span> <span class='ocrx_word' id='word_1_66' title='bbox 1024 862 1081 898; x_wconf 64' lang='lat' dir='ltr'><strong>Est</strong></span> <span class='ocrx_word' id='word_1_67' title='bbox 1106 862 1207 917; x_wconf 79' lang='lat' dir='ltr'><strong>enim</strong></span> <span class='ocrx_word' id='word_1_68' title='bbox 1229 859 1307 916; x_wconf 78' lang='lat' dir='ltr'><strong>red·</strong></span> 
     </span>
     <span class='ocr_line' id='line_1_12' title="bbox 266 909 1309 964; baseline -0.012 -6"><span class='ocrx_word' id='word_1_69' title='bbox 266 921 345 958; x_wconf 83' lang='lat' dir='ltr'><strong>dere</strong></span> <span class='ocrx_word' id='word_1_70' title='bbox 375 920 515 962; x_wconf 79' lang='lat' dir='ltr'><strong>vitam,</strong></span> <span class='ocrx_word' id='word_1_71' title='bbox 541 919 660 957; x_wconf 86' lang='lat' dir='ltr'><strong>mori:</strong></span> <span class='ocrx_word' id='word_1_72' title='bbox 689 928 765 954; x_wconf 89' lang='lat' dir='ltr'><strong>non</strong></span> <span class='ocrx_word' id='word_1_73' title='bbox 793 923 832 953; x_wconf 93' lang='lat' dir='ltr'><strong>ut</strong></span> <span class='ocrx_word' id='word_1_74' title='bbox 862 914 1013 964; x_wconf 88' lang='lat' dir='ltr'><strong>quidam</strong></span> <span class='ocrx_word' id='word_1_75' title='bbox 1046 909 1221 959; x_wconf 79' lang='lat' dir='ltr'><strong>accepisse</strong></span> <span class='ocrx_word' id='word_1_76' title='bbox 1252 922 1309 947; x_wconf 80' lang='lat' dir='ltr'><strong>vi-</strong></span> 
     </span>
     <span class='ocr_line' id='line_1_13' title="bbox 268 965 1309 1019; baseline -0.011 -10"><span class='ocrx_word' id='word_1_77' title='bbox 268 971 428 1014; x_wconf 85' lang='lat' dir='ltr'><strong>dentur,</strong></span> <span class='ocrx_word' id='word_1_78' title='bbox 458 969 683 1007; x_wconf 85' lang='lat' dir='ltr'><strong>reviviscere.</strong></span> <span class='ocrx_word' id='word_1_79' title='bbox 735 967 819 1004; x_wconf 84' lang='lat' dir='ltr'><strong>Fuit</strong></span> <span class='ocrx_word' id='word_1_80' title='bbox 849 974 973 1003; x_wconf 88' lang='lat' dir='ltr'><strong>autem</strong></span> <span class='ocrx_word' id='word_1_81' title='bbox 1008 965 1198 1012; x_wconf 90' lang='lat' dir='ltr'><strong>Coryneta</strong></span> <span class='ocrx_word' id='word_1_82' title='bbox 1223 973 1309 1019; x_wconf 79' lang='lat' dir='ltr'><strong>pro-</strong></span> 
     </span>
     <span class='ocr_line' id='line_1_14' title="bbox 267 1014 1308 1070; baseline -0.011 -9"><span class='ocrx_word' id='word_1_83' title='bbox 267 1033 388 1070; x_wconf 86' lang='lat' dir='ltr'><strong>nepos</strong></span> <span class='ocrx_word' id='word_1_84' title='bbox 410 1022 575 1065; x_wconf 82' lang='lat' dir='ltr'><strong>Saturni,</strong></span> <span class='ocrx_word' id='word_1_85' title='bbox 606 1022 679 1058; x_wconf 73' lang='lat' dir='ltr'><strong>hoc</strong></span> <span class='ocrx_word' id='word_1_86' title='bbox 698 1017 818 1068; x_wconf 65' lang='lat' dir='ltr'><strong>pacsto.</strong></span> <span class='ocrx_word' id='word_1_87' title='bbox 847 1016 991 1054; x_wconf 76' lang='lat' dir='ltr'><strong>Saturni</strong></span> <span class='ocrx_word' id='word_1_88' title='bbox 1011 1014 1082 1052; x_wconf 90' lang='lat' dir='ltr'><strong>filia</strong></span> <span class='ocrx_word' id='word_1_89' title='bbox 1103 1014 1202 1060; x_wconf 91' lang='lat' dir='ltr'><strong>Juno</strong></span> <span class='ocrx_word' id='word_1_90' title='bbox 1214 1014 1308 1056; x_wconf 84' lang='lat' dir='ltr'><strong>fuit,</strong></span> 
     </span>
     <span class='ocr_line' id='line_1_15' title="bbox 267 1064 1309 1122; baseline -0.008 -13"><span class='ocrx_word' id='word_1_91' title='bbox 267 1072 426 1120; x_wconf 75' lang='lat' dir='ltr'><strong>Junonis</strong></span> <span class='ocrx_word' id='word_1_92' title='bbox 461 1072 648 1110; x_wconf 81' lang='lat' dir='ltr'><strong>Vulcanus</strong></span> <span class='ocrx_word' id='word_1_93' title='bbox 673 1099 682 1114; x_wconf 91' lang='lat'><strong>,</strong></span> <span class='ocrx_word' id='word_1_94' title='bbox 724 1070 833 1117; x_wconf 80' lang='lat' dir='ltr'><strong>hujus</strong></span> <span class='ocrx_word' id='word_1_95' title='bbox 866 1067 1104 1122; x_wconf 25' lang='lat' dir='ltr'><strong>Periphetesu:</strong></span> <span class='ocrx_word' id='word_1_96' title='bbox 1143 1064 1248 1121; x_wconf 82' lang='lat' dir='ltr'><strong>quod</strong></span> <span class='ocrx_word' id='word_1_97' title='bbox 1271 1064 1309 1101; x_wconf 87' lang='lat'>&amp;</span> 
     </span>
     <span class='ocr_line' id='line_1_16' title="bbox 265 1115 1310 1165; baseline -0.01 -3"><span class='ocrx_word' id='word_1_98' title='bbox 265 1123 462 1162; x_wconf 82' lang='lat' dir='ltr'><strong>Pausanias</strong></span> <span class='ocrx_word' id='word_1_99' title='bbox 505 1123 651 1160; x_wconf 82' lang='lat' dir='ltr'><strong>testatur</strong></span> <span class='ocrx_word' id='word_1_100' title='bbox 689 1122 725 1158; x_wconf 91' lang='lat' dir='ltr'><strong>in</strong></span> <span class='ocrx_word' id='word_1_101' title='bbox 768 1119 948 1165; x_wconf 88' lang='lat' dir='ltr'><strong>principio</strong></span> <span class='ocrx_word' id='word_1_102' title='bbox 999 1115 1310 1158; x_wconf 76' lang='lat' dir='ltr'><strong>Corinthiorum,</strong></span> 
     </span>
     <span class='ocr_line' id='line_1_17' title="bbox 266 1167 1314 1221; baseline -0.009 -11"><span class='ocrx_word' id='word_1_103' title='bbox 266 1174 419 1219; x_wconf 60' lang='grc' dir='ltr'><strong>ἒκάθκρε</strong></span> <span class='ocrx_word' id='word_1_104' title='bbox 440 1176 535 1218; x_wconf 70' lang='grc' dir='ltr'><strong>γὰρ,</strong></span> <span class='ocrx_word' id='word_1_105' title='bbox 564 1171 755 1221; x_wconf 76' lang='lat' dir='ltr'><strong>inquiens,</strong></span> <span class='ocrx_word' id='word_1_106' title='bbox 784 1172 919 1210; x_wconf 65' lang='grc' dir='ltr'>Θησεὺς</span> <span class='ocrx_word' id='word_1_107' title='bbox 943 1169 1011 1204; x_wconf 77' lang='grc' dir='ltr'><strong>τῶν</strong></span> <span class='ocrx_word' id='word_1_108' title='bbox 1035 1167 1237 1212; x_wconf 74' lang='grc' dir='ltr'><em>κκκουργῶν</em></span> <span class='ocrx_word' id='word_1_109' title='bbox 1250 1169 1314 1207; x_wconf 64' lang='grc' dir='ltr'><strong>τὴν</strong></span> 
     </span>
     <span class='ocr_line' id='line_1_18' title="bbox 270 1217 1314 1267; baseline -0.009 -5"><span class='ocrx_word' id='word_1_110' title='bbox 270 1224 346 1262; x_wconf 60' lang='lat' dir='ltr'><strong>&amp;Bou</strong></span> <span class='ocrx_word' id='word_1_111' title='bbox 367 1229 430 1265; x_wconf 61' lang='grc' dir='ltr'><strong>τὴν</strong></span> <span class='ocrx_word' id='word_1_112' title='bbox 451 1224 489 1266; x_wconf 79' lang='grc' dir='ltr'><strong>ἐς</strong></span> <span class='ocrx_word' id='word_1_113' title='bbox 518 1224 661 1266; x_wconf 59' lang='grc' dir='ltr'>Ἀθήνας</span> <span class='ocrx_word' id='word_1_114' title='bbox 692 1222 734 1258; x_wconf 76' lang='grc' dir='ltr'><strong>ἐκ</strong></span> <span class='ocrx_word' id='word_1_115' title='bbox 747 1220 933 1267; x_wconf 73' lang='grc' dir='ltr'><em>Τροιζῆνος</em></span> <span class='ocrx_word' id='word_1_116' title='bbox 956 1248 965 1263; x_wconf 88' lang='grc'><em>,</em></span> <span class='ocrx_word' id='word_1_117' title='bbox 995 1217 1050 1262; x_wconf 74' lang='grc' dir='ltr'><strong>οὕς</strong></span> <span class='ocrx_word' id='word_1_118' title='bbox 1080 1231 1123 1255; x_wconf 75' lang='grc' dir='ltr'><strong>τε</strong></span> <span class='ocrx_word' id='word_1_119' title='bbox 1146 1217 1314 1263; x_wconf 77' lang='grc' dir='ltr'><strong>πρότερον</strong></span> 
     </span>
     <span class='ocr_line' id='line_1_19' title="bbox 270 1269 1313 1321; baseline -0.01 -8"><span class='ocrx_word' id='word_1_120' title='bbox 270 1275 511 1321; x_wconf 64' lang='grc' dir='ltr'><strong>κατηρίθμηται</strong></span> <span class='ocrx_word' id='word_1_121' title='bbox 535 1275 667 1311; x_wconf 61' lang='grc' dir='ltr'>ἀνελὼν</span> <span class='ocrx_word' id='word_1_122' title='bbox 720 1273 782 1308; x_wconf 64' lang='grc' dir='ltr'><strong>καὶ</strong></span> <span class='ocrx_word' id='word_1_123' title='bbox 802 1269 1045 1317; x_wconf 65' lang='grc' dir='ltr'><strong>ἐνἘπιδτιύρῳ</strong></span> <span class='ocrx_word' id='word_1_124' title='bbox 1061 1272 1104 1316; x_wconf 67' lang='grc' dir='ltr'><strong>’τῇ</strong></span> <span class='ocrx_word' id='word_1_125' title='bbox 1119 1270 1196 1316; x_wconf 71' lang='grc' dir='ltr'><strong>ἱερᾷ</strong></span> <span class='ocrx_word' id='word_1_126' title='bbox 1210 1273 1313 1314; x_wconf 81' lang='grc' dir='ltr'>Περι-</span> 
     </span>
     <span class='ocr_line' id='line_1_20' title="bbox 272 1320 1315 1374; baseline -0.007 -10"><span class='ocrx_word' id='word_1_127' title='bbox 272 1327 421 1374; x_wconf 75' lang='grc' dir='ltr'><strong>Φήτνιν,</strong></span> <span class='ocrx_word' id='word_1_128' title='bbox 451 1324 888 1372; x_wconf 60' lang='grc' dir='ltr'><strong>Ηφάιςσυνομιζόμενον,</strong></span> <span class='ocrx_word' id='word_1_129' title='bbox 923 1322 1041 1368; x_wconf 65' lang='grc' dir='ltr'><em>κορύνῃ</em></span> <span class='ocrx_word' id='word_1_130' title='bbox 1064 1321 1243 1367; x_wconf 80' lang='grc' dir='ltr'><em>χρώμενον</em></span> <span class='ocrx_word' id='word_1_131' title='bbox 1264 1320 1315 1366; x_wconf 78' lang='grc' dir='ltr'><strong>εἷς</strong></span> 
     </span>
     <span class='ocr_line' id='line_1_21' title="bbox 267 1373 1313 1426; baseline -0.005 -11"><span class='ocrx_word' id='word_1_132' title='bbox 267 1382 337 1421; x_wconf 68' lang='grc' dir='ltr'><strong>τῖες</strong></span> <span class='ocrx_word' id='word_1_133' title='bbox 361 1379 500 1425; x_wconf 69' lang='grc' dir='ltr'><strong><em>μάχκς.</em></strong></span> <span class='ocrx_word' id='word_1_134' title='bbox 553 1376 672 1426; x_wconf 91' lang='lat' dir='ltr'><strong>Quod</strong></span> <span class='ocrx_word' id='word_1_135' title='bbox 704 1383 827 1413; x_wconf 87' lang='lat' dir='ltr'><strong>autem</strong></span> <span class='ocrx_word' id='word_1_136' title='bbox 867 1373 1017 1422; x_wconf 89' lang='lat' dir='ltr'><strong>quidam</strong></span> <span class='ocrx_word' id='word_1_137' title='bbox 1052 1384 1118 1420; x_wconf 92' lang='lat' dir='ltr'><strong>pro</strong></span> <span class='ocrx_word' id='word_1_138' title='bbox 1145 1378 1313 1417; x_wconf 80' lang='lat' dir='ltr'><strong>Saturne,</strong></span> 
     </span>
     <span class='ocr_line' id='line_1_22' title="bbox 269 1423 1313 1479; baseline -0.008 -9"><span class='ocrx_word' id='word_1_139' title='bbox 269 1437 432 1479; x_wconf 74' lang='lat' dir='ltr'><strong>Neptune</strong></span> <span class='ocrx_word' id='word_1_140' title='bbox 450 1428 688 1471; x_wconf 85' lang='lat' dir='ltr'><strong>substituunt,</strong></span> <span class='ocrx_word' id='word_1_141' title='bbox 718 1427 755 1463; x_wconf 70' lang='grc' dir='ltr'><strong>ὅ(</strong></span> <span class='ocrx_word' id='word_1_142' title='bbox 778 1426 822 1462; x_wconf 86' lang='lat' dir='ltr'><strong>de</strong></span> <span class='ocrx_word' id='word_1_143' title='bbox 844 1423 1058 1473; x_wconf 89' lang='lat' dir='ltr'><strong>Hippolyto</strong></span> <span class='ocrx_word' id='word_1_144' title='bbox 1070 1424 1169 1461; x_wconf 90' lang='lat' dir='ltr'><strong>hunc</strong></span> <span class='ocrx_word' id='word_1_145' title='bbox 1187 1423 1313 1462; x_wconf 89' lang='lat' dir='ltr'><strong>locum</strong></span> 
     </span>
     <span class='ocr_line' id='line_1_23' title="bbox 276 1473 1316 1529; baseline -0.007 -9"><span class='ocrx_word' id='word_1_146' title='bbox 276 1483 590 1529; x_wconf 84' lang='lat' dir='ltr'><strong>interpretantur,</strong></span> <span class='ocrx_word' id='word_1_147' title='bbox 638 1479 683 1516; x_wconf 91' lang='lat' dir='ltr'><strong>de</strong></span> <span class='ocrx_word' id='word_1_148' title='bbox 697 1489 743 1515; x_wconf 84' lang='lat' dir='ltr'><strong>eo</strong></span> <span class='ocrx_word' id='word_1_149' title='bbox 763 1475 827 1524; x_wconf 82' lang='lat' dir='ltr'><strong>ipsi</strong></span> <span class='ocrx_word' id='word_1_150' title='bbox 854 1475 1027 1513; x_wconf 90' lang='lat' dir='ltr'><strong>viderint.</strong></span> <span class='ocrx_word' id='word_1_151' title='bbox 1085 1473 1316 1513; x_wconf 85' lang='lat' dir='ltr'><strong>Vetustiores</strong></span> 
     </span>
     <span class='ocr_line' id='line_1_24' title="bbox 270 1524 1315 1573; baseline -0.008 -2"><span class='ocrx_word' id='word_1_152' title='bbox 270 1531 373 1571; x_wconf 81' lang='lat' dir='ltr'><strong>certe</strong></span> <span class='ocrx_word' id='word_1_153' title='bbox 389 1531 536 1569; x_wconf 84' lang='lat' dir='ltr'><strong>codices</strong></span> <span class='ocrx_word' id='word_1_154' title='bbox 557 1536 705 1566; x_wconf 80' lang='lat' dir='ltr'><strong>Saturne</strong></span> <span class='ocrx_word' id='word_1_155' title='bbox 732 1528 867 1564; x_wconf 86' lang='lat' dir='ltr'><strong>habent</strong></span> <span class='ocrx_word' id='word_1_156' title='bbox 882 1553 892 1569; x_wconf 91' lang='lat'><strong>,</strong></span> <span class='ocrx_word' id='word_1_157' title='bbox 911 1527 948 1563; x_wconf 82' lang='lat'>&amp;</span> <span class='ocrx_word' id='word_1_158' title='bbox 967 1525 1011 1563; x_wconf 89' lang='lat' dir='ltr'><strong>de</strong></span> <span class='ocrx_word' id='word_1_159' title='bbox 1032 1524 1315 1573; x_wconf 84' lang='lat' dir='ltr'><strong>Hippolytoin-</strong></span> 
     </span>
     <span class='ocr_line' id='line_1_25' title="bbox 269 1576 1314 1621; baseline -0.005 0"><span class='ocrx_word' id='word_1_160' title='bbox 269 1585 328 1621; x_wconf 81' lang='lat' dir='ltr'><strong>:fta</strong></span> <span class='ocrx_word' id='word_1_161' title='bbox 347 1583 434 1620; x_wconf 88' lang='lat' dir='ltr'><strong>dicit</strong></span> <span class='ocrx_word' id='word_1_162' title='bbox 465 1583 592 1619; x_wconf 83' lang='lat' dir='ltr'><strong>Poe&#39;ta.</strong></span> <span class='ocrx_word' id='word_1_163' title='bbox 630 1582 854 1618; x_wconf 72' lang='lat' dir='ltr'><strong>Mrcrtrus.</strong></span> <span class='ocrx_word' id='word_1_164' title='bbox 884 1576 1046 1615; x_wconf 87' lang='lat' dir='ltr'><strong>Ovidius</strong></span> <span class='ocrx_word' id='word_1_165' title='bbox 1076 1577 1120 1613; x_wconf 92' lang='lat' dir='ltr'><strong>ab</strong></span> <span class='ocrx_word' id='word_1_166' title='bbox 1142 1576 1314 1616; x_wconf 87' lang='lat' dir='ltr'><strong>Herculis</strong></span> 
     </span>
     <span class='ocr_line' id='line_1_26' title="bbox 269 1625 1312 1676; baseline -0.006 -3"><span class='ocrx_word' id='word_1_167' title='bbox 269 1633 455 1673; x_wconf 77' lang='lat' dir='ltr'><strong>laboribus</strong></span> <span class='ocrx_word' id='word_1_168' title='bbox 476 1632 521 1670; x_wconf 92' lang='lat' dir='ltr'><strong>ad</strong></span> <span class='ocrx_word' id='word_1_169' title='bbox 542 1642 734 1669; x_wconf 89' lang='lat' dir='ltr'><strong>aerumnas</strong></span> <span class='ocrx_word' id='word_1_170' title='bbox 765 1627 903 1667; x_wconf 82' lang='lat' dir='ltr'><strong>Thesei</strong></span> <span class='ocrx_word' id='word_1_171' title='bbox 928 1625 1098 1676; x_wconf 78' lang='lat' dir='ltr'><strong>digressus</strong></span> <span class='ocrx_word' id='word_1_172' title='bbox 1113 1655 1124 1672; x_wconf 92' lang='lat'><strong>,</strong></span> <span class='ocrx_word' id='word_1_173' title='bbox 1151 1626 1312 1667; x_wconf 88' lang='lat' dir='ltr'><strong>latrones</strong></span> 
     </span>
     <span class='ocr_line' id='line_1_27' title="bbox 272 1678 1314 1722; baseline -0.005 0"><span class='ocrx_word' id='word_1_174' title='bbox 272 1684 321 1722; x_wconf 79' lang='lat' dir='ltr'><strong>ab</strong></span> <span class='ocrx_word' id='word_1_175' title='bbox 363 1684 426 1721; x_wconf 90' lang='lat' dir='ltr'><strong>illo</strong></span> <span class='ocrx_word' id='word_1_176' title='bbox 460 1681 675 1722; x_wconf 66' lang='lat' dir='ltr'><strong>interfeetos</strong></span> <span class='ocrx_word' id='word_1_177' title='bbox 705 1679 794 1719; x_wconf 70' lang='lat' dir='ltr'><strong>oeco</strong></span> <span class='ocrx_word' id='word_1_178' title='bbox 828 1678 986 1717; x_wconf 89' lang='lat' dir='ltr'><strong>verfibus</strong></span> <span class='ocrx_word' id='word_1_179' title='bbox 1024 1687 1314 1717; x_wconf 88' lang='lat' dir='ltr'><strong>commemorat.</strong></span> 
     </span>
     <span class='ocr_line' id='line_1_28' title="bbox 274 1729 1313 1773; baseline -0.005 0"><span class='ocrx_word' id='word_1_180' title='bbox 274 1736 389 1773; x_wconf 83' lang='lat' dir='ltr'><strong>Adeo</strong></span> <span class='ocrx_word' id='word_1_181' title='bbox 422 1743 461 1772; x_wconf 91' lang='lat' dir='ltr'><strong>ut</strong></span> <span class='ocrx_word' id='word_1_182' title='bbox 489 1734 663 1772; x_wconf 87' lang='lat' dir='ltr'><strong>Isocrates</strong></span> <span class='ocrx_word' id='word_1_183' title='bbox 699 1733 736 1770; x_wconf 92' lang='lat' dir='ltr'><strong>in</strong></span> <span class='ocrx_word' id='word_1_184' title='bbox 776 1731 966 1769; x_wconf 83' lang='lat' dir='ltr'><strong>Encomio</strong></span> <span class='ocrx_word' id='word_1_185' title='bbox 1013 1729 1181 1767; x_wconf 89' lang='lat' dir='ltr'><strong>Helenae</strong></span> <span class='ocrx_word' id='word_1_186' title='bbox 1209 1730 1313 1768; x_wconf 89' lang='lat' dir='ltr'><strong>illum</strong></span> 
     </span>
     <span class='ocr_line' id='line_1_29' title="bbox 270 1780 1316 1833; baseline -0.006 -9"><span class='ocrx_word' id='word_1_187' title='bbox 270 1785 430 1824; x_wconf 88' lang='lat' dir='ltr'><strong>Herculi</strong></span> <span class='ocrx_word' id='word_1_188' title='bbox 447 1794 674 1833; x_wconf 88' lang='lat' dir='ltr'><strong>anteponere</strong></span> <span class='ocrx_word' id='word_1_189' title='bbox 693 1794 770 1821; x_wconf 91' lang='lat' dir='ltr'><strong>non</strong></span> <span class='ocrx_word' id='word_1_190' title='bbox 792 1780 986 1819; x_wconf 89' lang='lat' dir='ltr'><strong>dubitarit:</strong></span> <span class='ocrx_word' id='word_1_191' title='bbox 1014 1780 1150 1818; x_wconf 87' lang='lat' dir='ltr'><strong>scilicet</strong></span> <span class='ocrx_word' id='word_1_192' title='bbox 1171 1781 1316 1819; x_wconf 89' lang='lat' dir='ltr'><strong>Hercu-</strong></span> 
     </span>
     <span class='ocr_line' id='line_1_30' title="bbox 272 1832 1318 1878; baseline -0.005 -3"><span class='ocrx_word' id='word_1_193' title='bbox 272 1838 351 1876; x_wconf 83' lang='lat' dir='ltr'><strong>lem</strong></span> <span class='ocrx_word' id='word_1_194' title='bbox 374 1836 573 1874; x_wconf 87' lang='lat' dir='ltr'><strong>celebriora</strong></span> <span class='ocrx_word' id='word_1_195' title='bbox 587 1864 597 1878; x_wconf 91' lang='lat'><strong>,</strong></span> <span class='ocrx_word' id='word_1_196' title='bbox 626 1834 815 1872; x_wconf 87' lang='lat' dir='ltr'><strong>Theseum</strong></span> <span class='ocrx_word' id='word_1_197' title='bbox 833 1833 979 1870; x_wconf 87' lang='lat' dir='ltr'><strong>utiliora</strong></span> <span class='ocrx_word' id='word_1_198' title='bbox 1000 1833 1037 1869; x_wconf 69' lang='grc' dir='ltr'><strong>ὃ(</strong></span> <span class='ocrx_word' id='word_1_199' title='bbox 1060 1832 1208 1870; x_wconf 89' lang='lat' dir='ltr'><strong>Graecis</strong></span> <span class='ocrx_word' id='word_1_200' title='bbox 1227 1843 1318 1870; x_wconf 89' lang='lat' dir='ltr'><strong>con-</strong></span> 
     </span>
     <span class='ocr_line' id='line_1_31' title="bbox 267 1881 1316 1940; baseline -0.005 -14"><span class='ocrx_word' id='word_1_201' title='bbox 267 1888 460 1940; x_wconf 63' lang='lat' dir='ltr'><strong>jundtiora</strong></span> <span class='ocrx_word' id='word_1_202' title='bbox 490 1887 692 1924; x_wconf 88' lang='lat' dir='ltr'><strong>certamina</strong></span> <span class='ocrx_word' id='word_1_203' title='bbox 720 1881 859 1922; x_wconf 84' lang='lat' dir='ltr'><strong>subiiffe</strong></span> <span class='ocrx_word' id='word_1_204' title='bbox 890 1883 989 1920; x_wconf 86' lang='lat' dir='ltr'><strong>dicit.</strong></span> <span class='ocrx_word' id='word_1_205' title='bbox 1044 1883 1234 1920; x_wconf 89' lang='lat' dir='ltr'><strong>Nimirum</strong></span> <span class='ocrx_word' id='word_1_206' title='bbox 1266 1883 1316 1921; x_wconf 89' lang='lat' dir='ltr'><strong>illi</strong></span> 
     </span>
     <span class='ocr_line' id='line_1_32' title="bbox 273 1932 1318 1987; baseline -0.007 -8"><span class='ocrx_word' id='word_1_207' title='bbox 273 1938 500 1987; x_wconf 85' lang='lat' dir='ltr'><strong>Eurystheus</strong></span> <span class='ocrx_word' id='word_1_208' title='bbox 518 1936 743 1986; x_wconf 86' lang='lat' dir='ltr'><strong>imperabat,</strong></span> <span class='ocrx_word' id='word_1_209' title='bbox 773 1943 811 1972; x_wconf 88' lang='lat' dir='ltr'><strong>ut</strong></span> <span class='ocrx_word' id='word_1_210' title='bbox 835 1933 928 1971; x_wconf 88' lang='lat' dir='ltr'><strong>mala</strong></span> <span class='ocrx_word' id='word_1_211' title='bbox 942 1932 1187 1981; x_wconf 88' lang='lat' dir='ltr'><strong>Hesperidum</strong></span> <span class='ocrx_word' id='word_1_212' title='bbox 1212 1933 1318 1972; x_wconf 87' lang='lat' dir='ltr'><strong>affer-</strong></span> 
     </span>
     <span class='ocr_line' id='line_1_33' title="bbox 276 1984 1317 2034; baseline -0.005 -7"><span class='ocrx_word' id='word_1_213' title='bbox 276 1999 358 2034; x_wconf 88' lang='lat' dir='ltr'><strong>ret,</strong></span> <span class='ocrx_word' id='word_1_214' title='bbox 389 1988 593 2025; x_wconf 87' lang='lat' dir='ltr'><strong>Cerberum</strong></span> <span class='ocrx_word' id='word_1_215' title='bbox 616 1986 839 2027; x_wconf 87' lang='lat' dir='ltr'><strong>adduceret,</strong></span> <span class='ocrx_word' id='word_1_216' title='bbox 867 1986 905 2021; x_wconf 87' lang='lat'>&amp;</span> <span class='ocrx_word' id='word_1_217' title='bbox 930 1984 1018 2021; x_wconf 88' lang='lat' dir='ltr'><strong>alios</strong></span> <span class='ocrx_word' id='word_1_218' title='bbox 1049 1984 1085 2020; x_wconf 93' lang='lat' dir='ltr'><strong>id</strong></span> <span class='ocrx_word' id='word_1_219' title='bbox 1105 1985 1246 2031; x_wconf 87' lang='lat' dir='ltr'><strong>generis</strong></span> <span class='ocrx_word' id='word_1_220' title='bbox 1267 1985 1317 2023; x_wconf 89' lang='lat' dir='ltr'><strong>la-</strong></span> 
     </span>
     <span class='ocr_line' id='line_1_34' title="bbox 275 2033 1317 2086; baseline -0.005 -8"><span class='ocrx_word' id='word_1_221' title='bbox 275 2041 387 2079; x_wconf 84' lang='lat' dir='ltr'><strong>bores</strong></span> <span class='ocrx_word' id='word_1_222' title='bbox 409 2039 625 2086; x_wconf 71' lang='lat' dir='ltr'><strong>susciperet,</strong></span> <span class='ocrx_word' id='word_1_223' title='bbox 652 2036 783 2085; x_wconf 88' lang='lat' dir='ltr'><strong>quibus</strong></span> <span class='ocrx_word' id='word_1_224' title='bbox 802 2034 892 2072; x_wconf 85' lang='lat' dir='ltr'><strong>nihil</strong></span> <span class='ocrx_word' id='word_1_225' title='bbox 911 2035 987 2071; x_wconf 87' lang='lat' dir='ltr'><strong>aliis</strong></span> <span class='ocrx_word' id='word_1_226' title='bbox 1000 2033 1317 2078; x_wconf 87' lang='lat' dir='ltr'><strong>conduceret,sed</strong></span> 
     </span>
     <span class='ocr_line' id='line_1_35' title="bbox 275 2085 1317 2138; baseline -0.007 -9"><span class='ocrx_word' id='word_1_227' title='bbox 275 2091 354 2138; x_wconf 87' lang='lat' dir='ltr'><strong>ipse</strong></span> <span class='ocrx_word' id='word_1_228' title='bbox 381 2093 417 2128; x_wconf 91' lang='lat' dir='ltr'><strong>in</strong></span> <span class='ocrx_word' id='word_1_229' title='bbox 439 2089 630 2127; x_wconf 82' lang='lat' dir='ltr'><strong>discrimen</strong></span> <span class='ocrx_word' id='word_1_230' title='bbox 656 2089 692 2124; x_wconf 91' lang='lat'>&amp;</span> <span class='ocrx_word' id='word_1_231' title='bbox 713 2085 918 2135; x_wconf 87' lang='lat' dir='ltr'><strong>periculum</strong></span> <span class='ocrx_word' id='word_1_232' title='bbox 950 2093 1157 2122; x_wconf 87' lang='lat' dir='ltr'><strong>vocaretur.</strong></span> <span class='ocrx_word' id='word_1_233' title='bbox 1211 2085 1317 2124; x_wconf 87' lang='lat' dir='ltr'><strong>The-</strong></span> 
     </span>
     <span class='ocr_line' id='line_1_36' title="bbox 277 2134 1316 2184; baseline -0.006 -4"><span class='ocrx_word' id='word_1_234' title='bbox 277 2141 357 2180; x_wconf 79' lang='lat' dir='ltr'><strong>seus</strong></span> <span class='ocrx_word' id='word_1_235' title='bbox 376 2149 500 2179; x_wconf 88' lang='lat' dir='ltr'><strong>autem</strong></span> <span class='ocrx_word' id='word_1_236' title='bbox 517 2168 527 2184; x_wconf 95' lang='lat'><strong>,</strong></span> <span class='ocrx_word' id='word_1_237' title='bbox 555 2138 708 2181; x_wconf 76' lang='lat' dir='ltr'><strong>cumsui</strong></span> <span class='ocrx_word' id='word_1_238' title='bbox 725 2136 812 2184; x_wconf 83' lang='lat' dir='ltr'><strong>juris</strong></span> <span class='ocrx_word' id='word_1_239' title='bbox 834 2134 919 2173; x_wconf 75' lang='lat' dir='ltr'><strong>effer</strong></span> <span class='ocrx_word' id='word_1_240' title='bbox 933 2163 943 2179; x_wconf 93' lang='lat'><strong>,</strong></span> <span class='ocrx_word' id='word_1_241' title='bbox 971 2147 1013 2172; x_wconf 89' lang='lat' dir='ltr'><strong>ea</strong></span> <span class='ocrx_word' id='word_1_242' title='bbox 1034 2136 1234 2174; x_wconf 90' lang='lat' dir='ltr'><strong>certamina</strong></span> <span class='ocrx_word' id='word_1_243' title='bbox 1252 2136 1316 2175; x_wconf 92' lang='lat' dir='ltr'><strong>de-</strong></span> 
     </span>
     <span class='ocr_line' id='line_1_37' title="bbox 276 2186 1317 2241; baseline -0.006 -11"><span class='ocrx_word' id='word_1_244' title='bbox 276 2192 393 2241; x_wconf 85' lang='lat' dir='ltr'><strong>legit,</strong></span> <span class='ocrx_word' id='word_1_245' title='bbox 421 2190 551 2238; x_wconf 80' lang='lat' dir='ltr'><strong>qulbus</strong></span> <span class='ocrx_word' id='word_1_246' title='bbox 570 2190 722 2237; x_wconf 83' lang='lat' dir='ltr'><strong>patriam</strong></span> <span class='ocrx_word' id='word_1_247' title='bbox 740 2187 838 2224; x_wconf 88' lang='lat' dir='ltr'><strong>suam</strong></span> <span class='ocrx_word' id='word_1_248' title='bbox 861 2186 899 2221; x_wconf 67' lang='grc' dir='ltr'><strong>ὅ(</strong></span> <span class='ocrx_word' id='word_1_249' title='bbox 920 2193 1038 2222; x_wconf 83' lang='lat' dir='ltr'><strong>totam</strong></span> <span class='ocrx_word' id='word_1_250' title='bbox 1057 2187 1252 2224; x_wconf 85' lang='lat' dir='ltr'><strong>Graeciam</strong></span> <span class='ocrx_word' id='word_1_251' title='bbox 1273 2187 1317 2224; x_wconf 91' lang='lat' dir='ltr'><strong>fi-</strong></span> 
     </span>
     <span class='ocr_line' id='line_1_38' title="bbox 280 2235 1318 2285; baseline -0.006 -5"><span class='ocrx_word' id='word_1_252' title='bbox 280 2242 319 2280; x_wconf 81' lang='lat' dir='ltr'><strong>bi</strong></span> <span class='ocrx_word' id='word_1_253' title='bbox 346 2241 532 2279; x_wconf 84' lang='lat' dir='ltr'><strong>beneficiis</strong></span> <span class='ocrx_word' id='word_1_254' title='bbox 555 2239 803 2285; x_wconf 79' lang='lat' dir='ltr'><strong>obstringeret.</strong></span> <span class='ocrx_word' id='word_1_255' title='bbox 858 2236 946 2272; x_wconf 85' lang='lat' dir='ltr'><strong>Hoc</strong></span> <span class='ocrx_word' id='word_1_256' title='bbox 975 2235 1125 2273; x_wconf 83' lang='lat' dir='ltr'><strong>disticho</strong></span> <span class='ocrx_word' id='word_1_257' title='bbox 1146 2237 1318 2285; x_wconf 77' lang='lat' dir='ltr'><strong>Periphe-</strong></span> 
     </span>
     <span class='ocr_line' id='line_1_39' title="bbox 280 2287 1318 2339; baseline -0.004 -9"><span class='ocrx_word' id='word_1_258' title='bbox 280 2300 338 2330; x_wconf 77' lang='lat' dir='ltr'><strong>tes</strong></span> <span class='ocrx_word' id='word_1_259' title='bbox 360 2290 617 2339; x_wconf 83' lang='lat' dir='ltr'><strong>intelligendus</strong></span> <span class='ocrx_word' id='word_1_260' title='bbox 643 2301 686 2327; x_wconf 79' lang='lat' dir='ltr'><strong>ex</strong></span> <span class='ocrx_word' id='word_1_261' title='bbox 704 2288 876 2325; x_wconf 85' lang='lat' dir='ltr'><strong>Vulcano</strong></span> <span class='ocrx_word' id='word_1_262' title='bbox 896 2294 996 2333; x_wconf 86' lang='lat' dir='ltr'><strong>patre</strong></span> <span class='ocrx_word' id='word_1_263' title='bbox 1019 2288 1056 2322; x_wconf 65' lang='grc' dir='ltr'><strong>ὅ(</strong></span> <span class='ocrx_word' id='word_1_264' title='bbox 1077 2287 1318 2333; x_wconf 80' lang='lat' dir='ltr'><strong>aviaJunone</strong></span> 
     </span>
     <span class='ocr_line' id='line_1_40' title="bbox 282 2336 1319 2390; baseline -0.008 -9"><span class='ocrx_word' id='word_1_265' title='bbox 282 2343 429 2381; x_wconf 82' lang='lat' dir='ltr'><strong>Saturni</strong></span> <span class='ocrx_word' id='word_1_266' title='bbox 453 2352 638 2390; x_wconf 84' lang='lat' dir='ltr'><strong>pronepos</strong></span> <span class='ocrx_word' id='word_1_267' title='bbox 657 2367 666 2383; x_wconf 82' lang='lat'><strong>,</strong></span> <span class='ocrx_word' id='word_1_268' title='bbox 703 2345 885 2386; x_wconf 67' lang='lat' dir='ltr'><strong>corynetes</strong></span> <span class='ocrx_word' id='word_1_269' title='bbox 905 2336 925 2374; x_wconf 71' lang='lat' dir='ltr'><strong>a</strong></span> <span class='ocrx_word' id='word_1_270' title='bbox 956 2337 1057 2374; x_wconf 82' lang='lat' dir='ltr'><strong>clava</strong></span> <span class='ocrx_word' id='word_1_271' title='bbox 1080 2349 1193 2375; x_wconf 86' lang='lat' dir='ltr'><strong>aenea</strong></span> <span class='ocrx_word' id='word_1_272' title='bbox 1208 2366 1218 2382; x_wconf 92' lang='lat'><strong>,</strong></span> <span class='ocrx_word' id='word_1_273' title='bbox 1246 2350 1319 2387; x_wconf 83' lang='lat' dir='ltr'><strong>qua</strong></span> 
     </span>
     <span class='ocr_line' id='line_1_41' title="bbox 278 2388 1322 2438; baseline -0.004 -6"><span class='ocrx_word' id='word_1_274' title='bbox 278 2394 456 2432; x_wconf 75' lang='lat' dir='ltr'><strong>*utebatur</strong></span> <span class='ocrx_word' id='word_1_275' title='bbox 478 2420 486 2434; x_wconf 88' lang='lat'><strong>.</strong></span> <span class='ocrx_word' id='word_1_276' title='bbox 527 2391 728 2438; x_wconf 80' lang='lat' dir='ltr'><strong>appellatus</strong></span> <span class='ocrx_word' id='word_1_277' title='bbox 748 2417 758 2434; x_wconf 91' lang='lat'><strong>,</strong></span> <span class='ocrx_word' id='word_1_278' title='bbox 788 2400 899 2438; x_wconf 86' lang='lat' dir='ltr'><strong>quem</strong></span> <span class='ocrx_word' id='word_1_279' title='bbox 922 2388 1120 2426; x_wconf 86' lang='lat' dir='ltr'><strong>latrociniis</strong></span> <span class='ocrx_word' id='word_1_280' title='bbox 1141 2390 1322 2428; x_wconf 77' lang='lat' dir='ltr'><strong>infamem</strong></span> 
     </span>
     <span class='ocr_line' id='line_1_42' title="bbox 281 2438 1327 2490; baseline -0.003 -8"><span class='ocrx_word' id='word_1_281' title='bbox 281 2444 455 2484; x_wconf 81' lang='lat' dir='ltr'><strong>Theseus</strong></span> <span class='ocrx_word' id='word_1_282' title='bbox 476 2443 519 2481; x_wconf 85' lang='lat' dir='ltr'><strong>ad</strong></span> <span class='ocrx_word' id='word_1_283' title='bbox 547 2441 795 2490; x_wconf 85' lang='lat' dir='ltr'><strong>Epidaurum,</strong></span> <span class='ocrx_word' id='word_1_284' title='bbox 825 2438 936 2476; x_wconf 87' lang='lat' dir='ltr'><strong>hodie</strong></span> <span class='ocrx_word' id='word_1_285' title='bbox 952 2440 1125 2486; x_wconf 76' lang='lat' dir='ltr'><strong>Raguze‚</strong></span> <span class='ocrx_word' id='word_1_286' title='bbox 1155 2440 1327 2479; x_wconf 85' lang='lat' dir='ltr'><strong>Aescula-</strong></span> 
     </span>
     <span class='ocr_line' id='line_1_43' title="bbox 284 2490 1324 2546; baseline -0.013 -13"><span class='ocrx_word' id='word_1_287' title='bbox 284 2498 339 2546; x_wconf 86' lang='lat' dir='ltr'><strong>pii</strong></span> <span class='ocrx_word' id='word_1_288' title='bbox 359 2494 510 2533; x_wconf 86' lang='lat' dir='ltr'><strong>delubro</strong></span> <span class='ocrx_word' id='word_1_289' title='bbox 531 2493 709 2531; x_wconf 84' lang='lat' dir='ltr'><strong>celebrem</strong></span> <span class='ocrx_word' id='word_1_290' title='bbox 737 2490 932 2528; x_wconf 78' lang='lat' dir='ltr'><strong>interfecit.</strong></span> <span class='ocrx_word' id='word_1_291' title='bbox 987 2491 1244 2536; x_wconf 63' lang='lat' dir='ltr'><strong>Quamobrem</strong></span> <span class='ocrx_word' id='word_1_292' title='bbox 1271 2492 1324 2529; x_wconf 89' lang='lat' dir='ltr'><strong>fa.</strong></span> 
     </span>
     <span class='ocr_line' id='line_1_44' title="bbox 285 2539 1323 2591; baseline -0.005 -7"><span class='ocrx_word' id='word_1_293' title='bbox 285 2546 423 2584; x_wconf 88' lang='lat' dir='ltr'><strong>cinoris</strong></span> <span class='ocrx_word' id='word_1_294' title='bbox 453 2544 581 2582; x_wconf 89' lang='lat' dir='ltr'><strong>testem</strong></span> <span class='ocrx_word' id='word_1_295' title='bbox 610 2543 735 2580; x_wconf 83' lang='lat' dir='ltr'><strong>habuit</strong></span> <span class='ocrx_word' id='word_1_296' title='bbox 767 2541 883 2589; x_wconf 85' lang='lat' dir='ltr'><strong>ipsum</strong></span> <span class='ocrx_word' id='word_1_297' title='bbox 904 2539 1155 2587; x_wconf 71' lang='lat' dir='ltr'><strong>AEsculapium</strong></span> <span class='ocrx_word' id='word_1_298' title='bbox 1173 2570 1181 2584; x_wconf 91' lang='lat'><strong>‚</strong></span> <span class='ocrx_word' id='word_1_299' title='bbox 1209 2554 1323 2591; x_wconf 89' lang='lat' dir='ltr'><strong>quem</strong></span> 
     </span>
     <span class='ocr_line' id='line_1_45' title="bbox 284 2591 1327 2638; baseline -0.009 -4"><span class='ocrx_word' id='word_1_300' title='bbox 284 2596 307 2634; x_wconf 64' lang='grc' dir='ltr'><strong>ἦ</strong></span> <span class='ocrx_word' id='word_1_301' title='bbox 327 2595 519 2634; x_wconf 75' lang='lat' dir='ltr'><strong>Coronide</strong></span> <span class='ocrx_word' id='word_1_302' title='bbox 542 2603 657 2631; x_wconf 87' lang='lat' dir='ltr'><strong>matre</strong></span> <span class='ocrx_word' id='word_1_303' title='bbox 672 2593 770 2631; x_wconf 83' lang='lat' dir='ltr'><strong>Naso</strong></span> <span class='ocrx_word' id='word_1_304' title='bbox 782 2591 1013 2628; x_wconf 82' lang='lat' dir='ltr'><strong>Coronidem</strong></span> <span class='ocrx_word' id='word_1_305' title='bbox 1034 2594 1216 2631; x_wconf 84' lang='lat' dir='ltr'><strong>nominat.</strong></span> <span class='ocrx_word' id='word_1_306' title='bbox 1246 2594 1327 2638; x_wconf 76' lang='lat' dir='ltr'><strong>Au-</strong></span> 
     </span>
     <span class='ocr_line' id='line_1_46' title="bbox 286 2642 1324 2694; baseline -0.004 -8"><span class='ocrx_word' id='word_1_307' title='bbox 286 2649 412 2686; x_wconf 87' lang='lat' dir='ltr'><strong>thores</strong></span> <span class='ocrx_word' id='word_1_308' title='bbox 439 2646 688 2694; x_wconf 76' lang='lat' dir='ltr'><strong>Apollodorus</strong></span> <span class='ocrx_word' id='word_1_309' title='bbox 707 2644 839 2680; x_wconf 83' lang='lat' dir='ltr'><strong>lib.1r1.</strong></span> <span class='ocrx_word' id='word_1_310' title='bbox 868 2642 1077 2679; x_wconf 79' lang='lat' dir='ltr'><strong>Plutarchus</strong></span> <span class='ocrx_word' id='word_1_311' title='bbox 1092 2644 1127 2680; x_wconf 89' lang='lat' dir='ltr'><strong>in</strong></span> <span class='ocrx_word' id='word_1_312' title='bbox 1151 2644 1324 2688; x_wconf 84' lang='lat' dir='ltr'><strong>Theseo,</strong></span> 
     </span>
     <span class='ocr_line' id='line_1_47' title="bbox 284 2693 1327 2743; baseline -0.006 -7"><span class='ocrx_word' id='word_1_313' title='bbox 284 2697 478 2737; x_wconf 79' lang='lat' dir='ltr'><strong>Pausanias</strong></span> <span class='ocrx_word' id='word_1_314' title='bbox 500 2698 534 2734; x_wconf 92' lang='lat' dir='ltr'><strong>in</strong></span> <span class='ocrx_word' id='word_1_315' title='bbox 558 2694 825 2735; x_wconf 86' lang='lat' dir='ltr'><strong>Corinthiacis,</strong></span> <span class='ocrx_word' id='word_1_316' title='bbox 856 2694 1029 2741; x_wconf 81' lang='lat' dir='ltr'><strong>Hyginus</strong></span> <span class='ocrx_word' id='word_1_317' title='bbox 1058 2693 1126 2731; x_wconf 88' lang='lat' dir='ltr'><strong>fab.</strong></span> <span class='ocrx_word' id='word_1_318' title='bbox 1144 2693 1203 2731; x_wconf 78' lang='lat'><strong>88.</strong></span> <span class='ocrx_word' id='word_1_319' title='bbox 1230 2696 1327 2743; x_wconf 82' lang='lat' dir='ltr'><strong>apud</strong></span> 
     </span>
     <span class='ocr_line' id='line_1_48' title="bbox 288 2743 1325 2797; baseline -0.002 -11"><span class='ocrx_word' id='word_1_320' title='bbox 288 2759 403 2797; x_wconf 74' lang='lat' dir='ltr'><strong>quem</strong></span> <span class='ocrx_word' id='word_1_321' title='bbox 435 2747 612 2785; x_wconf 84' lang='lat' dir='ltr'><strong>mendose</strong></span> <span class='ocrx_word' id='word_1_322' title='bbox 640 2746 848 2793; x_wconf 80' lang='lat' dir='ltr'><strong>Periphetes</strong></span> <span class='ocrx_word' id='word_1_323' title='bbox 879 2744 1044 2791; x_wconf 81' lang='lat' dir='ltr'><strong>Neptuni</strong></span> <span class='ocrx_word' id='word_1_324' title='bbox 1071 2743 1163 2783; x_wconf 87' lang='lat' dir='ltr'><strong>filius</strong></span> <span class='ocrx_word' id='word_1_325' title='bbox 1182 2745 1325 2784; x_wconf 80' lang='lat' dir='ltr'><strong>dicitur.</strong></span> 
     </span>
     <span class='ocr_line' id='line_1_49' title="bbox 294 2795 1326 2847; baseline 0 -12"><span class='ocrx_word' id='word_1_326' title='bbox 294 2799 451 2837; x_wconf 82' lang='lat' dir='ltr'><strong>Ovidius</strong></span> <span class='ocrx_word' id='word_1_327' title='bbox 480 2798 552 2847; x_wconf 80' lang='lat' dir='ltr'><strong>ipse</strong></span> <span class='ocrx_word' id='word_1_328' title='bbox 585 2798 646 2835; x_wconf 86' lang='lat' dir='ltr'><strong>lib.</strong></span> <span class='ocrx_word' id='word_1_329' title='bbox 674 2807 749 2834; x_wconf 83' lang='lat' dir='ltr'><strong>vn.</strong></span> <span class='ocrx_word' id='word_1_330' title='bbox 785 2795 1040 2843; x_wconf 85' lang='lat' dir='ltr'><strong>Metamorph.</strong></span> <span class='ocrx_word' id='word_1_331' title='bbox 1069 2806 1155 2834; x_wconf 89' lang='lat' dir='ltr'><strong>cum</strong></span> <span class='ocrx_word' id='word_1_332' title='bbox 1192 2798 1241 2834; x_wconf 83' lang='lat' dir='ltr'><strong>ait</strong></span> <span class='ocrx_word' id='word_1_333' title='bbox 1280 2797 1326 2836; x_wconf 87' lang='lat' dir='ltr'><strong>de</strong></span> 
     </span>
     <span class='ocr_line' id='line_1_50' title="bbox 285 2848 466 2888; baseline -0.011 0"><span class='ocrx_word' id='word_1_334' title='bbox 285 2848 466 2888; x_wconf 79' lang='lat' dir='ltr'><strong>Theseo:</strong></span> 
     </span>
    </p>
   </div>
   <div class='ocr_carea' id='block_1_6' title="bbox 345 2932 499 2945">
    <p class='ocr_par' dir='ltr' id='par_1_6' title="bbox 345 2932 499 2945">
     <span class='ocr_line' id='line_1_51' title="bbox 345 2932 499 2945; baseline 0 763"><span class='ocrx_word' id='word_1_335' title='bbox 345 2932 499 2945; x_wconf 95' lang='lat' dir='ltr'><strong> </strong></span> 
     </span>
    </p>
   </div>
   <div class='ocr_carea' id='block_1_7' title="bbox 346 2913 1224 3016">
    <p class='ocr_par' dir='ltr' id='par_1_7' title="bbox 346 2913 1224 3016">
     <span class='ocr_line' id='line_1_52' title="bbox 528 2913 983 2965; baseline -0.002 -13"><span class='ocrx_word' id='word_1_336' title='bbox 528 2915 640 2953; x_wconf 74' lang='lat' dir='ltr'><strong>Tellus</strong></span> <span class='ocrx_word' id='word_1_337' title='bbox 662 2913 857 2965; x_wconf 76' lang='lat' dir='ltr'><strong>Epidauria</strong></span> <span class='ocrx_word' id='word_1_338' title='bbox 873 2923 931 2963; x_wconf 80' lang='lat' dir='ltr'><strong>per</strong></span> <span class='ocrx_word' id='word_1_339' title='bbox 951 2923 983 2952; x_wconf 86' lang='lat' dir='ltr'><strong>te</strong></span> 
     </span>
     <span class='ocr_line' id='line_1_53' title="bbox 346 2965 1224 3016; baseline 0.002 -12"><span class='ocrx_word' id='word_1_340' title='bbox 346 2966 574 3016; x_wconf 80' lang='lat' dir='ltr'><strong>Clavigeram</strong></span> <span class='ocrx_word' id='word_1_341' title='bbox 596 2966 690 3003; x_wconf 81' lang='lat' dir='ltr'><strong>vidit</strong></span> <span class='ocrx_word' id='word_1_342' title='bbox 714 2966 858 3003; x_wconf 82' lang='lat' dir='ltr'><strong>Vulcani</strong></span> <span class='ocrx_word' id='word_1_343' title='bbox 880 2965 1070 3003; x_wconf 80' lang='lat' dir='ltr'><strong>occumbere</strong></span> <span class='ocrx_word' id='word_1_344' title='bbox 1085 2966 1224 3015; x_wconf 84' lang='lat' dir='ltr'><strong>prolem.</strong></span> 
     </span>
    </p>
   </div>
   <div class='ocr_carea' id='block_1_8' title="bbox 293 3038 1327 3232">
    <p class='ocr_par' dir='ltr' id='par_1_8' title="bbox 293 3038 1327 3232">
     <span class='ocr_line' id='line_1_54' title="bbox 294 3038 1325 3086; baseline -0.002 -9"><span class='ocrx_word' id='word_1_345' title='bbox 294 3040 495 3077; x_wconf 81' lang='lat' dir='ltr'><strong>Caeterum</strong></span> <span class='ocrx_word' id='word_1_346' title='bbox 516 3038 655 3075; x_wconf 80' lang='lat' dir='ltr'><strong>reddere</strong></span> <span class='ocrx_word' id='word_1_347' title='bbox 670 3040 786 3075; x_wconf 80' lang='lat' dir='ltr'><strong>vitam</strong></span> <span class='ocrx_word' id='word_1_348' title='bbox 801 3067 810 3082; x_wconf 94' lang='lat'>‚</span> <span class='ocrx_word' id='word_1_349' title='bbox 837 3039 983 3076; x_wconf 87' lang='lat' dir='ltr'><strong>locutio</strong></span> <span class='ocrx_word' id='word_1_350' title='bbox 998 3038 1165 3076; x_wconf 87' lang='lat' dir='ltr'><strong>tralatitia</strong></span> <span class='ocrx_word' id='word_1_351' title='bbox 1179 3038 1242 3081; x_wconf 87' lang='lat' dir='ltr'><strong>est,</strong></span> <span class='ocrx_word' id='word_1_352' title='bbox 1254 3049 1325 3086; x_wconf 87' lang='lat' dir='ltr'><strong>qua</strong></span> 
     </span>
     <span class='ocr_line' id='line_1_55' title="bbox 294 3088 1324 3139; baseline -0.003 -10"><span class='ocrx_word' id='word_1_353' title='bbox 294 3091 374 3129; x_wconf 85' lang='lat' dir='ltr'><strong>usus</strong></span> <span class='ocrx_word' id='word_1_354' title='bbox 397 3088 497 3126; x_wconf 86' lang='lat' dir='ltr'><strong>idem</strong></span> <span class='ocrx_word' id='word_1_355' title='bbox 523 3089 682 3126; x_wconf 78' lang='lat' dir='ltr'><strong>Ovidius</strong></span> <span class='ocrx_word' id='word_1_356' title='bbox 710 3089 771 3139; x_wconf 62' lang='lat' dir='ltr'><strong>libr</strong></span> <span class='ocrx_word' id='word_1_357' title='bbox 792 3104 826 3127; x_wconf 84' lang='lat' dir='ltr'><strong>x.</strong></span> <span class='ocrx_word' id='word_1_358' title='bbox 858 3090 1110 3137; x_wconf 81' lang='lat' dir='ltr'><strong>Metamorph.</strong></span> <span class='ocrx_word' id='word_1_359' title='bbox 1131 3090 1169 3125; x_wconf 75' lang='grc' dir='ltr'><strong>δε</strong></span> <span class='ocrx_word' id='word_1_360' title='bbox 1189 3089 1324 3126; x_wconf 86' lang='lat' dir='ltr'><strong>Cicero</strong></span> 
     </span>
     <span class='ocr_line' id='line_1_56' title="bbox 293 3139 1327 3190; baseline -0.001 -11"><span class='ocrx_word' id='word_1_361' title='bbox 293 3140 488 3190; x_wconf 85' lang='lat' dir='ltr'><strong>proCneo</strong></span> <span class='ocrx_word' id='word_1_362' title='bbox 500 3139 647 3176; x_wconf 80' lang='lat' dir='ltr'><strong>Plancio</strong></span> <span class='ocrx_word' id='word_1_363' title='bbox 663 3153 670 3175; x_wconf 91' lang='lat'>:</span> <span class='ocrx_word' id='word_1_364' title='bbox 701 3141 774 3186; x_wconf 65' lang='lat' dir='ltr'><strong>Qti</strong></span> <span class='ocrx_word' id='word_1_365' title='bbox 785 3149 842 3187; x_wconf 80' lang='lat' dir='ltr'><strong>pro</strong></span> <span class='ocrx_word' id='word_1_366' title='bbox 857 3140 1034 3187; x_wconf 64' lang='lat' dir='ltr'><strong>Republica</strong></span> <span class='ocrx_word' id='word_1_367' title='bbox 1043 3140 1162 3178; x_wconf 79' lang='lat' dir='ltr'><strong>vitam</strong></span> <span class='ocrx_word' id='word_1_368' title='bbox 1170 3139 1327 3178; x_wconf 78' lang='lat' dir='ltr'><strong>reddide-</strong></span> 
     </span>
     <span class='ocr_line' id='line_1_57' title="bbox 297 3190 888 3232; baseline -0.008 0"><span class='ocrx_word' id='word_1_369' title='bbox 297 3201 394 3232; x_wconf 69' lang='lat' dir='ltr'><strong>rant.</strong></span> <span class='ocrx_word' id='word_1_370' title='bbox 421 3190 516 3228; x_wconf 89' lang='lat' dir='ltr'><strong>Item</strong></span> <span class='ocrx_word' id='word_1_371' title='bbox 539 3190 733 3228; x_wconf 84' lang='lat' dir='ltr'><strong>Lucretius</strong></span> <span class='ocrx_word' id='word_1_372' title='bbox 754 3190 813 3228; x_wconf 78' lang='lat' dir='ltr'><strong>lib.</strong></span> <span class='ocrx_word' id='word_1_373' title='bbox 835 3203 888 3229; x_wconf 80' lang='lat' dir='ltr'><strong>vi.</strong></span> 
     </span>
    </p>
   </div>
   <div class='ocr_carea' id='block_1_9' title="bbox 347 3259 1202 3314">
    <p class='ocr_par' dir='ltr' id='par_1_9' title="bbox 347 3259 1202 3314">
     <span class='ocr_line' id='line_1_58' title="bbox 347 3259 1202 3314; baseline 0.004 -14"><span class='ocrx_word' id='word_1_374' title='bbox 347 3265 428 3300; x_wconf 70' lang='lat' dir='ltr'><strong>Aut</strong></span> <span class='ocrx_word' id='word_1_375' title='bbox 445 3259 552 3310; x_wconf 79' lang='lat' dir='ltr'><strong>etiam</strong></span> <span class='ocrx_word' id='word_1_376' title='bbox 574 3271 667 3313; x_wconf 80' lang='lat' dir='ltr'><strong>nona</strong></span> <span class='ocrx_word' id='word_1_377' title='bbox 684 3259 876 3313; x_wconf 66' lang='lat' dir='ltr'><strong>reddebant</strong></span> <span class='ocrx_word' id='word_1_378' title='bbox 894 3261 1057 3314; x_wconf 80' lang='lat' dir='ltr'><strong>lampade</strong></span> <span class='ocrx_word' id='word_1_379' title='bbox 1071 3262 1202 3313; x_wconf 58' lang='lat' dir='ltr'><strong>vitama‘</strong></span> 
     </span>
    </p>
   </div>
   <div class='ocr_carea' id='block_1_10' title="bbox 1361 600 2134 643">
    <p class='ocr_par' dir='ltr' id='par_1_10' title="bbox 1361 600 2134 643">
     <span class='ocr_line' id='line_1_59' title="bbox 1361 600 2134 643; baseline 0.001 -2"><span class='ocrx_word' id='word_1_380' title='bbox 1361 602 1433 643; x_wconf 87' lang='lat' dir='ltr'><strong>Sed</strong></span> <span class='ocrx_word' id='word_1_381' title='bbox 1455 602 1643 641; x_wconf 88' lang='lat' dir='ltr'><strong>obscurior</strong></span> <span class='ocrx_word' id='word_1_382' title='bbox 1657 600 1819 640; x_wconf 87' lang='lat' dir='ltr'><strong>locusest</strong></span> <span class='ocrx_word' id='word_1_383' title='bbox 1840 601 1976 641; x_wconf 81' lang='lat' dir='ltr'><strong>lib..1v.</strong></span> <span class='ocrx_word' id='word_1_384' title='bbox 2002 602 2038 641; x_wconf 91' lang='lat' dir='ltr'><strong>in</strong></span> <span class='ocrx_word' id='word_1_385' title='bbox 2059 603 2134 642; x_wconf 88' lang='lat' dir='ltr'><strong>his:</strong></span> 
     </span>
    </p>
   </div>
   <div class='ocr_carea' id='block_1_11' title="bbox 1429 672 2407 775">
    <p class='ocr_par' dir='ltr' id='par_1_11' title="bbox 1429 672 2407 775">
     <span class='ocr_line' id='line_1_60' title="bbox 1429 672 2407 725; baseline 0.008 -15"><span class='ocrx_word' id='word_1_386' title='bbox 1429 672 1539 723; x_wconf 83' lang='lat' dir='ltr'><strong>Usque</strong></span> <span class='ocrx_word' id='word_1_387' title='bbox 1568 673 1651 712; x_wconf 85' lang='lat' dir='ltr'><strong>adeo</strong></span> <span class='ocrx_word' id='word_1_388' title='bbox 1680 684 1765 713; x_wconf 87' lang='lat' dir='ltr'><strong>certe</strong></span> <span class='ocrx_word' id='word_1_389' title='bbox 1787 703 1799 720; x_wconf 90' lang='lat'><strong>,</strong></span> <span class='ocrx_word' id='word_1_390' title='bbox 1839 684 1880 711; x_wconf 82' lang='lat' dir='ltr'><strong>ut</strong></span> <span class='ocrx_word' id='word_1_391' title='bbox 1917 673 2105 712; x_wconf 81' lang='lat' dir='ltr'><strong>videamur</strong></span> <span class='ocrx_word' id='word_1_392' title='bbox 2133 688 2264 717; x_wconf 84' lang='lat' dir='ltr'><strong>cernere</strong></span> <span class='ocrx_word' id='word_1_393' title='bbox 2296 680 2407 725; x_wconf 66' lang='lat' dir='ltr'><strong>eam}</strong></span> 
     </span>
     <span class='ocr_line' id='line_1_61' title="bbox 1465 738 1567 775; baseline 0.02 -15"><span class='ocrx_word' id='word_1_394' title='bbox 1465 738 1567 775; x_wconf 81' lang='lat' dir='ltr'><strong>quem</strong></span> 
     </span>
    </p>
   </div>
   <div class='ocr_carea' id='block_1_12' title="bbox 1414 774 2276 828">
    <p class='ocr_par' dir='ltr' id='par_1_12' title="bbox 1414 774 2276 828">
     <span class='ocr_line' id='line_1_62' title="bbox 1414 774 2276 828; baseline 0.003 -15"><span class='ocrx_word' id='word_1_395' title='bbox 1414 776 1573 813; x_wconf 83' lang='lat' dir='ltr'><strong>Reddida</strong></span> <span class='ocrx_word' id='word_1_396' title='bbox 1595 774 1688 812; x_wconf 79' lang='lat' dir='ltr'><strong>vitai</strong></span> <span class='ocrx_word' id='word_1_397' title='bbox 1702 777 1781 823; x_wconf 87' lang='lat' dir='ltr'><strong>jam</strong></span> <span class='ocrx_word' id='word_1_398' title='bbox 1801 790 1895 815; x_wconf 86' lang='lat' dir='ltr'><strong>mors</strong></span> <span class='ocrx_word' id='word_1_399' title='bbox 1914 786 1958 816; x_wconf 57' lang='grc' dir='ltr'><strong>ω’</strong></span> <span class='ocrx_word' id='word_1_400' title='bbox 1979 787 2072 815; x_wconf 85' lang='lat' dir='ltr'><strong>terra</strong></span> <span class='ocrx_word' id='word_1_401' title='bbox 2091 778 2203 826; x_wconf 80' lang='lat' dir='ltr'><strong>potita</strong></span> <span class='ocrx_word' id='word_1_402' title='bbox 2221 780 2276 828; x_wconf 88' lang='lat' dir='ltr'><strong>est.</strong></span> 
     </span>
    </p>
   </div>
   <div class='ocr_carea' id='block_1_13' title="bbox 1363 839 2413 1397">
    <p class='ocr_par' dir='ltr' id='par_1_13' title="bbox 1363 839 2413 1397">
     <span class='ocr_line' id='line_1_63' title="bbox 1364 839 2407 891; baseline 0.006 -14"><span class='ocrx_word' id='word_1_403' title='bbox 1364 839 1424 878; x_wconf 91' lang='lat' dir='ltr'><strong>Ad</strong></span> <span class='ocrx_word' id='word_1_404' title='bbox 1438 852 1551 889; x_wconf 91' lang='lat' dir='ltr'><strong>quem</strong></span> <span class='ocrx_word' id='word_1_405' title='bbox 1575 839 1790 878; x_wconf 82' lang='lat' dir='ltr'><strong>Lambinus.</strong></span> <span class='ocrx_word' id='word_1_406' title='bbox 1819 848 1888 878; x_wconf 81' lang='lat' dir='ltr'><strong>Hoc</strong></span> <span class='ocrx_word' id='word_1_407' title='bbox 1910 841 1975 884; x_wconf 74' lang='lat' dir='ltr'><strong>esi,</strong></span> <span class='ocrx_word' id='word_1_408' title='bbox 2004 853 2042 878; x_wconf 84' lang='lat' dir='ltr'><strong>ut</strong></span> <span class='ocrx_word' id='word_1_409' title='bbox 2063 841 2198 891; x_wconf 73' lang='lat' dir='ltr'><strong>opinor,</strong></span> <span class='ocrx_word' id='word_1_410' title='bbox 2226 857 2316 882; x_wconf 85' lang='lat' dir='ltr'><strong>mors</strong></span> <span class='ocrx_word' id='word_1_411' title='bbox 2328 860 2407 885; x_wconf 86' lang='lat' dir='ltr'><strong>cum</strong></span> 
     </span>
     <span class='ocr_line' id='line_1_64' title="bbox 1365 891 2408 940; baseline 0.008 -12"><span class='ocrx_word' id='word_1_412' title='bbox 1365 891 1447 928; x_wconf 84' lang='lat' dir='ltr'><strong>vita</strong></span> <span class='ocrx_word' id='word_1_413' title='bbox 1467 901 1698 927; x_wconf 83' lang='lat' dir='ltr'><strong>commutata.</strong></span> <span class='ocrx_word' id='word_1_414' title='bbox 1738 891 1930 929; x_wconf 72' lang='lat' dir='ltr'><strong>Salmasius</strong></span> <span class='ocrx_word' id='word_1_415' title='bbox 1961 892 2121 940; x_wconf 88' lang='lat' dir='ltr'><strong>Epistola</strong></span> <span class='ocrx_word' id='word_1_416' title='bbox 2137 905 2194 938; x_wconf 77' lang='lat'><strong>50.</strong></span> <span class='ocrx_word' id='word_1_417' title='bbox 2225 896 2408 936; x_wconf 87' lang='lat' dir='ltr'><strong>adFride-</strong></span> 
     </span>
     <span class='ocr_line' id='line_1_65' title="bbox 1367 941 2410 986; baseline 0.006 -6"><span class='ocrx_word' id='word_1_418' title='bbox 1367 943 1485 980; x_wconf 87' lang='lat' dir='ltr'><strong>ricum</strong></span> <span class='ocrx_word' id='word_1_419' title='bbox 1511 941 1765 979; x_wconf 89' lang='lat' dir='ltr'><strong>Gronovium.</strong></span> <span class='ocrx_word' id='word_1_420' title='bbox 1818 943 1923 980; x_wconf 87' lang='lat' dir='ltr'><strong>Haec</strong></span> <span class='ocrx_word' id='word_1_421' title='bbox 1956 945 2095 981; x_wconf 90' lang='lat' dir='ltr'><strong>verba:</strong></span> <span class='ocrx_word' id='word_1_422' title='bbox 2135 945 2283 983; x_wconf 79' lang='lat' dir='ltr'><strong>Reddita</strong></span> <span class='ocrx_word' id='word_1_423' title='bbox 2315 948 2410 986; x_wconf 82' lang='lat' dir='ltr'><strong>vitai</strong></span> 
     </span>
     <span class='ocr_line' id='line_1_66' title="bbox 1363 992 2410 1048; baseline 0.01 -20"><span class='ocrx_word' id='word_1_424' title='bbox 1363 994 1439 1040; x_wconf 83' lang='lat' dir='ltr'><strong>jam</strong></span> <span class='ocrx_word' id='word_1_425' title='bbox 1464 1005 1552 1029; x_wconf 84' lang='lat' dir='ltr'><strong>mors</strong></span> <span class='ocrx_word' id='word_1_426' title='bbox 1576 992 1716 1029; x_wconf 89' lang='lat' dir='ltr'><strong>nullum</strong></span> <span class='ocrx_word' id='word_1_427' title='bbox 1744 992 1883 1030; x_wconf 91' lang='lat' dir='ltr'><strong>sensum</strong></span> <span class='ocrx_word' id='word_1_428' title='bbox 1912 994 2057 1032; x_wconf 90' lang='lat' dir='ltr'><strong>efficere</strong></span> <span class='ocrx_word' id='word_1_429' title='bbox 2086 1004 2218 1043; x_wconf 88' lang='lat' dir='ltr'><strong>putat,</strong></span> <span class='ocrx_word' id='word_1_430' title='bbox 2246 997 2410 1048; x_wconf 87' lang='lat' dir='ltr'><strong>ideoque</strong></span> 
     </span>
     <span class='ocr_line' id='line_1_67' title="bbox 1367 1043 2409 1093; baseline 0.007 -12"><span class='ocrx_word' id='word_1_431' title='bbox 1367 1043 1416 1082; x_wconf 86' lang='lat' dir='ltr'><strong>fic</strong></span> <span class='ocrx_word' id='word_1_432' title='bbox 1437 1043 1635 1088; x_wconf 83' lang='lat' dir='ltr'><strong>emendat,</strong></span> <span class='ocrx_word' id='word_1_433' title='bbox 1664 1043 1813 1079; x_wconf 81' lang='lat' dir='ltr'><strong>Reddita</strong></span> <span class='ocrx_word' id='word_1_434' title='bbox 1828 1044 1908 1080; x_wconf 84' lang='lat' dir='ltr'><strong>vita</strong></span> <span class='ocrx_word' id='word_1_435' title='bbox 1920 1045 1999 1091; x_wconf 84' lang='lat' dir='ltr'><strong>jam</strong></span> <span class='ocrx_word' id='word_1_436' title='bbox 2021 1059 2111 1083; x_wconf 84' lang='lat' dir='ltr'><strong>mors</strong></span> <span class='ocrx_word' id='word_1_437' title='bbox 2130 1059 2171 1085; x_wconf 77' lang='lat'><strong>(9¹</strong></span> <span class='ocrx_word' id='word_1_438' title='bbox 2187 1057 2282 1085; x_wconf 81' lang='lat' dir='ltr'><strong>terra</strong></span> <span class='ocrx_word' id='word_1_439' title='bbox 2297 1051 2409 1093; x_wconf 80' lang='lat' dir='ltr'><strong>potita</strong></span> 
     </span>
     <span class='ocr_line' id='line_1_68' title="bbox 1370 1093 2410 1142; baseline 0.007 -10"><span class='ocrx_word' id='word_1_440' title='bbox 1370 1095 1434 1141; x_wconf 85' lang='lat' dir='ltr'><strong>est,</strong></span> <span class='ocrx_word' id='word_1_441' title='bbox 1464 1106 1628 1141; x_wconf 88' lang='lat' dir='ltr'><strong>nempe,</strong></span> <span class='ocrx_word' id='word_1_442' title='bbox 1656 1093 1805 1130; x_wconf 80' lang='lat' dir='ltr'><strong>Reddita</strong></span> <span class='ocrx_word' id='word_1_443' title='bbox 1828 1094 1983 1131; x_wconf 82' lang='lat' dir='ltr'><strong>secunda</strong></span> <span class='ocrx_word' id='word_1_444' title='bbox 2003 1096 2200 1142; x_wconf 68' lang='lat' dir='ltr'><strong>produeta,</strong></span> <span class='ocrx_word' id='word_1_445' title='bbox 2230 1097 2249 1136; x_wconf 71' lang='lat' dir='ltr'><strong>a</strong></span> <span class='ocrx_word' id='word_1_446' title='bbox 2274 1101 2410 1139; x_wconf 84' lang='lat' dir='ltr'><strong>reddire</strong></span> 
     </span>
     <span class='ocr_line' id='line_1_69' title="bbox 1370 1144 2412 1195; baseline 0.008 -13"><span class='ocrx_word' id='word_1_447' title='bbox 1370 1157 1437 1194; x_wconf 83' lang='lat' dir='ltr'><strong>pro</strong></span> <span class='ocrx_word' id='word_1_448' title='bbox 1457 1145 1617 1188; x_wconf 85' lang='lat' dir='ltr'><strong>reddere,</strong></span> <span class='ocrx_word' id='word_1_449' title='bbox 1646 1144 1693 1181; x_wconf 90' lang='lat' dir='ltr'><strong>fic</strong></span> <span class='ocrx_word' id='word_1_450' title='bbox 1716 1144 1854 1181; x_wconf 78' lang='lat' dir='ltr'><strong>reddibo</strong></span> <span class='ocrx_word' id='word_1_451' title='bbox 1874 1145 1969 1193; x_wconf 81' lang='lat' dir='ltr'><strong>apud</strong></span> <span class='ocrx_word' id='word_1_452' title='bbox 1988 1146 2154 1185; x_wconf 85' lang='lat' dir='ltr'><strong>Plautum</strong></span> <span class='ocrx_word' id='word_1_453' title='bbox 2169 1160 2234 1195; x_wconf 86' lang='lat' dir='ltr'><strong>pro</strong></span> <span class='ocrx_word' id='word_1_454' title='bbox 2253 1150 2412 1190; x_wconf 84' lang='lat' dir='ltr'><strong>reddam.</strong></span> 
     </span>
     <span class='ocr_line' id='line_1_70' title="bbox 1372 1195 2411 1248; baseline 0.006 -14"><span class='ocrx_word' id='word_1_455' title='bbox 1372 1208 1444 1245; x_wconf 86' lang='lat' dir='ltr'><strong>ego</strong></span> <span class='ocrx_word' id='word_1_456' title='bbox 1477 1196 1566 1233; x_wconf 85' lang='lat' dir='ltr'><strong>nihil</strong></span> <span class='ocrx_word' id='word_1_457' title='bbox 1600 1195 1821 1233; x_wconf 89' lang='lat' dir='ltr'><strong>mutandum</strong></span> <span class='ocrx_word' id='word_1_458' title='bbox 1857 1195 2001 1234; x_wconf 87' lang='lat' dir='ltr'><strong>censeo.</strong></span> <span class='ocrx_word' id='word_1_459' title='bbox 2062 1198 2258 1238; x_wconf 86' lang='lat' dir='ltr'><strong>Lucretius</strong></span> <span class='ocrx_word' id='word_1_460' title='bbox 2283 1201 2376 1240; x_wconf 87' lang='lat' dir='ltr'><strong>dixit</strong></span> <span class='ocrx_word' id='word_1_461' title='bbox 2398 1230 2411 1248; x_wconf 85' lang='lat'><strong>,</strong></span> 
     </span>
     <span class='ocr_line' id='line_1_71' title="bbox 1372 1246 2409 1299; baseline 0.005 -14"><span class='ocrx_word' id='word_1_462' title='bbox 1372 1246 1524 1285; x_wconf 80' lang='lat' dir='ltr'><strong>Reddita</strong></span> <span class='ocrx_word' id='word_1_463' title='bbox 1545 1247 1729 1295; x_wconf 77' lang='lat' dir='ltr'><strong>vitaijam</strong></span> <span class='ocrx_word' id='word_1_464' title='bbox 1747 1259 1838 1282; x_wconf 87' lang='lat' dir='ltr'><strong>mors</strong></span> <span class='ocrx_word' id='word_1_465' title='bbox 1853 1273 1863 1289; x_wconf 91' lang='lat'><strong>,</strong></span> <span class='ocrx_word' id='word_1_466' title='bbox 1891 1258 1957 1294; x_wconf 90' lang='lat' dir='ltr'><strong>pro</strong></span> <span class='ocrx_word' id='word_1_467' title='bbox 1976 1253 2074 1285; x_wconf 86' lang='lat' dir='ltr'><strong>Data</strong></span> <span class='ocrx_word' id='word_1_468' title='bbox 2088 1250 2188 1286; x_wconf 82' lang='lat' dir='ltr'><strong>vitae</strong></span> <span class='ocrx_word' id='word_1_469' title='bbox 2201 1253 2277 1299; x_wconf 86' lang='lat' dir='ltr'><strong>jam</strong></span> <span class='ocrx_word' id='word_1_470' title='bbox 2291 1265 2380 1289; x_wconf 88' lang='lat' dir='ltr'><strong>mors</strong></span> <span class='ocrx_word' id='word_1_471' title='bbox 2395 1268 2409 1295; x_wconf 89' lang='lat'>;</span> 
     </span>
     <span class='ocr_line' id='line_1_72' title="bbox 1373 1296 2413 1353; baseline 0.008 -18"><span class='ocrx_word' id='word_1_472' title='bbox 1373 1298 1452 1337; x_wconf 89' lang='lat' dir='ltr'><strong>usus</strong></span> <span class='ocrx_word' id='word_1_473' title='bbox 1473 1298 1649 1336; x_wconf 86' lang='lat' dir='ltr'><strong>nimirum</strong></span> <span class='ocrx_word' id='word_1_474' title='bbox 1672 1296 1787 1334; x_wconf 88' lang='lat' dir='ltr'><strong>verbo</strong></span> <span class='ocrx_word' id='word_1_475' title='bbox 1808 1297 2018 1344; x_wconf 87' lang='lat' dir='ltr'><strong>composito</strong></span> <span class='ocrx_word' id='word_1_476' title='bbox 2029 1310 2096 1346; x_wconf 92' lang='lat' dir='ltr'><strong>pro</strong></span> <span class='ocrx_word' id='word_1_477' title='bbox 2108 1299 2286 1350; x_wconf 79' lang='lat' dir='ltr'><strong>fimplici&#39;,</strong></span> <span class='ocrx_word' id='word_1_478' title='bbox 2314 1314 2413 1353; x_wconf 66' lang='lat' dir='ltr'><strong>quo-⁴</strong></span> 
     </span>
     <span class='ocr_line' id='line_1_73' title="bbox 1374 1348 1993 1397; baseline -0.002 -10"><span class='ocrx_word' id='word_1_479' title='bbox 1374 1349 1492 1387; x_wconf 89' lang='lat' dir='ltr'><strong>modo</strong></span> <span class='ocrx_word' id='word_1_480' title='bbox 1506 1348 1611 1397; x_wconf 83' lang='lat' dir='ltr'><strong>saepe</strong></span> <span class='ocrx_word' id='word_1_481' title='bbox 1633 1348 1717 1386; x_wconf 87' lang='lat' dir='ltr'><strong>alias</strong></span> <span class='ocrx_word' id='word_1_482' title='bbox 1731 1375 1741 1392; x_wconf 92' lang='lat'><strong>,</strong></span> <span class='ocrx_word' id='word_1_483' title='bbox 1769 1356 1849 1385; x_wconf 87' lang='lat' dir='ltr'><strong>tum</strong></span> <span class='ocrx_word' id='word_1_484' title='bbox 1868 1349 1928 1386; x_wconf 88' lang='lat' dir='ltr'><strong>lib.</strong></span> <span class='ocrx_word' id='word_1_485' title='bbox 1948 1360 1993 1386; x_wconf 86' lang='lat'><strong>11.</strong></span> 
     </span>
    </p>
   </div>
   <div class='ocr_carea' id='block_1_14' title="bbox 1424 1413 2198 1505">
    <p class='ocr_par' dir='ltr' id='par_1_14' title="bbox 1424 1413 2198 1505">
     <span class='ocr_line' id='line_1_74' title="bbox 1424 1413 2198 1468; baseline 0.006 -15"><span class='ocrx_word' id='word_1_486' title='bbox 1424 1422 1608 1453; x_wconf 85' lang='lat' dir='ltr'><strong>Praeterea</strong></span> <span class='ocrx_word' id='word_1_487' title='bbox 1626 1413 1662 1464; x_wconf 80' lang='lat' dir='ltr'><strong>si</strong></span> <span class='ocrx_word' id='word_1_488' title='bbox 1681 1414 1780 1453; x_wconf 83' lang='lat' dir='ltr'><strong>nulla</strong></span> <span class='ocrx_word' id='word_1_489' title='bbox 1801 1415 1917 1454; x_wconf 76' lang='lat' dir='ltr'><strong>coloris</strong></span> <span class='ocrx_word' id='word_1_490' title='bbox 1931 1416 2105 1468; x_wconf 71' lang='lat' dir='ltr'><strong>principiis</strong></span> <span class='ocrx_word' id='word_1_491' title='bbox 2129 1419 2173 1464; x_wconf 77' lang='lat' dir='ltr'><strong>est</strong></span> <span class='ocrx_word' id='word_1_492' title='bbox 2186 1447 2198 1465; x_wconf 84' lang='lat'>‚</span> 
     </span>
     <span class='ocr_line' id='line_1_75' title="bbox 1425 1466 1741 1505; baseline 0 0"><span class='ocrx_word' id='word_1_493' title='bbox 1425 1466 1575 1505; x_wconf 85' lang='lat' dir='ltr'><strong>Reddita</strong></span> <span class='ocrx_word' id='word_1_494' title='bbox 1597 1477 1741 1505; x_wconf 84' lang='lat' dir='ltr'><strong>natura.</strong></span> 
     </span>
    </p>
   </div>
   <div class='ocr_carea' id='block_1_15' title="bbox 1370 1529 1630 1571">
    <p class='ocr_par' dir='ltr' id='par_1_15' title="bbox 1370 1529 1630 1571">
     <span class='ocr_line' id='line_1_76' title="bbox 1370 1529 1630 1571; baseline 0.015 -4"><span class='ocrx_word' id='word_1_495' title='bbox 1370 1529 1465 1569; x_wconf 89' lang='lat' dir='ltr'><strong>Item</strong></span> <span class='ocrx_word' id='word_1_496' title='bbox 1488 1531 1551 1569; x_wconf 91' lang='lat' dir='ltr'><strong>lib.</strong></span> <span class='ocrx_word' id='word_1_497' title='bbox 1575 1544 1630 1571; x_wconf 80' lang='lat' dir='ltr'><strong>xv.</strong></span> 
     </span>
    </p>
   </div>
   <div class='ocr_carea' id='block_1_16' title="bbox 1418 1595 2233 1696">
    <p class='ocr_par' dir='ltr' id='par_1_16' title="bbox 1418 1595 2233 1696">
     <span class='ocr_line' id='line_1_77' title="bbox 1419 1595 2233 1643; baseline 0.011 -13"><span class='ocrx_word' id='word_1_498' title='bbox 1419 1599 1466 1631; x_wconf 82' lang='lat' dir='ltr'><strong>Et</strong></span> <span class='ocrx_word' id='word_1_499' title='bbox 1487 1606 1575 1643; x_wconf 88' lang='lat' dir='ltr'><strong>quae</strong></span> <span class='ocrx_word' id='word_1_500' title='bbox 1595 1595 1768 1635; x_wconf 82' lang='lat' dir='ltr'><strong>mobilitas</strong></span> <span class='ocrx_word' id='word_1_501' title='bbox 1789 1596 1867 1638; x_wconf 82' lang='lat' dir='ltr'><strong>ollis</strong></span> <span class='ocrx_word' id='word_1_502' title='bbox 1881 1598 2108 1639; x_wconf 78' lang='lat' dir='ltr'><strong>tranantibus</strong></span> <span class='ocrx_word' id='word_1_503' title='bbox 2126 1613 2233 1639; x_wconf 75' lang='lat' dir='ltr'><strong>auras</strong></span> 
     </span>
     <span class='ocr_line' id='line_1_78' title="bbox 1418 1645 1650 1696; baseline 0.009 -13"><span class='ocrx_word' id='word_1_504' title='bbox 1418 1645 1570 1683; x_wconf 85' lang='lat' dir='ltr'><strong>Reddita</strong></span> <span class='ocrx_word' id='word_1_505' title='bbox 1587 1645 1650 1696; x_wconf 81' lang='lat' dir='ltr'><strong>fit.</strong></span> 
     </span>
    </p>
   </div>
   <div class='ocr_carea' id='block_1_17' title="bbox 1368 1731 2417 2139">
    <p class='ocr_par' dir='ltr' id='par_1_17' title="bbox 1368 1731 2417 2139">
     <span class='ocr_line' id='line_1_79' title="bbox 1368 1731 2414 1786; baseline 0.009 -18"><span class='ocrx_word' id='word_1_506' title='bbox 1368 1731 1525 1772; x_wconf 89' lang='lat' dir='ltr'><strong>Perinde</strong></span> <span class='ocrx_word' id='word_1_507' title='bbox 1557 1734 1606 1772; x_wconf 84' lang='lat' dir='ltr'><strong>est</strong></span> <span class='ocrx_word' id='word_1_508' title='bbox 1624 1736 1734 1784; x_wconf 83' lang='lat' dir='ltr'><strong>igitur</strong></span> <span class='ocrx_word' id='word_1_509' title='bbox 1766 1747 1808 1772; x_wconf 90' lang='lat' dir='ltr'><strong>ac</strong></span> <span class='ocrx_word' id='word_1_510' title='bbox 1828 1734 1852 1772; x_wconf 88' lang='lat' dir='ltr'>fi</span> <span class='ocrx_word' id='word_1_511' title='bbox 1877 1734 2041 1779; x_wconf 73' lang='lat' dir='ltr'><strong>dixisset,</strong></span> <span class='ocrx_word' id='word_1_512' title='bbox 2070 1735 2202 1773; x_wconf 83' lang='lat' dir='ltr'><strong>Dedita</strong></span> <span class='ocrx_word' id='word_1_513' title='bbox 2224 1736 2322 1776; x_wconf 83' lang='lat' dir='ltr'><strong>vitai</strong></span> <span class='ocrx_word' id='word_1_514' title='bbox 2334 1740 2414 1786; x_wconf 54' lang='lat' dir='ltr'><strong>jam*</strong></span> 
     </span>
     <span class='ocr_line' id='line_1_80' title="bbox 1377 1785 2417 1829; baseline 0.008 -9"><span class='ocrx_word' id='word_1_515' title='bbox 1377 1796 1496 1821; x_wconf 83' lang='lat' dir='ltr'><strong>mors.-</strong></span> <span class='ocrx_word' id='word_1_516' title='bbox 1525 1793 1623 1823; x_wconf 88' lang='lat' dir='ltr'><strong>utut</strong></span> <span class='ocrx_word' id='word_1_517' title='bbox 1650 1786 1715 1829; x_wconf 80' lang='lat' dir='ltr'><strong>sit,</strong></span> <span class='ocrx_word' id='word_1_518' title='bbox 1744 1785 1886 1823; x_wconf 88' lang='lat' dir='ltr'><strong>locutio</strong></span> <span class='ocrx_word' id='word_1_519' title='bbox 1915 1786 1963 1823; x_wconf 89' lang='lat' dir='ltr'><strong>est</strong></span> <span class='ocrx_word' id='word_1_520' title='bbox 1991 1787 2161 1826; x_wconf 88' lang='lat' dir='ltr'><strong>insolens.</strong></span> <span class='ocrx_word' id='word_1_521' title='bbox 2214 1788 2417 1829; x_wconf 74' lang='lat' dir='ltr'><strong>SALVAGN.</strong></span> 
     </span>
     <span class='ocr_line' id='line_1_81' title="bbox 1377 1834 2415 1888; baseline 0.008 -17"><span class='ocrx_word' id='word_1_522' title='bbox 1377 1834 1441 1872; x_wconf 89' lang='lat' dir='ltr'><strong>Sic</strong></span> <span class='ocrx_word' id='word_1_523' title='bbox 1471 1836 1608 1873; x_wconf 85' lang='lat' dir='ltr'><strong>reddere</strong></span> <span class='ocrx_word' id='word_1_524' title='bbox 1625 1835 1793 1886; x_wconf 83' lang='lat' dir='ltr'><strong>spiritum</strong></span> <span class='ocrx_word' id='word_1_525' title='bbox 1831 1836 1870 1874; x_wconf 71' lang='grc' dir='ltr'>δί</span> <span class='ocrx_word' id='word_1_526' title='bbox 1905 1837 2068 1875; x_wconf 86' lang='lat' dir='ltr'><strong>animam</strong></span> <span class='ocrx_word' id='word_1_527' title='bbox 2110 1838 2216 1888; x_wconf 84' lang='lat' dir='ltr'><strong>saepe</strong></span> <span class='ocrx_word' id='word_1_528' title='bbox 2250 1840 2415 1887; x_wconf 70' lang='lat' dir='ltr'><strong>Velleius</strong></span> 
     </span>
     <span class='ocr_line' id='line_1_82' title="bbox 1372 1884 2416 1938; baseline 0.008 -17"><span class='ocrx_word' id='word_1_529' title='bbox 1372 1884 1549 1924; x_wconf 85' lang='lat' dir='ltr'><strong>Patercul.</strong></span> <span class='ocrx_word' id='word_1_530' title='bbox 1576 1887 1650 1925; x_wconf 91' lang='lat' dir='ltr'><strong>vid.</strong></span> <span class='ocrx_word' id='word_1_531' title='bbox 1673 1897 1716 1925; x_wconf 79' lang='lat'><strong>11.</strong></span> <span class='ocrx_word' id='word_1_532' title='bbox 1741 1888 1847 1936; x_wconf 75' lang='lat'><strong>¹4&amp;</strong></span> <span class='ocrx_word' id='word_1_533' title='bbox 1866 1899 1925 1936; x_wconf 76' lang='lat'><strong>35.</strong></span> <span class='ocrx_word' id='word_1_534' title='bbox 1946 1888 2004 1934; x_wconf 84' lang='lat'><strong>87.</strong></span> <span class='ocrx_word' id='word_1_535' title='bbox 2027 1890 2066 1927; x_wconf 90' lang='lat'>&amp;</span> <span class='ocrx_word' id='word_1_536' title='bbox 2091 1900 2171 1938; x_wconf 85' lang='lat'><strong>123.</strong></span> <span class='ocrx_word' id='word_1_537' title='bbox 2202 1889 2273 1928; x_wconf 90' lang='lat' dir='ltr'><strong>vid.</strong></span> <span class='ocrx_word' id='word_1_538' title='bbox 2293 1891 2336 1928; x_wconf 90' lang='lat' dir='ltr'><strong>ad</strong></span> <span class='ocrx_word' id='word_1_539' title='bbox 2349 1903 2416 1930; x_wconf 81' lang='lat'><strong>111.</strong></span> 
     </span>
     <span class='ocr_line' id='line_1_83' title="bbox 1373 1935 2417 1989; baseline 0.007 -16"><span class='ocrx_word' id='word_1_540' title='bbox 1373 1935 1483 1974; x_wconf 90' lang='lat' dir='ltr'><strong>Trist.</strong></span> <span class='ocrx_word' id='word_1_541' title='bbox 1503 1949 1566 1974; x_wconf 89' lang='lat'><strong>111.</strong></span> <span class='ocrx_word' id='word_1_542' title='bbox 1591 1948 1649 1986; x_wconf 81' lang='lat'><strong>35.</strong></span> <span class='ocrx_word' id='word_1_543' title='bbox 1677 1938 1774 1975; x_wconf 89' lang='lat' dir='ltr'><strong>male</strong></span> <span class='ocrx_word' id='word_1_544' title='bbox 1791 1949 1880 1975; x_wconf 92' lang='lat' dir='ltr'><strong>vero</strong></span> <span class='ocrx_word' id='word_1_545' title='bbox 1898 1939 2109 1988; x_wconf 85' lang='lat' dir='ltr'><strong>Salvagnius</strong></span> <span class='ocrx_word' id='word_1_546' title='bbox 2124 1941 2184 1978; x_wconf 90' lang='lat' dir='ltr'><strong>hic</strong></span> <span class='ocrx_word' id='word_1_547' title='bbox 2194 1940 2417 1989; x_wconf 86' lang='lat' dir='ltr'><strong>Peripheten</strong></span> 
     </span>
     <span class='ocr_line' id='line_1_84' title="bbox 1373 1985 2416 2037; baseline 0.007 -13"><span class='ocrx_word' id='word_1_548' title='bbox 1373 1985 1419 2024; x_wconf 90' lang='lat' dir='ltr'><strong>ad</strong></span> <span class='ocrx_word' id='word_1_549' title='bbox 1430 1987 1655 2036; x_wconf 88' lang='lat' dir='ltr'><strong>Epidaurum</strong></span> <span class='ocrx_word' id='word_1_550' title='bbox 1672 1988 1805 2033; x_wconf 88' lang='lat' dir='ltr'><strong>,hodie</strong></span> <span class='ocrx_word' id='word_1_551' title='bbox 1818 1988 1997 2037; x_wconf 83' lang='lat' dir='ltr'><strong>Ragusam</strong></span> <span class='ocrx_word' id='word_1_552' title='bbox 2009 1990 2142 2027; x_wconf 64' lang='lat' dir='ltr'><strong>dietam</strong></span> <span class='ocrx_word' id='word_1_553' title='bbox 2159 1992 2416 2035; x_wconf 66' lang='lat' dir='ltr'><strong>‚interfeecum</strong></span> 
     </span>
     <span class='ocr_line' id='line_1_85' title="bbox 1373 2038 2416 2089; baseline 0.007 -15"><span class='ocrx_word' id='word_1_554' title='bbox 1373 2046 1493 2076; x_wconf 86' lang='lat' dir='ltr'><strong>notat.</strong></span> <span class='ocrx_word' id='word_1_555' title='bbox 1530 2050 1614 2077; x_wconf 89' lang='lat' dir='ltr'><strong>cum</strong></span> <span class='ocrx_word' id='word_1_556' title='bbox 1643 2039 1687 2076; x_wconf 91' lang='lat' dir='ltr'><strong>ad</strong></span> <span class='ocrx_word' id='word_1_557' title='bbox 1724 2038 1949 2086; x_wconf 84' lang='lat' dir='ltr'><strong>Epidaurum</strong></span> <span class='ocrx_word' id='word_1_558' title='bbox 1986 2040 2337 2089; x_wconf 87' lang='lat' dir='ltr'><strong>Peloponnefiacam</strong></span> <span class='ocrx_word' id='word_1_559' title='bbox 2360 2054 2416 2081; x_wconf 89' lang='lat' dir='ltr'><strong>res</strong></span> 
     </span>
     <span class='ocr_line' id='line_1_86' title="bbox 1374 2088 2290 2139; baseline 0.005 -14"><span class='ocrx_word' id='word_1_560' title='bbox 1374 2088 1558 2128; x_wconf 80' lang='lat' dir='ltr'><strong>acciderit.</strong></span> <span class='ocrx_word' id='word_1_561' title='bbox 1585 2088 1659 2127; x_wconf 89' lang='lat' dir='ltr'><strong>vid.</strong></span> <span class='ocrx_word' id='word_1_562' title='bbox 1678 2089 1827 2128; x_wconf 91' lang='lat' dir='ltr'><strong>Pausan.</strong></span> <span class='ocrx_word' id='word_1_563' title='bbox 1854 2090 1913 2127; x_wconf 88' lang='lat' dir='ltr'><strong>lib.</strong></span> <span class='ocrx_word' id='word_1_564' title='bbox 1934 2102 1981 2128; x_wconf 84' lang='lat'><strong>11.</strong></span> <span class='ocrx_word' id='word_1_565' title='bbox 2008 2103 2087 2139; x_wconf 89' lang='lat' dir='ltr'><strong>cap.</strong></span> <span class='ocrx_word' id='word_1_566' title='bbox 2110 2104 2140 2129; x_wconf 93' lang='lat'><strong>1.</strong></span> <span class='ocrx_word' id='word_1_567' title='bbox 2161 2091 2290 2131; x_wconf 71' lang='lat' dir='ltr'><strong>Buum.</strong></span> 
     </span>
    </p>
   </div>
   <div class='ocr_carea' id='block_1_18' title="bbox 1422 2139 2421 2192">
    <p class='ocr_par' dir='ltr' id='par_1_18' title="bbox 1422 2139 2421 2192">
     <span class='ocr_line' id='line_1_87' title="bbox 1422 2139 2421 2192; baseline 0.007 -15"><span class='ocrx_word' id='word_1_568' title='bbox 1422 2139 1508 2187; x_wconf 75' lang='lat'><strong>408.</strong></span> <span class='ocrx_word' id='word_1_569' title='bbox 1539 2139 1837 2188; x_wconf 82' lang='lat' dir='ltr'><strong>lpseCoronides.]</strong></span> <span class='ocrx_word' id='word_1_570' title='bbox 1870 2140 2421 2192; x_wconf 80' lang='lat' dir='ltr'><strong>Aesculapiuscoroneinepos.</strong></span> 
     </span>
    </p>
   </div>
   <div class='ocr_carea' id='block_1_19' title="bbox 1371 2190 2421 3351">
    <p class='ocr_par' dir='ltr' id='par_1_19' title="bbox 1371 2190 2419 2492">
     <span class='ocr_line' id='line_1_88' title="bbox 1374 2190 2418 2239; baseline 0.007 -12"><span class='ocrx_word' id='word_1_571' title='bbox 1374 2190 1422 2227; x_wconf 88' lang='lat' dir='ltr'><strong>est</strong></span> <span class='ocrx_word' id='word_1_572' title='bbox 1441 2192 1541 2228; x_wconf 91' lang='lat' dir='ltr'><strong>enim</strong></span> <span class='ocrx_word' id='word_1_573' title='bbox 1573 2191 1876 2239; x_wconf 85' lang='lat' dir='ltr'><strong>patronymicum</strong></span> <span class='ocrx_word' id='word_1_574' title='bbox 1898 2202 1917 2228; x_wconf 86' lang='lat' dir='ltr'><strong>a</strong></span> <span class='ocrx_word' id='word_1_575' title='bbox 1939 2190 2140 2230; x_wconf 84' lang='lat' dir='ltr'><strong>masculino</strong></span> <span class='ocrx_word' id='word_1_576' title='bbox 2155 2221 2166 2237; x_wconf 86' lang='lat'>‚</span> <span class='ocrx_word' id='word_1_577' title='bbox 2194 2205 2269 2231; x_wconf 88' lang='lat' dir='ltr'><strong>non</strong></span> <span class='ocrx_word' id='word_1_578' title='bbox 2294 2207 2312 2232; x_wconf 86' lang='lat' dir='ltr'><strong>a</strong></span> <span class='ocrx_word' id='word_1_579' title='bbox 2334 2197 2418 2234; x_wconf 71' lang='lat' dir='ltr'><strong>foe«</strong></span> 
     </span>
     <span class='ocr_line' id='line_1_89' title="bbox 1374 2240 2416 2293; baseline 0.009 -17"><span class='ocrx_word' id='word_1_580' title='bbox 1374 2241 1522 2277; x_wconf 90' lang='lat' dir='ltr'><strong>minino</strong></span> <span class='ocrx_word' id='word_1_581' title='bbox 1543 2241 1698 2278; x_wconf 90' lang='lat' dir='ltr'><strong>nomine</strong></span> <span class='ocrx_word' id='word_1_582' title='bbox 1721 2240 1873 2278; x_wconf 64' lang='lat' dir='ltr'><strong>ductum</strong></span> <span class='ocrx_word' id='word_1_583' title='bbox 1891 2253 1898 2278; x_wconf 88' lang='lat'>:</span> <span class='ocrx_word' id='word_1_584' title='bbox 1923 2253 2045 2290; x_wconf 84' lang='lat' dir='ltr'><strong>neque</strong></span> <span class='ocrx_word' id='word_1_585' title='bbox 2065 2244 2206 2280; x_wconf 84' lang='lat' dir='ltr'><strong>Coronis</strong></span> <span class='ocrx_word' id='word_1_586' title='bbox 2226 2247 2416 2293; x_wconf 89' lang='lat' dir='ltr'><strong>proprium</strong></span> 
     </span>
     <span class='ocr_line' id='line_1_90' title="bbox 1371 2291 2416 2346; baseline 0.009 -19"><span class='ocrx_word' id='word_1_587' title='bbox 1371 2291 1433 2328; x_wconf 87' lang='lat' dir='ltr'><strong>hic</strong></span> <span class='ocrx_word' id='word_1_588' title='bbox 1445 2301 1585 2328; x_wconf 88' lang='lat' dir='ltr'><strong>nomen</strong></span> <span class='ocrx_word' id='word_1_589' title='bbox 1604 2291 1744 2335; x_wconf 79' lang='lat' dir='ltr'><strong>ell,sed</strong></span> <span class='ocrx_word' id='word_1_590' title='bbox 1758 2294 2059 2340; x_wconf 76' lang='lat' dir='ltr'><strong>patronymicum</strong></span> <span class='ocrx_word' id='word_1_591' title='bbox 2076 2292 2095 2330; x_wconf 71' lang='lat' dir='ltr'><strong>a</strong></span> <span class='ocrx_word' id='word_1_592' title='bbox 2117 2303 2241 2342; x_wconf 85' lang='lat' dir='ltr'><strong>patre,</strong></span> <span class='ocrx_word' id='word_1_593' title='bbox 2271 2299 2333 2346; x_wconf 92' lang='lat' dir='ltr'><strong>qui</strong></span> <span class='ocrx_word' id='word_1_594' title='bbox 2348 2303 2416 2335; x_wconf 85' lang='lat' dir='ltr'><strong>Co-</strong></span> 
     </span>
     <span class='ocr_line' id='line_1_91' title="bbox 1379 2342 2417 2390; baseline 0.01 -13"><span class='ocrx_word' id='word_1_595' title='bbox 1379 2354 1500 2378; x_wconf 81' lang='lat' dir='ltr'><strong>roneus</strong></span> <span class='ocrx_word' id='word_1_596' title='bbox 1526 2353 1544 2378; x_wconf 87' lang='lat' dir='ltr'><strong>a</strong></span> <span class='ocrx_word' id='word_1_597' title='bbox 1580 2342 1728 2380; x_wconf 88' lang='lat' dir='ltr'><strong>Graecis</strong></span> <span class='ocrx_word' id='word_1_598' title='bbox 1759 2352 2001 2390; x_wconf 87' lang='lat' dir='ltr'><strong>nuncupatur.</strong></span> <span class='ocrx_word' id='word_1_599' title='bbox 2055 2344 2098 2381; x_wconf 86' lang='lat' dir='ltr'><strong>Ei</strong></span> <span class='ocrx_word' id='word_1_600' title='bbox 2131 2354 2254 2384; x_wconf 85' lang='lat' dir='ltr'><strong>autem</strong></span> <span class='ocrx_word' id='word_1_601' title='bbox 2274 2360 2417 2387; x_wconf 87' lang='lat' dir='ltr'><strong>nomen</strong></span> 
     </span>
     <span class='ocr_line' id='line_1_92' title="bbox 1380 2392 2419 2439; baseline 0.01 -11"><span class='ocrx_word' id='word_1_602' title='bbox 1380 2393 1450 2429; x_wconf 87' lang='lat' dir='ltr'><strong>fuit</strong></span> <span class='ocrx_word' id='word_1_603' title='bbox 1474 2392 1613 2430; x_wconf 81' lang='lat' dir='ltr'><strong>Asteria</strong></span> <span class='ocrx_word' id='word_1_604' title='bbox 1628 2422 1637 2437; x_wconf 93' lang='lat'><strong>,</strong></span> <span class='ocrx_word' id='word_1_605' title='bbox 1666 2401 1705 2430; x_wconf 90' lang='lat' dir='ltr'><strong>ut</strong></span> <span class='ocrx_word' id='word_1_606' title='bbox 1727 2393 1819 2430; x_wconf 78' lang='lat' dir='ltr'><strong>infra</strong></span> <span class='ocrx_word' id='word_1_607' title='bbox 1837 2394 2118 2433; x_wconf 86' lang='lat' dir='ltr'><strong>declaravimus.</strong></span> <span class='ocrx_word' id='word_1_608' title='bbox 2157 2396 2419 2439; x_wconf 74' lang='lat' dir='ltr'><strong>CONST.FAN.</strong></span> 
     </span>
     <span class='ocr_line' id='line_1_93' title="bbox 1380 2442 2023 2492; baseline 0.003 -13"><span class='ocrx_word' id='word_1_609' title='bbox 1380 2442 1469 2480; x_wconf 90' lang='lat' dir='ltr'><strong>Vid.</strong></span> <span class='ocrx_word' id='word_1_610' title='bbox 1489 2444 1533 2481; x_wconf 84' lang='lat' dir='ltr'><strong>ad</strong></span> <span class='ocrx_word' id='word_1_611' title='bbox 1552 2444 1646 2481; x_wconf 88' lang='lat' dir='ltr'><strong>Met.</strong></span> <span class='ocrx_word' id='word_1_612' title='bbox 1663 2455 1707 2480; x_wconf 84' lang='lat' dir='ltr'><strong>rr.</strong></span> <span class='ocrx_word' id='word_1_613' title='bbox 1722 2445 1852 2491; x_wconf 84' lang='lat'><strong>569.&amp;</strong></span> <span class='ocrx_word' id='word_1_614' title='bbox 1866 2456 1926 2482; x_wconf 83' lang='lat' dir='ltr'><strong>xv.</strong></span> <span class='ocrx_word' id='word_1_615' title='bbox 1940 2445 2023 2492; x_wconf 76' lang='lat'><strong>624.</strong></span> 
     </span>
    </p>

    <p class='ocr_par' dir='ltr' id='par_1_20' title="bbox 1380 2493 2420 2644">
     <span class='ocr_line' id='line_1_94' title="bbox 1431 2493 2420 2547; baseline 0.008 -16"><span class='ocrx_word' id='word_1_616' title='bbox 1431 2493 1516 2538; x_wconf 72' lang='lat'><strong>408.</strong></span> <span class='ocrx_word' id='word_1_617' title='bbox 1547 2495 1630 2532; x_wconf 78' lang='lat' dir='ltr'><strong>Urbe</strong></span> <span class='ocrx_word' id='word_1_618' title='bbox 1643 2495 1825 2532; x_wconf 84' lang='lat' dir='ltr'><strong>Coronides</strong></span> <span class='ocrx_word' id='word_1_619' title='bbox 1845 2495 1940 2532; x_wconf 76' lang='lat' dir='ltr'><strong>vidit</strong></span> <span class='ocrx_word' id='word_1_620' title='bbox 1951 2496 1994 2533; x_wconf 87' lang='lat' dir='ltr'><strong>ab</strong></span> <span class='ocrx_word' id='word_1_621' title='bbox 2017 2497 2081 2546; x_wconf 85' lang='lat' dir='ltr'><strong>ipse</strong></span> <span class='ocrx_word' id='word_1_622' title='bbox 2097 2497 2205 2547; x_wconf 56' lang='lat' dir='ltr'><strong>suein]</strong></span> <span class='ocrx_word' id='word_1_623' title='bbox 2237 2501 2343 2538; x_wconf 87' lang='lat' dir='ltr'><strong>Haec</strong></span> <span class='ocrx_word' id='word_1_624' title='bbox 2353 2512 2420 2539; x_wconf 88' lang='lat' dir='ltr'><strong>Ve-</strong></span> 
     </span>
     <span class='ocr_line' id='line_1_95' title="bbox 1380 2545 2420 2596; baseline 0.008 -15"><span class='ocrx_word' id='word_1_625' title='bbox 1380 2556 1416 2582; x_wconf 92' lang='lat' dir='ltr'><strong>ra</strong></span> <span class='ocrx_word' id='word_1_626' title='bbox 1439 2545 1550 2582; x_wconf 63' lang='lat' dir='ltr'><strong>lectio</strong></span> <span class='ocrx_word' id='word_1_627' title='bbox 1571 2575 1580 2590; x_wconf 99' lang='lat'>‚</span> <span class='ocrx_word' id='word_1_628' title='bbox 1608 2557 1717 2593; x_wconf 83' lang='lat' dir='ltr'><strong>quam</strong></span> <span class='ocrx_word' id='word_1_629' title='bbox 1742 2545 1870 2593; x_wconf 90' lang='lat' dir='ltr'><strong>Scripti</strong></span> <span class='ocrx_word' id='word_1_630' title='bbox 1904 2547 2050 2585; x_wconf 85' lang='lat' dir='ltr'><strong>codices</strong></span> <span class='ocrx_word' id='word_1_631' title='bbox 2077 2549 2289 2596; x_wconf 86' lang='lat' dir='ltr'><strong>agnoscunt.</strong></span> <span class='ocrx_word' id='word_1_632' title='bbox 2342 2550 2420 2589; x_wconf 86' lang='lat' dir='ltr'><strong>Adi</strong></span> 
     </span>
     <span class='ocr_line' id='line_1_96' title="bbox 1382 2595 2002 2644; baseline 0.002 -11"><span class='ocrx_word' id='word_1_633' title='bbox 1382 2597 1500 2633; x_wconf 87' lang='lat' dir='ltr'><strong>Notas</strong></span> <span class='ocrx_word' id='word_1_634' title='bbox 1520 2597 1628 2644; x_wconf 83' lang='lat' dir='ltr'><strong>Epist.</strong></span> <span class='ocrx_word' id='word_1_635' title='bbox 1650 2608 1702 2633; x_wconf 81' lang='lat' dir='ltr'><strong>rx.</strong></span> <span class='ocrx_word' id='word_1_636' title='bbox 1718 2595 1758 2638; x_wconf 54' lang='grc' dir='ltr'><strong>ᾧ.</strong></span> <span class='ocrx_word' id='word_1_637' title='bbox 1772 2598 1832 2642; x_wconf 87' lang='lat'><strong>96.</strong></span> <span class='ocrx_word' id='word_1_638' title='bbox 1854 2597 2002 2637; x_wconf 67' lang='lat' dir='ltr'><strong>Hizms.</strong></span> 
     </span>
    </p>

    <p class='ocr_par' dir='ltr' id='par_1_21' title="bbox 1381 2647 2421 3310">
     <span class='ocr_line' id='line_1_97' title="bbox 1433 2647 2419 2697; baseline 0.007 -14"><span class='ocrx_word' id='word_1_639' title='bbox 1433 2660 1517 2693; x_wconf 72' lang='lat'><strong>409.</strong></span> <span class='ocrx_word' id='word_1_640' title='bbox 1557 2653 1599 2683; x_wconf 90' lang='lat' dir='ltr'><strong>Ut</strong></span> <span class='ocrx_word' id='word_1_641' title='bbox 1633 2647 1722 2683; x_wconf 80' lang='lat' dir='ltr'><strong>Sinis</strong></span> <span class='ocrx_word' id='word_1_642' title='bbox 1750 2658 1794 2686; x_wconf 68' lang='grc' dir='ltr'><strong>ω’</strong></span> <span class='ocrx_word' id='word_1_643' title='bbox 1821 2647 1982 2697; x_wconf 64' lang='lat' dir='ltr'><strong>Scirem]</strong></span> <span class='ocrx_word' id='word_1_644' title='bbox 2013 2648 2106 2685; x_wconf 84' lang='lat' dir='ltr'><strong>Sinis</strong></span> <span class='ocrx_word' id='word_1_645' title='bbox 2136 2649 2174 2686; x_wconf 75' lang='grc' dir='ltr'>δί</span> <span class='ocrx_word' id='word_1_646' title='bbox 2213 2650 2340 2689; x_wconf 82' lang='lat' dir='ltr'><strong>Sciron</strong></span> <span class='ocrx_word' id='word_1_647' title='bbox 2379 2651 2419 2690; x_wconf 69' lang='grc' dir='ltr'><strong>δε</strong></span> 
     </span>
     <span class='ocr_line' id='line_1_98' title="bbox 1382 2697 2420 2746; baseline 0.006 -11"><span class='ocrx_word' id='word_1_648' title='bbox 1382 2697 1586 2735; x_wconf 82' lang='lat' dir='ltr'><strong>Procrustes</strong></span> <span class='ocrx_word' id='word_1_649' title='bbox 1617 2698 1883 2746; x_wconf 81' lang='lat' dir='ltr'><strong>Polypemonis</strong></span> <span class='ocrx_word' id='word_1_650' title='bbox 1917 2697 2010 2741; x_wconf 90' lang='lat' dir='ltr'><strong>filii,</strong></span> <span class='ocrx_word' id='word_1_651' title='bbox 2050 2698 2070 2736; x_wconf 77' lang='lat' dir='ltr'><strong>a</strong></span> <span class='ocrx_word' id='word_1_652' title='bbox 2098 2700 2248 2738; x_wconf 89' lang='lat' dir='ltr'><strong>Theseo</strong></span> <span class='ocrx_word' id='word_1_653' title='bbox 2279 2702 2324 2741; x_wconf 87' lang='lat' dir='ltr'><strong>ad</strong></span> <span class='ocrx_word' id='word_1_654' title='bbox 2345 2702 2420 2741; x_wconf 91' lang='lat' dir='ltr'><strong>Ce-</strong></span> 
     </span>
     <span class='ocr_line' id='line_1_99' title="bbox 1383 2748 2421 2798; baseline 0.006 -12"><span class='ocrx_word' id='word_1_655' title='bbox 1383 2748 1522 2798; x_wconf 82' lang='lat' dir='ltr'><strong>phisuin</strong></span> <span class='ocrx_word' id='word_1_656' title='bbox 1549 2748 1703 2785; x_wconf 82' lang='lat' dir='ltr'><strong>fluvium</strong></span> <span class='ocrx_word' id='word_1_657' title='bbox 1722 2760 1805 2785; x_wconf 89' lang='lat' dir='ltr'><strong>cum</strong></span> <span class='ocrx_word' id='word_1_658' title='bbox 1832 2757 1930 2796; x_wconf 84' lang='lat' dir='ltr'><strong>patre</strong></span> <span class='ocrx_word' id='word_1_659' title='bbox 1951 2749 2059 2787; x_wconf 82' lang='lat' dir='ltr'><strong>occisi</strong></span> <span class='ocrx_word' id='word_1_660' title='bbox 2076 2750 2166 2788; x_wconf 92' lang='lat' dir='ltr'><strong>sunt.</strong></span> <span class='ocrx_word' id='word_1_661' title='bbox 2221 2752 2421 2792; x_wconf 77' lang='lat' dir='ltr'><strong>INTERPR·</strong></span> 
     </span>
     <span class='ocr_line' id='line_1_100' title="bbox 1387 2799 2418 2850; baseline 0.007 -14"><span class='ocrx_word' id='word_1_662' title='bbox 1387 2801 1502 2836; x_wconf 79' lang='lat' dir='ltr'><strong>Hunc</strong></span> <span class='ocrx_word' id='word_1_663' title='bbox 1519 2799 1705 2836; x_wconf 85' lang='lat' dir='ltr'><strong>Pausanias</strong></span> <span class='ocrx_word' id='word_1_664' title='bbox 1723 2799 1759 2835; x_wconf 90' lang='lat' dir='ltr'><strong>in</strong></span> <span class='ocrx_word' id='word_1_665' title='bbox 1775 2799 1906 2837; x_wconf 79' lang='lat' dir='ltr'><strong>Atticis</strong></span> <span class='ocrx_word' id='word_1_666' title='bbox 1918 2800 2048 2838; x_wconf 81' lang='lat' dir='ltr'><strong>Pitthei</strong></span> <span class='ocrx_word' id='word_1_667' title='bbox 2070 2803 2302 2850; x_wconf 78' lang='lat' dir='ltr'><strong>cognati-onis</strong></span> <span class='ocrx_word' id='word_1_668' title='bbox 2314 2803 2418 2842; x_wconf 74' lang='lat' dir='ltr'><strong>fuisse</strong></span> 
     </span>
     <span class='ocr_line' id='line_1_101' title="bbox 1386 2850 2417 2903; baseline 0.005 -16"><span class='ocrx_word' id='word_1_669' title='bbox 1386 2850 1518 2892; x_wconf 86' lang='lat' dir='ltr'><strong>tradit,</strong></span> <span class='ocrx_word' id='word_1_670' title='bbox 1546 2850 1770 2898; x_wconf 84' lang='lat' dir='ltr'><strong>affinemque</strong></span> <span class='ocrx_word' id='word_1_671' title='bbox 1792 2851 1950 2892; x_wconf 74' lang='lat' dir='ltr'><strong>Thesei,</strong></span> <span class='ocrx_word' id='word_1_672' title='bbox 1980 2863 2022 2888; x_wconf 86' lang='lat' dir='ltr'><strong>ac</strong></span> <span class='ocrx_word' id='word_1_673' title='bbox 2035 2862 2181 2900; x_wconf 85' lang='lat' dir='ltr'><strong>propter</strong></span> <span class='ocrx_word' id='word_1_674' title='bbox 2194 2855 2270 2903; x_wconf 81' lang='lat' dir='ltr'><strong>ejus</strong></span> <span class='ocrx_word' id='word_1_675' title='bbox 2283 2865 2417 2893; x_wconf 86' lang='lat' dir='ltr'><strong>necem</strong></span> 
     </span>
     <span class='ocr_line' id='line_1_102' title="bbox 1388 2900 2420 2949; baseline 0.005 -11"><span class='ocrx_word' id='word_1_676' title='bbox 1388 2901 1576 2939; x_wconf 80' lang='lat' dir='ltr'><strong>Theseum</strong></span> <span class='ocrx_word' id='word_1_677' title='bbox 1601 2913 1619 2937; x_wconf 90' lang='lat' dir='ltr'><strong>a</strong></span> <span class='ocrx_word' id='word_1_678' title='bbox 1642 2900 1872 2949; x_wconf 82' lang='lat' dir='ltr'><strong>Phytalifiliis</strong></span> <span class='ocrx_word' id='word_1_679' title='bbox 1893 2900 2186 2941; x_wconf 75' lang='lat' dir='ltr'><strong>t&#39;uisselustratum</strong></span> <span class='ocrx_word' id='word_1_680' title='bbox 2201 2932 2211 2948; x_wconf 91' lang='lat'><strong>,</strong></span> <span class='ocrx_word' id='word_1_681' title='bbox 2239 2903 2420 2944; x_wconf 86' lang='lat' dir='ltr'><strong>Plutarch.</strong></span> 
     </span>
     <span class='ocr_line' id='line_1_103' title="bbox 1387 2951 2415 2994; baseline 0.004 -4"><span class='ocrx_word' id='word_1_682' title='bbox 1387 2952 1423 2990; x_wconf 87' lang='lat' dir='ltr'><strong>in</strong></span> <span class='ocrx_word' id='word_1_683' title='bbox 1453 2951 1603 2990; x_wconf 86' lang='lat' dir='ltr'><strong>Theseo</strong></span> <span class='ocrx_word' id='word_1_684' title='bbox 1634 2952 1672 2988; x_wconf 74' lang='grc' dir='ltr'><strong>δε</strong></span> <span class='ocrx_word' id='word_1_685' title='bbox 1704 2952 1887 2989; x_wconf 79' lang='lat' dir='ltr'><strong>Lucianus</strong></span> <span class='ocrx_word' id='word_1_686' title='bbox 1917 2953 1951 2989; x_wconf 87' lang='lat' dir='ltr'><strong>in</strong></span> <span class='ocrx_word' id='word_1_687' title='bbox 1985 2953 2145 2990; x_wconf 86' lang='lat' dir='ltr'><strong>secundo</strong></span> <span class='ocrx_word' id='word_1_688' title='bbox 2171 2953 2415 2994; x_wconf 86' lang='lat' dir='ltr'><strong>veridicarum</strong></span> 
     </span>
     <span class='ocr_line' id='line_1_104' title="bbox 1385 3003 2417 3053; baseline 0.002 -12"><span class='ocrx_word' id='word_1_689' title='bbox 1385 3004 1637 3041; x_wconf 86' lang='lat' dir='ltr'><strong>narrationum</strong></span> <span class='ocrx_word' id='word_1_690' title='bbox 1663 3003 1921 3051; x_wconf 65' lang='lat' dir='ltr'><strong>Pityocampum</strong></span> <span class='ocrx_word' id='word_1_691' title='bbox 1950 3004 2152 3052; x_wconf 88' lang='lat' dir='ltr'><strong>appellant,</strong></span> <span class='ocrx_word' id='word_1_692' title='bbox 2182 3004 2217 3042; x_wconf 90' lang='lat' dir='ltr'><strong>id</strong></span> <span class='ocrx_word' id='word_1_693' title='bbox 2240 3005 2287 3041; x_wconf 88' lang='lat' dir='ltr'><strong>est</strong></span> <span class='ocrx_word' id='word_1_694' title='bbox 2311 3007 2417 3053; x_wconf 91' lang='lat' dir='ltr'><strong>pinus</strong></span> 
     </span>
     <span class='ocr_line' id='line_1_105' title="bbox 1383 3053 2419 3102; baseline 0.003 -10"><span class='ocrx_word' id='word_1_695' title='bbox 1383 3056 1550 3102; x_wconf 80' lang='lat' dir='ltr'><strong>piceasve</strong></span> <span class='ocrx_word' id='word_1_696' title='bbox 1580 3053 1724 3091; x_wconf 88' lang='lat' dir='ltr'><strong>arbores</strong></span> <span class='ocrx_word' id='word_1_697' title='bbox 1751 3056 2018 3091; x_wconf 86' lang='lat' dir='ltr'><strong>incurvantem.</strong></span> <span class='ocrx_word' id='word_1_698' title='bbox 2073 3054 2225 3091; x_wconf 68' lang='lat' dir='ltr'><strong>Consr.</strong></span> <span class='ocrx_word' id='word_1_699' title='bbox 2250 3055 2344 3094; x_wconf 57' lang='lat' dir='ltr'><strong>Fan.</strong></span> <span class='ocrx_word' id='word_1_700' title='bbox 2374 3063 2419 3095; x_wconf 81' lang='lat' dir='ltr'><strong>Ut</strong></span> 
     </span>
     <span class='ocr_line' id='line_1_106' title="bbox 1382 3104 2417 3153; baseline 0.006 -12"><span class='ocrx_word' id='word_1_701' title='bbox 1382 3105 1499 3153; x_wconf 68' lang='lat' dir='ltr'><strong>scynis</strong></span> <span class='ocrx_word' id='word_1_702' title='bbox 1511 3108 1693 3151; x_wconf 57' lang='lat' dir='ltr'><strong>&amp;scyram</strong></span> <span class='ocrx_word' id='word_1_703' title='bbox 1705 3104 1816 3153; x_wconf 81' lang='lat' dir='ltr'><strong>vulgo</strong></span> <span class='ocrx_word' id='word_1_704' title='bbox 1829 3105 1978 3153; x_wconf 83' lang='lat' dir='ltr'><strong>quidem</strong></span> <span class='ocrx_word' id='word_1_705' title='bbox 1991 3105 2334 3152; x_wconf 83' lang='lat' dir='ltr'><strong>legitur.Caeterum</strong></span> <span class='ocrx_word' id='word_1_706' title='bbox 2350 3119 2417 3146; x_wconf 89' lang='lat' dir='ltr'><strong>ne-</strong></span> 
     </span>
     <span class='ocr_line' id='line_1_107' title="bbox 1382 3154 2421 3204; baseline 0.006 -12"><span class='ocrx_word' id='word_1_707' title='bbox 1382 3167 1455 3203; x_wconf 88' lang='lat' dir='ltr'><strong>que</strong></span> <span class='ocrx_word' id='word_1_708' title='bbox 1470 3155 1600 3203; x_wconf 62' lang='lat' dir='ltr'><strong>scynis,</strong></span> <span class='ocrx_word' id='word_1_709' title='bbox 1613 3164 1651 3192; x_wconf 88' lang='lat' dir='ltr'><strong>ut</strong></span> <span class='ocrx_word' id='word_1_710' title='bbox 1668 3155 1778 3202; x_wconf 79' lang='lat' dir='ltr'><strong>vulgo</strong></span> <span class='ocrx_word' id='word_1_711' title='bbox 1794 3167 1937 3204; x_wconf 86' lang='lat' dir='ltr'><strong>:neque</strong></span> <span class='ocrx_word' id='word_1_712' title='bbox 1950 3154 2100 3199; x_wconf 79' lang='lat' dir='ltr'><strong>Schinos,</strong></span> <span class='ocrx_word' id='word_1_713' title='bbox 2112 3165 2151 3192; x_wconf 87' lang='lat' dir='ltr'><strong>ut</strong></span> <span class='ocrx_word' id='word_1_714' title='bbox 2162 3156 2256 3204; x_wconf 86' lang='lat' dir='ltr'><strong>apud</strong></span> <span class='ocrx_word' id='word_1_715' title='bbox 2272 3158 2421 3197; x_wconf 50' lang='lat' dir='ltr'><strong>Diodoss</strong></span> 
     </span>
     <span class='ocr_line' id='line_1_108' title="bbox 1381 3205 2417 3258; baseline 0.003 -14"><span class='ocrx_word' id='word_1_716' title='bbox 1381 3217 1463 3244; x_wconf 89' lang='lat' dir='ltr'><strong>rum</strong></span> <span class='ocrx_word' id='word_1_717' title='bbox 1483 3218 1491 3242; x_wconf 73' lang='grc' dir='ltr'>ε</span> <span class='ocrx_word' id='word_1_718' title='bbox 1533 3217 1653 3254; x_wconf 88' lang='lat' dir='ltr'><strong>neque</strong></span> <span class='ocrx_word' id='word_1_719' title='bbox 1683 3207 1792 3243; x_wconf 88' lang='lat' dir='ltr'><strong>etiam</strong></span> <span class='ocrx_word' id='word_1_720' title='bbox 1812 3206 1948 3249; x_wconf 79' lang='lat' dir='ltr'><strong>sinnis,</strong></span> <span class='ocrx_word' id='word_1_721' title='bbox 1979 3218 2029 3241; x_wconf 85' lang='lat' dir='ltr'><strong>nn</strong></span> <span class='ocrx_word' id='word_1_722' title='bbox 2053 3205 2200 3252; x_wconf 90' lang='lat' dir='ltr'><strong>duplice</strong></span> <span class='ocrx_word' id='word_1_723' title='bbox 2219 3236 2229 3252; x_wconf 93' lang='lat'>‚</span> <span class='ocrx_word' id='word_1_724' title='bbox 2257 3217 2298 3248; x_wconf 89' lang='lat' dir='ltr'><strong>ut</strong></span> <span class='ocrx_word' id='word_1_725' title='bbox 2319 3211 2417 3258; x_wconf 86' lang='lat' dir='ltr'><strong>apud</strong></span> 
     </span>
     <span class='ocr_line' id='line_1_109' title="bbox 1382 3255 2418 3310; baseline 0.003 -14"><span class='ocrx_word' id='word_1_726' title='bbox 1382 3256 1641 3304; x_wconf 78' lang='lat' dir='ltr'><strong>Plutarchum,</strong></span> <span class='ocrx_word' id='word_1_727' title='bbox 1669 3256 1768 3297; x_wconf 68' lang='lat' dir='ltr'><strong>reete</strong></span> <span class='ocrx_word' id='word_1_728' title='bbox 1788 3257 1941 3306; x_wconf 82' lang='lat' dir='ltr'><strong>legitur:</strong></span> <span class='ocrx_word' id='word_1_729' title='bbox 1969 3255 2029 3309; x_wconf 79' lang='lat' dir='ltr'><strong>sed</strong></span> <span class='ocrx_word' id='word_1_730' title='bbox 2050 3257 2164 3310; x_wconf 62' lang='lat' dir='ltr'><strong>§ini-5,</strong></span> <span class='ocrx_word' id='word_1_731' title='bbox 2191 3269 2268 3308; x_wconf 88' lang='lat' dir='ltr'><strong>quo</strong></span> <span class='ocrx_word' id='word_1_732' title='bbox 2290 3262 2418 3299; x_wconf 82' lang='lat' dir='ltr'><strong>nomi-</strong></span> 
     </span>
    </p>

    <p class='ocr_par' dir='ltr' id='par_1_22' title="bbox 2366 3322 2418 3351">
     <span class='ocr_line' id='line_1_110' title="bbox 2366 3322 2418 3351; baseline 0.019 -1"><span class='ocrx_word' id='word_1_733' title='bbox 2366 3322 2418 3351; x_wconf 69' lang='lat' dir='ltr'><strong>ne</strong></span> 
     </span>
    </p>
   </div>
   <div class='ocr_carea' id='block_1_20' title="bbox 2525 0 2547 536">
    <p class='ocr_par' dir='ltr' id='par_1_23' title="bbox 2525 0 2547 536">
     <span class='ocr_line' id='line_1_111' title="bbox 2525 0 2547 536; baseline 0 3172"><span class='ocrx_word' id='word_1_734' title='bbox 2525 0 2547 536; x_wconf 95' lang='lat' dir='ltr'><strong> </strong></span> 
     </span>
    </p>
   </div>
   <div class='ocr_carea' id='block_1_21' title="bbox 2261 464 2547 528">
    <p class='ocr_par' dir='ltr' id='par_1_24' title="bbox 2261 464 2547 528">
     <span class='ocr_line' id='line_1_112' title="bbox 2261 464 2547 528; baseline 0 0"><span class='ocrx_word' id='word_1_735' title='bbox 2261 470 2403 528; x_wconf 79' lang='lat' dir='ltr'><strong>Cor-</strong></span> <span class='ocrx_word' id='word_1_736' title='bbox 2464 464 2468 468; x_wconf 56' lang='grc'><strong>’</strong></span> <span class='ocrx_word' id='word_1_737' title='bbox 2542 500 2547 519; x_wconf 49' lang='lat'><strong>&gt;1</strong></span> 
     </span>
    </p>
   </div>
   <div class='ocr_carea' id='block_1_22' title="bbox 2514 1054 2543 1338">
    <p class='ocr_par' dir='ltr' id='par_1_25' title="bbox 2514 1054 2543 1338">
     <span class='ocr_line' id='line_1_113' title="bbox 2514 1054 2543 1338; textangle 90"><span class='ocrx_word' id='word_1_738' title='bbox 2518 1311 2528 1338; x_wconf 51' lang='lat' dir='ltr'><strong>*r</strong></span> <span class='ocrx_word' id='word_1_739' title='bbox 2518 1191 2540 1289; x_wconf 48' lang='grc' dir='ltr'><strong>ρεπεν</strong></span> <span class='ocrx_word' id='word_1_740' title='bbox 2537 1169 2542 1173; x_wconf 79' lang='grc'><strong>,</strong></span> <span class='ocrx_word' id='word_1_741' title='bbox 2514 1054 2543 1154; x_wconf 38' lang='lat' dir='ltr'><strong>izi-33¹·</strong></span> 
     </span>
    </p>
   </div>
   <div class='ocr_carea' id='block_1_23' title="bbox 2532 1347 2547 1440">
    <p class='ocr_par' dir='ltr' id='par_1_26' title="bbox 2532 1347 2547 1440">
     <span class='ocr_line' id='line_1_114' title="bbox 2532 1347 2547 1440; textangle 90"><span class='ocrx_word' id='word_1_742' title='bbox 2540 1406 2547 1440; x_wconf 42' lang='lat' dir='ltr'><strong>uf.</strong></span> <span class='ocrx_word' id='word_1_743' title='bbox 2532 1372 2547 1398; x_wconf 71' lang='grc' dir='ltr'>Υ</span> <span class='ocrx_word' id='word_1_744' title='bbox 2543 1347 2547 1362; x_wconf 32' lang='lat' dir='ltr'><strong>-q</strong></span> 
     </span>
    </p>
   </div>
   <div class='ocr_carea' id='block_1_24' title="bbox 2516 1364 2547 1672">
    <p class='ocr_par' dir='ltr' id='par_1_27' title="bbox 2516 1364 2547 1672">
     <span class='ocr_line' id='line_1_115' title="bbox 2516 1364 2547 1672; textangle 90"><span class='ocrx_word' id='word_1_745' title='bbox 2519 1634 2537 1672; x_wconf 80' lang='lat'><strong>·-&#39;·</strong></span> <span class='ocrx_word' id='word_1_746' title='bbox 2516 1364 2547 1622; x_wconf 49' lang='lat' dir='ltr'><strong>3rtzr5ssreitrkv‘·2-‘&#39;³</strong></span> 
     </span>
    </p>
   </div>
   <div class='ocr_carea' id='block_1_25' title="bbox 2516 1662 2547 1885">
    <p class='ocr_par' dir='ltr' id='par_1_28' title="bbox 2516 1662 2547 1885">
     <span class='ocr_line' id='line_1_116' title="bbox 2516 1662 2547 1885; textangle 90"><span class='ocrx_word' id='word_1_747' title='bbox 2527 1877 2531 1885; x_wconf 79' lang='grc'><strong>”</strong></span> <span class='ocrx_word' id='word_1_748' title='bbox 2523 1855 2545 1867; x_wconf 63' lang='lat' dir='ltr'><strong>a*</strong></span> <span class='ocrx_word' id='word_1_749' title='bbox 2528 1815 2545 1825; x_wconf 75' lang='lat'><strong>1.</strong></span> <span class='ocrx_word' id='word_1_750' title='bbox 2528 1773 2547 1806; x_wconf 50' lang='lat' dir='ltr'><strong>ft.</strong></span> <span class='ocrx_word' id='word_1_751' title='bbox 2516 1662 2547 1767; x_wconf 51' lang='lat'><strong>2³33*-</strong></span> 
     </span>
    </p>
   </div>
  </div>
 </body>
</html>
