2547 3708
362 134 430 188 54
991 118 1505 173 P.0V13D11
1569 117 1841 170 VITA

431 211 645 265 Alterum
669 232 781 266 vero
806 216 932 281 quod
965 218 1160 276 attinet,
1195 218 1276 281 qui
1301 218 1534 267 fribunatu
1564 214 1645 262 sub
1662 214 1792 275 Julio
1812 211 2006 262 Caesare
2035 213 2086 262 in
2105 211 2227 261 bello
2254 213 2474 270 Africano
2509 232 2524 261 a

364 283 719 342 contra-Jubam
743 283 926 330 functus
948 299 1069 342 erat,
1105 285 1138 329 is
1173 281 1368 347 proinde
1392 283 1432 333 ἐς
1457 280 1647 338 &anetae
1672 270 1842 327 ἐλπίδα.
1876 281 1920 324 in
1936 278 2054 340 spem
2077 280 2319 327 Senatoriae
2345 284 2474 346 digni.

365 350 471 393 tatis
506 347 734 395 l'ribunus
759 347 876 408 fuit,
912 361 963 394 ut
990 349 1085 395 Dio
1111 348 1166 394 de
1190 351 1310 408 Julio
1344 346 1563 406 Calvastro
1597 345 1835 407 loquitur,
1869 355 2006 404 atque
2040 344 2206 390 militia
2238 361 2480 406 promotus
2524 348 2531 360 ⁶

365 411 433 457 est
459 411 513 457 ad
541 413 790 470 Senatum,
827 412 1214 476 quemadmodum
1238 415 1285 459 &
1311 411 1407 458 aliis
1438 409 1683 474 contigisse
1709 409 1840 472 plura
1870 407 2044 454 docent
2077 409 2289 472 exempla
2323 412 2476 474 paffim

366 475 417 522 in
445 476 654 523 Historia
680 478 780 524 satis
809 478 960 525 obvia.
1035 478 1260 542 Adeoque
1282 477 1445 522 frustra
1467 475 1532 532 est
1548 472 1734 538 Lipsius
1750 507 1765 533 ,
1801 473 1879 535 qui
1905 472 1998 520 hoc
2016 472 2070 520 ad
2094 474 2385 539 Tribunatus
2402 476 2488 538 jul
2532 487 2547 534 f

301 585 313 594 .
366 555 415 590 ra
436 540 605 599 refert,
629 542 754 604 quafi
777 542 881 588 inde
907 544 1164 604 priores-ex
1188 542 1333 589 XIV.
1362 540 1712 603 Amphitheatri
1736 536 2220 602 gradibuspatuissent
2233 538 2482 602 Tribunis3
2544 583 2547 602 3

368 605 495 667 quod
512 607 607 667 jam
633 607 678 651 in
702 607 893 652 Horatii
919 607 1031 653 Vita
1054 609 1107 665 (a'
1138 606 1498 652 confutavimus.

435 670 527 715 III.
563 669 638 714 Ad
663 671 774 716 haec
798 686 986 734 qnoque
1009 684 1223 733 tempora
1252 672 1419 718 referre
1430 671 1646 732 juvenilia
1669 669 1871 716 Nasonis
1896 670 2083 715 carmina
2105 667 2243 728 licet,
2277 685 2335 718 ex
2360 670 2478 721 hisce

368 733 514 781 Trist.
539 732 648 780 Lib.
673 734 763 781 IV.
791 736 865 782 El.
892 736 958 782 X.
984 752 1098 783 vers.
1129 734 1297 798 54·58.
2464 755 2502 803 2¹*
2534 732 2538 753 ³

561 800 762 861 Notaque
782 817 862 848 non
881 802 1002 848 tarde
1014 802 1141 864 fabia
1165 799 1319 848 Thalia
1346 817 1435 848 mea
1457 802 1526 863 est.

497 861 715 911 Carmina
733 881 824 912 cum
843 870 1028 927 primurn
1045 869 1189 928 populo
1208 867 1431 931 juvenilia
1455 869 1532 930 legi
1544 888 1561 924 3

559 930 709 975 Barba
735 930 883 994 resetta
906 933 1010 978 mibi
1032 933 1144 995 bisve
1153 932 1335 994 semelve
1345 931 1455 993 fuit.

365 980 563 1039 Barbam
586 994 774 1055 quidem
797 997 1003 1042 Rotnani
1026 998 1261 1060 ponebant
1283 996 1444 1053 serius,
1479 995 1645 1050 citius;
1681 992 1753 1039 sed
1776 993 2048 1057 plerumque
2067 992 2149 1040 sub
2171 1009 2339 1041 annum
2363 998 2505 1045 aeta-'1‘

368 1058 428 1103 tis
455 1056 626 1104 XXII.
657 1059 821 1121 Lipsio
852 1060 942 1121 (b)
966 1061 1175 1125 placebat
1202 1061 1348 1107 XXI.
1376 1061 1622 1108 [Macrobius
1655 1069 1789 1117 certe,
1825 1058 1917 1116 ait,
1951 1061 1996 1104 in
2020 1057 2156 1120 somn.
2188 1060 2385 1121 Scipionis
2415 1074 2484 1125 ter

365 1121 669 1185 septenarium
693 1139 939 1171 numerum
961 1127 1129 1189 requiri
1156 1125 1209 1172 ad
1233 1124 1476 1172 radendam
1497 1125 1684 1171 barbam
1707 1124 1974 1185 adfirmavit.
2010 1122 2085 1169 Cl.
2101 1125 2238 1171 etiam
2253 1126 2482 1174 Dodwel-

367 1185 437 1234 lus
462 1188 558 1248 (c),
593 1200 644 1234 ut
680 1189 849 1250 probet
882 1189 1067 1238 barbam
1107 1207 1227 1237 anno
1265 1192 1422 1239 aetatis
1453 1190 1600 1237 XX1.
1635 1186 1773 1240 rasam
1811 1188 1968 1247 fuiffe,
2002 1187 2056 1235 ad
2089 1189 2211 1235 idem
2245 1191 2487 1257 Macrobii!

369 1268 514 1314 opus,
550 1253 681 1300 nullo
714 1254 832 1301 libro
859 1256 1069 1319 capiteve
1091 1256 1274 1319 prolato
1293 1290 1307 1316 ,
1344 1272 1427 1303 nos
1450 1254 1674 1302 amandat.
1744 1254 1810 1300 At
1842 1270 1952 1300 cum
1979 1266 2134 1300 totum
2162 1255 2501 1317 pervolverem-³

366 1333 483 1379 opus
500 1350 513 1375 ,
548 1317 657 1364 haec
680 1319 821 1367 modo
846 1319 1168 1368 succurrerunt
1193 1321 1299 1368 Lib.
1329 1322 1366 1367 Ι.
1394 1338 1436 1368 c.
1461 1327 1507 1368 6.
1540 1319 1701 1367 verba:
1738 1319 1838 1381 Post
1861 1330 1926 1366 ter
1945 1318 2130 1380 fieptenos
2150 1336 2276 1366 annos
2290 1321 2401 1381 flore
2415 1332 2499 1385 ge-'

367 1398 446 1428 uas
466 1382 588 1442 vestit
598 1383 798 1444 juventa.
866 1386 1020 1433 Citius
1053 1399 1208 1434 tamen
1240 1387 1415 1435 validae
1451 1385 1576 1449 signa
1609 1387 1822 1450 juventae
1854 1385 1984 1449 genis
2009 1382 2259 1447 irrepfiffe,
2292 1385 2502 1435 testatur*

371 1446 554 1494 Αιιᾶὶοῑ
579 1448 808 1496 Carminis
833 1451 887 1497 ad
910 1451 1150 1512 Pisonem,
1185 1467 1374 1499 canens:

568 1514 786 1578 ..Quamvis
805 1533 912 1562 aurio
931 1516 1109 1567 iuvenile
1128 1519 1246 1564 decus
1268 1517 1370 1564 mihi
1383 1519 1550 1579 pingere
1570 1517 1705 1563 malas

565 1580 777 1638 Coeperit,
811 1582 865 1633 {9²
892 1584 1069 1629 noudum
1093 1582 1308 1628 vicesima
1330 1584 1492 1628 venerit
1514 1581 1665 1628 aestas.
2492 1611 2501 1623 ·

370 1640 548 1688 Melius
582 1659 692 1690 vero
719 1645 793 1691 Cl.
815 1647 981 1709 Pagius
1006 1647 1072 1708 (d)
1099 1646 1218 1694 haud
1251 1649 1313 1694 ita
1345 1646 1520 1710 pridem
1561 1643 1960 1709 contraLipfium
1992 1645 2267 1704 contendit,
2297 1643 2490 1692 barbam

372 1705 430 1751 de
456 1723 584 1754 more
607 1724 727 1756 anno
750 1714 907 1758 aetatis
929 1712 1102 1760 XXII.
1137 1713 1360 1760 inchoato
1397 1716 1533 1759 rasam
1560 1711 1662 1758 effe.
1732 1712 1789 1757 In
1811 1709 2027 1772 exemplo
2063 1723 2218 1757 tamen
2245 1710 2344 1766 Caji
2366 1709 2499 1770 diffiq
2539 1744 2547 1765 2.

2544 1630 2547 1658 i

2539 1660 2547 1696 *l

2545 1715 2547 1735 i

372 1771 516 1819 cultas
537 1772 687 1820 adhuc
712 1773 924 1838 superest.
993 1779 1041 1825 Si
1067 1779 1276 1826 Suetonii
1303 1777 1452 1825 verbis
1475 1777 1822 1836 adhaereamus,
1858 1775 1998 1837 Cajus
2019 1777 2206 1836 vicestmo
2233 1779 2389 1823 aetatis
2411 1775 2513 1825 art-⁹
2539 1768 2547 1820 f*

370 1852 420 1881 no
444 1841 599 1884 accitus
623 1843 807 1900 Capreas
829 1844 856 1888 a
880 1841 1068 1903 Tiberio,
1103 1861 1181 1890 uuo
1215 1845 1423 1906 eodemque
1459 1845 1524 1890 die
1555 1854 1691 1905 togam
1710 1841 1886 1904 sumflt,
1921 1842 2174 1901 barbamque
2202 1840 2353 1901 poſjcit.
2422 1841 2491 1889 At

372 1900 500 1948 hunc
523 1903 682 1950 locum
708 1906 772 1951 ita
794 1907 958 1970 Pagius
980 1911 1206 1971 exponit,
1241 1922 1294 1955 ut
1318 1907 1580 1972 significet,
1615 1907 1786 1971 Cajum
1808 1905 1926 1953 XX.
1951 1906 2109 1951 aetatis
2140 1921 2261 1952 anno
2291 1905 2492 1969 Capreas
2540 1951 2542 1954 ,

369 1966 568 2026 venisse,
604 1969 695 2014 hoc
720 1970 785 2016 est
809 1988 927 2018 anno
952 1972 1012 2018 C.
1038 1974 1261 2020 XXXII.
1298 1974 1432 2035 (male
1455 1973 1577 2035 apud
1604 1973 1800 2035 Pagium
1828 1969 2047 2026 XXXI.)
2084 1986 2180 2033 quo
2205 1969 2347 2034 Cajus
2377 1969 2506 2018 xxi*

374 2031 632 2093 complevit
656 2032 785 2080 suum
803 2056 818 2090 3
856 2035 1019 2084 deinde
1039 2054 1161 2085 anno
1186 2038 1243 2085 C.
1258 2039 1510 2085 XXXIII.
1536 2053 1631 2101 quo
1654 2038 1797 2096 Caius
1819 2035 1987 2083 ultimo
2010 2034 2172 2082 mensis
2195 2035 2396 2098 Augusti
2416 2034 2507 2081 die?

374 2110 544 2141 annum
568 2100 726 2144 aetatis
748 2100 905 2147 XXII
945 2102 1166 2166 ingr-effus
1190 2103 1280 2163 est,
1315 2117 1482 2168 togam·
1501 2102 1683 2149 virilem
1714 2100 1939 2159 sumfiffe,
1972 2100 2251 2170 barbamque
2283 2097 2506 2161 posuisse:
2541 2088 2544 2096 Δ

376 2157 513 2215 Qae
535 2161 855 2224 interpretatio
880 2168 1016 2212 nimis
1041 2182 1258 2215 contorta
1290 2169 1378 2215 illis
1401 2184 1495 2215 non
1518 2167 1781 2223 videbitur,
1815 2167 1895 2226 qui
1919 2163 2287 2222 observaverint,
2323 2164 2521 2210 Sueto-11>

377 2223 507 2269 nium
531 2223 685 2287 paffim
722 2241 817 2273 uno
845 2240 1007 2275 tenore
1040 2246 1220 2294 unaque
1251 2233 1444 2295 periodo
1473 2232 1628 2291 plures
1652 2230 1941 2291 conjungere
1965 2243 2062 2287 res,
2097 2227 2151 2275 ad
2181 2243 2374 2292 quarum
2398 2229 2523 2292 pri-'³3

379 2303 501 2334 marn
521 2289 665 2335 modo
691 2305 801 2338 nota
824 2294 1048 2358 temporis
1069 2295 1276 2359 apposita
1298 2294 1583 2359 specstaverit.

444 2353 518 2399 Ut
541 2367 594 2400 ut
621 2353 704 2414 fit,
738 2355 837 2403 satis
861 2358 925 2404 est
947 2360 1120 2407 novisse
1146 2360 1384 2407 Nasonem
1413 2359 1602 2406 circiter
1624 2359 1742 2406 hanc
1766 2370 1961 2405 aetatem
1988 2356 2036 2403 &
2061 2356 2245 2405 barbam
2274 2374 2361 2421 pro
2390 2374 2508 2408 mo--z

380 2431 429 2463 re
453 2415 701 2466 solenniter
724 2421 1006 2482 resecavifl'e,
1041 2424 1090 2471 ὃ(-
1110 2426 1325 2486 juvenilia
1353 2426 1500 2488 populo
1531 2426 1690 2487 legiffie,
1726 2424 1818 2471 hoc
1856 2423 1948 2483 est,
1984 2423 2185 2469 recitaffe
2211 2423 2265 2471 ad
2298 2423 2511 2472 aliorum*

381 2481 520 2541 hujus
542 2485 639 2531 aevi
665 2486 918 2533 Poetarum
945 2488 1108 2548 instar,
1145 2506 1341 2554 quorum
1365 2488 1741 2537 consuetudinem
1771 2488 1945 2536 indicat
1979 2488 2029 2537 ὅτ,
2059 2489 2266 2554 exagitat
2285 2491 2496 2544 Horatius*
2516 2516 2520 2519 μ
2544 2482 2545 2486 “

386 2545 569 2596 Nostro
591 2563 817 2612 coaevuS,
851 2552 961 2599 Lib.
989 2554 1026 2600 Ι.
1052 2554 1146 2602 Sat.
1177 2555 1265 2603 IV.
1290 2571 1406 2603 vers.
1432 2567 1604 2616 73-77.

579 2617 685 2663 Nou
707 2618 853 2664 recito
878 2621 1097 2680 cuiquam,
1130 2622 1208 2682 nist
1227 2624 1370 2666 amicis
1385 2655 1401 2680 ,
1431 2622 1552 2682 idque
1576 2624 1759 2667 coaetus:

582 2683 688 2728 Non
708 2683 847 2728 ubivis
860 2716 874 2741 ,
908 2699 1101 2731 coramve
1120 2686 1378 2747 quibuslibet.
1415 2686 1468 2731 In
1487 2686 1616 2732 medio
1635 2688 1705 2747 qui
2488 2686 2522 2755 Jss

587 2747 753 2806 Scripta
776 2748 880 2793 Foro
904 2748 1132 2809 recitent,
1152 2750 1257 2815 sunt
1275 2753 1399 2798 multi
1417 2768 1427 2798 :
1463 2753 1609 2813 quique
1633 2753 1849 2799 lavantes:

588 2811 729 2857 Suave
749 2814 853 2858 locus
877 2816 968 2860 voci
987 2813 1148 2876 refhuat
1170 2815 1395 2879 conclustts:
1431 2818 1590 2864 inaneis

586 2875 680 2921 Hoc
709 2876 838 2922 uvat.
2459 2907 2468 2914 ²

397 2999 406 3006 ·
460 2936 548 2983 IV.
578 2893 864 2998 Juveynilium
889 2953 1042 2990 autem
1069 2944 1235 2993 Ovidii
1260 2946 1533 2994 Carminum
1557 2962 1672 3011 quae
1694 2945 1941 3011 praecipua
1962 2943 2102 2996 suerit
2132 2944 2351 3004 materia,
2384 2955 2499 2992 mox

394 2999 584 3063 ipsemet
606 3005 779 3067 aperit,
815 3006 970 3054 eadem
992 3007 1156 3073 Elegia
1180 3027 1296 3059 vers.
1323 3025 1403 3075 59.
1419 3018 1498 3059 60.
2396 3007 2495 3060 M0·

451 3094 511 3144 (a)
543 3093 634 3145 pag.
658 3095 847 3139 1¹6-118.

452 3147 517 3198 (b)
547 3146 709 3190 Excurs³
733 3149 765 3190 B
798 3150 839 3192 in
860 3151 996 3196 Tacit.
1020 3155 1232 3203 Ann.x1v.

454 3201 517 3248 (c)
546 3202 700 3246 Annal.
722 3204 895 3256 Quintil.
917 3222 952 3260 p.
974 3220 1035 3262 79.

455 3253 521 3305 (d)
551 3254 693 3302 Critic.
714 3257 756 3301 in
778 3259 931 3306 Annal.
947 3262 1098 3309 Baton.
1120 3265 1172 3313 ad
1190 3266 1271 3315 An.
1292 3263 1346 3315 C.
1363 3264 1541 3314 LV1.·n.
1564 3280 1604 3313 2.
