<?xml version="1.0" encoding="UTF-8"?>
<!DOCTYPE html PUBLIC "-//W3C//DTD XHTML 1.0 Transitional//EN"
    "http://www.w3.org/TR/xhtml1/DTD/xhtml1-transitional.dtd">
<html xmlns="http://www.w3.org/1999/xhtml" xml:lang="en" lang="en">
 <head>
  <title>
</title>
<meta http-equiv="Content-Type" content="text/html;charset=utf-8" />
  <meta name='ocr-system' content='tesseract 3.04.00' />
  <meta name='ocr-capabilities' content='ocr_page ocr_carea ocr_par ocr_line ocrx_word'/>
</head>
<body>
  <div class='ocr_page' id='page_1' title='image "./publiiovidiinaso04ovid_0316.png"; bbox 0 0 2547 3708; ppageno 0'>
   <div class='ocr_carea' id='block_1_1' title="bbox 354 121 1943 215">
    <p class='ocr_par' dir='ltr' id='par_1_1' title="bbox 354 121 1943 215">
     <span class='ocr_line' id='line_1_1' title="bbox 354 121 1943 215; baseline -0.008 -15"><span class='ocrx_word' id='word_1_1' title='bbox 354 121 461 215; x_wconf 51' lang='lat'>’134</span> <span class='ocrx_word' id='word_1_2' title='bbox 880 131 1943 198; x_wconf 46' lang='lat' dir='ltr'>DEDICATtoNes211⁴</span> 
     </span>
    </p>
   </div>
   <div class='ocr_carea' id='block_1_2' title="bbox 360 233 2547 3228">
    <p class='ocr_par' dir='ltr' id='par_1_2' title="bbox 370 233 2545 368">
     <span class='ocr_line' id='line_1_2' title="bbox 370 233 2545 300; baseline 0.003 -16"><span class='ocrx_word' id='word_1_3' title='bbox 370 250 422 285; x_wconf 92' lang='lat' dir='ltr'>to</span> <span class='ocrx_word' id='word_1_4' title='bbox 459 237 652 285; x_wconf 83' lang='lat' dir='ltr'>clariora</span> <span class='ocrx_word' id='word_1_5' title='bbox 690 236 787 285; x_wconf 82' lang='lat' dir='ltr'>fieri</span> <span class='ocrx_word' id='word_1_6' title='bbox 822 249 959 300; x_wconf 90' lang='lat' dir='ltr'>atque</span> <span class='ocrx_word' id='word_1_7' title='bbox 991 235 1203 283; x_wconf 83' lang='lat' dir='ltr'>illustrari</span> <span class='ocrx_word' id='word_1_8' title='bbox 1244 233 1370 299; x_wconf 87' lang='lat' dir='ltr'>posse</span> <span class='ocrx_word' id='word_1_9' title='bbox 1399 233 1682 281; x_wconf 88' lang='lat' dir='ltr'>viderentur.</span> <span class='ocrx_word' id='word_1_10' title='bbox 1751 234 1953 281; x_wconf 76' lang='lat' dir='ltr'>Proinde</span> <span class='ocrx_word' id='word_1_11' title='bbox 1989 250 2096 281; x_wconf 86' lang='lat' dir='ltr'>cum</span> <span class='ocrx_word' id='word_1_12' title='bbox 2133 236 2305 285; x_wconf 86' lang='lat' dir='ltr'>amicus</span> <span class='ocrx_word' id='word_1_13' title='bbox 2331 240 2480 293; x_wconf 88' lang='lat' dir='ltr'>noster</span> <span class='ocrx_word' id='word_1_14' title='bbox 2539 267 2545 279; x_wconf 61' lang='lat'><em>2</em></span> 
     </span>
     <span class='ocr_line' id='line_1_3' title="bbox 372 297 2482 368; baseline 0.002 -20"><span class='ocrx_word' id='word_1_15' title='bbox 372 302 574 351; x_wconf 84' lang='lat' dir='ltr'>summus</span> <span class='ocrx_word' id='word_1_16' title='bbox 600 321 652 350; x_wconf 84' lang='lat' dir='ltr'>ac</span> <span class='ocrx_word' id='word_1_17' title='bbox 676 301 894 349; x_wconf 82' lang='lat' dir='ltr'>vetustiss.</span> <span class='ocrx_word' id='word_1_18' title='bbox 918 303 943 360; x_wconf 81' lang='lat' dir='ltr'><strong>J</strong></span> <span class='ocrx_word' id='word_1_19' title='bbox 951 301 1029 346; x_wconf 90' lang='lat' dir='ltr'>oh.</span> <span class='ocrx_word' id='word_1_20' title='bbox 1056 301 1349 364; x_wconf 85' lang='lat' dir='ltr'>Hervagius,</span> <span class='ocrx_word' id='word_1_21' title='bbox 1383 299 1436 346; x_wconf 87' lang='lat' dir='ltr'>ad</span> <span class='ocrx_word' id='word_1_22' title='bbox 1464 299 1664 360; x_wconf 87' lang='lat' dir='ltr'>reliquos</span> <span class='ocrx_word' id='word_1_23' title='bbox 1686 297 2002 345; x_wconf 82' lang='lat' dir='ltr'>bibliothecae</span> <span class='ocrx_word' id='word_1_24' title='bbox 2021 299 2121 346; x_wconf 70' lang='lat' dir='ltr'>filae</span> <span class='ocrx_word' id='word_1_25' title='bbox 2144 314 2350 364; x_wconf 77' lang='lat' dir='ltr'>autores,</span> <span class='ocrx_word' id='word_1_26' title='bbox 2366 322 2482 368; x_wconf 76' lang='lat' dir='ltr'>quos</span> 
     </span>
    </p>

    <p class='ocr_par' dir='ltr' id='par_1_3' title="bbox 370 361 2479 427">
     <span class='ocr_line' id='line_1_4' title="bbox 370 361 2479 427; baseline 0 -13"><span class='ocrx_word' id='word_1_27' title='bbox 370 368 448 414; x_wconf 85' lang='lat' dir='ltr'>ille</span> <span class='ocrx_word' id='word_1_28' title='bbox 471 369 648 415; x_wconf 79' lang='lat' dir='ltr'>diverso</span> <span class='ocrx_word' id='word_1_29' title='bbox 676 369 731 414; x_wconf 88' lang='lat' dir='ltr'>ab</span> <span class='ocrx_word' id='word_1_30' title='bbox 752 368 946 412; x_wconf 80' lang='lat' dir='ltr'>aliorum</span> <span class='ocrx_word' id='word_1_31' title='bbox 971 366 1177 412; x_wconf 87' lang='lat' dir='ltr'>moribus</span> <span class='ocrx_word' id='word_1_32' title='bbox 1199 380 1327 411; x_wconf 88' lang='lat' dir='ltr'>more</span> <span class='ocrx_word' id='word_1_33' title='bbox 1342 399 1357 424; x_wconf 90' lang='lat'>,</span> <span class='ocrx_word' id='word_1_34' title='bbox 1391 363 1725 427; x_wconf 68' lang='lat' dir='ltr'>antiquissimos</span> <span class='ocrx_word' id='word_1_35' title='bbox 1739 361 1860 422; x_wconf 86' lang='lat' dir='ltr'>fere,</span> <span class='ocrx_word' id='word_1_36' title='bbox 1895 379 2042 426; x_wconf 86' lang='lat' dir='ltr'>eoque</span> <span class='ocrx_word' id='word_1_37' title='bbox 2065 366 2203 411; x_wconf 86' lang='lat' dir='ltr'>etiam</span> <span class='ocrx_word' id='word_1_38' title='bbox 2226 368 2479 422; x_wconf 75' lang='lat' dir='ltr'>utilissimos</span> 
     </span>
    </p>

    <p class='ocr_par' dir='ltr' id='par_1_4' title="bbox 369 427 2478 497">
     <span class='ocr_line' id='line_1_5' title="bbox 369 427 2478 497; baseline 0.003 -20"><span class='ocrx_word' id='word_1_39' title='bbox 369 432 558 480; x_wconf 81' lang='lat' dir='ltr'>subinde</span> <span class='ocrx_word' id='word_1_40' title='bbox 592 435 713 496; x_wconf 86' lang='lat' dir='ltr'>typis</span> <span class='ocrx_word' id='word_1_41' title='bbox 737 431 823 477; x_wconf 86' lang='lat' dir='ltr'>suis</span> <span class='ocrx_word' id='word_1_42' title='bbox 845 432 1150 495; x_wconf 85' lang='lat' dir='ltr'>interpolare,</span> <span class='ocrx_word' id='word_1_43' title='bbox 1185 442 1322 493; x_wconf 89' lang='lat' dir='ltr'>atque</span> <span class='ocrx_word' id='word_1_44' title='bbox 1342 431 1390 475; x_wconf 92' lang='lat' dir='ltr'>in</span> <span class='ocrx_word' id='word_1_45' title='bbox 1412 430 1564 475; x_wconf 88' lang='lat' dir='ltr'>lucem</span> <span class='ocrx_word' id='word_1_46' title='bbox 1593 432 1781 474; x_wconf 81' lang='lat' dir='ltr'>mittere</span> <span class='ocrx_word' id='word_1_47' title='bbox 1804 427 1944 487; x_wconf 82' lang='lat' dir='ltr'>solet,</span> <span class='ocrx_word' id='word_1_48' title='bbox 1970 429 2134 475; x_wconf 76' lang='lat' dir='ltr'>Ovidii</span> <span class='ocrx_word' id='word_1_49' title='bbox 2159 446 2346 496; x_wconf 90' lang='lat' dir='ltr'>quoque</span> <span class='ocrx_word' id='word_1_50' title='bbox 2367 437 2478 497; x_wconf 80' lang='lat' dir='ltr'>poe&#39;-</span> 
     </span>
    </p>

    <p class='ocr_par' dir='ltr' id='par_1_5' title="bbox 372 491 2480 562">
     <span class='ocr_line' id='line_1_6' title="bbox 372 491 2480 562; baseline 0 -18"><span class='ocrx_word' id='word_1_51' title='bbox 372 512 492 546; x_wconf 87' lang='lat' dir='ltr'>mata</span> <span class='ocrx_word' id='word_1_52' title='bbox 523 499 758 546; x_wconf 79' lang='lat' dir='ltr'>additurus</span> <span class='ocrx_word' id='word_1_53' title='bbox 796 496 903 542; x_wconf 76' lang='lat' dir='ltr'>esset</span> <span class='ocrx_word' id='word_1_54' title='bbox 919 530 933 556; x_wconf 94' lang='lat'>,</span> <span class='ocrx_word' id='word_1_55' title='bbox 968 512 1110 560; x_wconf 87' lang='lat' dir='ltr'>eaque</span> <span class='ocrx_word' id='word_1_56' title='bbox 1134 494 1191 541; x_wconf 90' lang='lat' dir='ltr'>de</span> <span class='ocrx_word' id='word_1_57' title='bbox 1209 510 1258 541; x_wconf 90' lang='lat' dir='ltr'>re</span> <span class='ocrx_word' id='word_1_58' title='bbox 1281 493 1308 541; x_wconf 67' lang='lat' dir='ltr'>a</span> <span class='ocrx_word' id='word_1_59' title='bbox 1330 510 1404 540; x_wconf 88' lang='lat' dir='ltr'>me</span> <span class='ocrx_word' id='word_1_60' title='bbox 1425 492 1755 551; x_wconf 73' lang='lat' dir='ltr'><strong>contenderet,</strong></span> <span class='ocrx_word' id='word_1_61' title='bbox 1792 491 1821 538; x_wconf 86' lang='lat' dir='ltr'>fi</span> <span class='ocrx_word' id='word_1_62' title='bbox 1849 493 1955 556; x_wconf 89' lang='lat' dir='ltr'>quid</span> <span class='ocrx_word' id='word_1_63' title='bbox 1981 493 2194 541; x_wconf 86' lang='lat' dir='ltr'>haberem</span> <span class='ocrx_word' id='word_1_64' title='bbox 2210 530 2225 555; x_wconf 89' lang='lat'>,</span> <span class='ocrx_word' id='word_1_65' title='bbox 2260 499 2387 562; x_wconf 87' lang='lat' dir='ltr'>quod</span> <span class='ocrx_word' id='word_1_66' title='bbox 2411 503 2480 550; x_wconf 81' lang='lat' dir='ltr'>vel</span> 
     </span>
    </p>

    <p class='ocr_par' dir='ltr' id='par_1_6' title="bbox 369 558 2547 756">
     <span class='ocr_line' id='line_1_7' title="bbox 369 558 2539 626; baseline 0.002 -16"><span class='ocrx_word' id='word_1_67' title='bbox 369 565 422 610; x_wconf 90' lang='lat' dir='ltr'>ad</span> <span class='ocrx_word' id='word_1_68' title='bbox 447 561 929 620; x_wconf 75' lang='lat' dir='ltr'>commendationem,</span> <span class='ocrx_word' id='word_1_69' title='bbox 964 562 1038 608; x_wconf 85' lang='lat' dir='ltr'>vel</span> <span class='ocrx_word' id='word_1_70' title='bbox 1058 560 1112 607; x_wconf 88' lang='lat' dir='ltr'>ad</span> <span class='ocrx_word' id='word_1_71' title='bbox 1136 561 1565 623; x_wconf 81' lang='lat' dir='ltr'>interpretationem</span> <span class='ocrx_word' id='word_1_72' title='bbox 1589 560 1760 604; x_wconf 87' lang='lat' dir='ltr'>autoris</span> <span class='ocrx_word' id='word_1_73' title='bbox 1786 558 1904 604; x_wconf 87' lang='lat' dir='ltr'>illius</span> <span class='ocrx_word' id='word_1_74' title='bbox 1929 559 2086 623; x_wconf 80' lang='lat' dir='ltr'>aliquo</span> <span class='ocrx_word' id='word_1_75' title='bbox 2113 562 2256 607; x_wconf 91' lang='lat' dir='ltr'>modo</span> <span class='ocrx_word' id='word_1_76' title='bbox 2282 565 2480 626; x_wconf 45' lang='lat' dir='ltr'>pertine&amp;-</span> <span class='ocrx_word' id='word_1_77' title='bbox 2538 613 2539 616; x_wconf 73' lang='grc'>,</span> 
     </span>
     <span class='ocr_line' id='line_1_8' title="bbox 369 623 2547 692; baseline 0 -16"><span class='ocrx_word' id='word_1_78' title='bbox 369 643 471 690; x_wconf 88' lang='lat' dir='ltr'>ret,</span> <span class='ocrx_word' id='word_1_79' title='bbox 507 630 553 675; x_wconf 87' lang='lat' dir='ltr'>id</span> <span class='ocrx_word' id='word_1_80' title='bbox 576 628 658 675; x_wconf 89' lang='lat' dir='ltr'>fibi</span> <span class='ocrx_word' id='word_1_81' title='bbox 682 642 734 673; x_wconf 90' lang='lat' dir='ltr'>ut</span> <span class='ocrx_word' id='word_1_82' title='bbox 761 627 1187 673; x_wconf 82' lang='lat' dir='ltr'>communicarem:</span> <span class='ocrx_word' id='word_1_83' title='bbox 1223 640 1319 670; x_wconf 89' lang='lat' dir='ltr'>non</span> <span class='ocrx_word' id='word_1_84' title='bbox 1346 626 1481 688; x_wconf 87' lang='lat' dir='ltr'>potui</span> <span class='ocrx_word' id='word_1_85' title='bbox 1503 625 1707 670; x_wconf 86' lang='lat' dir='ltr'>hominis</span> <span class='ocrx_word' id='word_1_86' title='bbox 1732 623 1987 670; x_wconf 73' lang='lat' dir='ltr'>amicissimi</span> <span class='ocrx_word' id='word_1_87' title='bbox 2014 625 2228 688; x_wconf 83' lang='lat' dir='ltr'>precibus</span> <span class='ocrx_word' id='word_1_88' title='bbox 2251 643 2302 674; x_wconf 89' lang='lat' dir='ltr'>ac</span> <span class='ocrx_word' id='word_1_89' title='bbox 2329 630 2483 692; x_wconf 82' lang='lat' dir='ltr'>postu·-</span> <span class='ocrx_word' id='word_1_90' title='bbox 2545 655 2547 659; x_wconf 86' lang='lat'><em>.</em></span> 
     </span>
     <span class='ocr_line' id='line_1_9' title="bbox 370 688 2495 756; baseline 0.002 -16"><span class='ocrx_word' id='word_1_91' title='bbox 370 694 531 740; x_wconf 82' lang='lat' dir='ltr'>lationi</span> <span class='ocrx_word' id='word_1_92' title='bbox 566 694 814 756; x_wconf 84' lang='lat' dir='ltr'>quicquam</span> <span class='ocrx_word' id='word_1_93' title='bbox 851 692 1088 755; x_wconf 86' lang='lat' dir='ltr'>denegare.</span> <span class='ocrx_word' id='word_1_94' title='bbox 1155 688 1423 737; x_wconf 82' lang='lat' dir='ltr'>Praesertim</span> <span class='ocrx_word' id='word_1_95' title='bbox 1459 705 1567 736; x_wconf 87' lang='lat' dir='ltr'>cum</span> <span class='ocrx_word' id='word_1_96' title='bbox 1604 689 1715 736; x_wconf 88' lang='lat' dir='ltr'>haec</span> <span class='ocrx_word' id='word_1_97' title='bbox 1737 703 1803 735; x_wconf 86' lang='lat' dir='ltr'>res</span> <span class='ocrx_word' id='word_1_98' title='bbox 1829 689 1975 735; x_wconf 86' lang='lat' dir='ltr'>eidem</span> <span class='ocrx_word' id='word_1_99' title='bbox 2001 691 2067 737; x_wconf 87' lang='lat' dir='ltr'>illi</span> <span class='ocrx_word' id='word_1_100' title='bbox 2098 691 2310 739; x_wconf 88' lang='lat' dir='ltr'>instituto</span> <span class='ocrx_word' id='word_1_101' title='bbox 2335 696 2495 744; x_wconf 78' lang='lat' dir='ltr'>consi--</span> 
     </span>
    </p>

    <p class='ocr_par' dir='ltr' id='par_1_7' title="bbox 367 754 2484 822">
     <span class='ocr_line' id='line_1_10' title="bbox 367 754 2484 822; baseline 0.002 -18"><span class='ocrx_word' id='word_1_102' title='bbox 367 760 524 822; x_wconf 72' lang='lat' dir='ltr'>iioque</span> <span class='ocrx_word' id='word_1_103' title='bbox 554 760 711 804; x_wconf 83' lang='lat' dir='ltr'>nostro</span> <span class='ocrx_word' id='word_1_104' title='bbox 729 791 744 817; x_wconf 92' lang='lat'>,</span> <span class='ocrx_word' id='word_1_105' title='bbox 781 760 913 820; x_wconf 89' lang='lat' dir='ltr'>cujus</span> <span class='ocrx_word' id='word_1_106' title='bbox 945 758 1092 820; x_wconf 85' lang='lat' dir='ltr'>gratia</span> <span class='ocrx_word' id='word_1_107' title='bbox 1111 754 1392 820; x_wconf 87' lang='lat' dir='ltr'>superiorem</span> <span class='ocrx_word' id='word_1_108' title='bbox 1414 770 1601 818; x_wconf 86' lang='lat' dir='ltr'>operam</span> <span class='ocrx_word' id='word_1_109' title='bbox 1628 756 1677 802; x_wconf 91' lang='lat' dir='ltr'>in</span> <span class='ocrx_word' id='word_1_110' title='bbox 1699 755 1929 801; x_wconf 84' lang='lat' dir='ltr'>Boccatio</span> <span class='ocrx_word' id='word_1_111' title='bbox 1955 754 2232 818; x_wconf 84' lang='lat' dir='ltr'>sumpfiflem</span> <span class='ocrx_word' id='word_1_112' title='bbox 2249 791 2265 817; x_wconf 88' lang='lat'>,</span> <span class='ocrx_word' id='word_1_113' title='bbox 2300 760 2484 809; x_wconf 51' lang='lat' dir='ltr'>inservi}</span> 
     </span>
    </p>

    <p class='ocr_par' dir='ltr' id='par_1_8' title="bbox 369 820 2483 886">
     <span class='ocr_line' id='line_1_11' title="bbox 369 820 2483 886; baseline 0.002 -17"><span class='ocrx_word' id='word_1_114' title='bbox 369 840 417 869; x_wconf 86' lang='lat' dir='ltr'>re</span> <span class='ocrx_word' id='word_1_115' title='bbox 453 823 703 870; x_wconf 83' lang='lat' dir='ltr'>videretur.</span> <span class='ocrx_word' id='word_1_116' title='bbox 773 825 902 868; x_wconf 85' lang='lat' dir='ltr'>Nam</span> <span class='ocrx_word' id='word_1_117' title='bbox 935 834 989 868; x_wconf 92' lang='lat' dir='ltr'>ut</span> <span class='ocrx_word' id='word_1_118' title='bbox 1012 822 1134 881; x_wconf 94' lang='lat' dir='ltr'>hoc,</span> <span class='ocrx_word' id='word_1_119' title='bbox 1168 821 1297 886; x_wconf 90' lang='lat' dir='ltr'>quod</span> <span class='ocrx_word' id='word_1_120' title='bbox 1317 821 1393 867; x_wconf 83' lang='lat' dir='ltr'>alii</span> <span class='ocrx_word' id='word_1_121' title='bbox 1413 821 1470 866; x_wconf 92' lang='lat' dir='ltr'>de</span> <span class='ocrx_word' id='word_1_122' title='bbox 1494 820 1674 868; x_wconf 88' lang='lat' dir='ltr'>Ovidio</span> <span class='ocrx_word' id='word_1_123' title='bbox 1699 821 1855 866; x_wconf 89' lang='lat' dir='ltr'>multis</span> <span class='ocrx_word' id='word_1_124' title='bbox 1878 821 2056 884; x_wconf 87' lang='lat' dir='ltr'>paginis</span> <span class='ocrx_word' id='word_1_125' title='bbox 2076 835 2252 885; x_wconf 87' lang='lat' dir='ltr'>agunt,</span> <span class='ocrx_word' id='word_1_126' title='bbox 2286 823 2483 875; x_wconf 82' lang='lat' dir='ltr'>breviter</span> 
     </span>
    </p>

    <p class='ocr_par' dir='ltr' id='par_1_9' title="bbox 370 886 2503 953">
     <span class='ocr_line' id='line_1_12' title="bbox 370 886 2503 953; baseline -0.001 -18"><span class='ocrx_word' id='word_1_127' title='bbox 370 888 417 934; x_wconf 69' lang='grc' dir='ltr'>ὃ(</span> <span class='ocrx_word' id='word_1_128' title='bbox 440 887 562 952; x_wconf 78' lang='lat' dir='ltr'>quasi</span> <span class='ocrx_word' id='word_1_129' title='bbox 591 905 688 935; x_wconf 88' lang='lat' dir='ltr'>uno</span> <span class='ocrx_word' id='word_1_130' title='bbox 708 888 854 935; x_wconf 87' lang='lat' dir='ltr'>verbo</span> <span class='ocrx_word' id='word_1_131' title='bbox 877 886 1191 951; x_wconf 53' lang='lat' dir='ltr'>complefiffir,</span> <span class='ocrx_word' id='word_1_132' title='bbox 1228 886 1293 933; x_wconf 88' lang='lat' dir='ltr'>est</span> <span class='ocrx_word' id='word_1_133' title='bbox 1314 886 1392 932; x_wconf 91' lang='lat' dir='ltr'>hic</span> <span class='ocrx_word' id='word_1_134' title='bbox 1416 887 1584 950; x_wconf 80' lang='lat' dir='ltr'>poe&#39;ta,</span> <span class='ocrx_word' id='word_1_135' title='bbox 1618 888 1665 932; x_wconf 89' lang='lat' dir='ltr'>in</span> <span class='ocrx_word' id='word_1_136' title='bbox 1695 901 1751 932; x_wconf 90' lang='lat' dir='ltr'>eo</span> <span class='ocrx_word' id='word_1_137' title='bbox 1783 887 2031 949; x_wconf 86' lang='lat' dir='ltr'>praecipue</span> <span class='ocrx_word' id='word_1_138' title='bbox 2059 888 2324 948; x_wconf 88' lang='lat' dir='ltr'>volumine,</span> <span class='ocrx_word' id='word_1_139' title='bbox 2357 893 2503 953; x_wconf 83' lang='lat' dir='ltr'>quod.</span> 
     </span>
    </p>

    <p class='ocr_par' dir='ltr' id='par_1_10' title="bbox 360 950 2547 1800">
     <span class='ocr_line' id='line_1_13' title="bbox 371 950 2547 1018; baseline 0.002 -19"><span class='ocrx_word' id='word_1_140' title='bbox 371 953 427 999; x_wconf 89' lang='lat' dir='ltr'>de</span> <span class='ocrx_word' id='word_1_141' title='bbox 448 956 496 1000; x_wconf 88' lang='lat' dir='ltr'>T</span> <span class='ocrx_word' id='word_1_142' title='bbox 502 953 962 1001; x_wconf 79' lang='lat' dir='ltr'>ransformationibus</span> <span class='ocrx_word' id='word_1_143' title='bbox 996 951 1290 1016; x_wconf 78' lang='lat' dir='ltr'>composuit,</span> <span class='ocrx_word' id='word_1_144' title='bbox 1326 967 1538 998; x_wconf 77' lang='lat' dir='ltr'>omnium</span> <span class='ocrx_word' id='word_1_145' title='bbox 1576 952 1868 1015; x_wconf 75' lang='lat' dir='ltr'>poeticarum</span> <span class='ocrx_word' id='word_1_146' title='bbox 1904 950 2196 998; x_wconf 87' lang='lat' dir='ltr'>historiarum</span> <span class='ocrx_word' id='word_1_147' title='bbox 2221 968 2274 1000; x_wconf 89' lang='lat' dir='ltr'>ac</span> <span class='ocrx_word' id='word_1_148' title='bbox 2300 970 2480 1018; x_wconf 78' lang='lat' dir='ltr'>rerum,</span> <span class='ocrx_word' id='word_1_149' title='bbox 2540 976 2547 1010; x_wconf 67' lang='grc' dir='ltr'><strong>χ</strong></span> 
     </span>
     <span class='ocr_line' id='line_1_14' title="bbox 367 1016 2547 1085; baseline 0.001 -20"><span class='ocrx_word' id='word_1_150' title='bbox 367 1019 511 1065; x_wconf 77' lang='lat' dir='ltr'>veluti</span> <span class='ocrx_word' id='word_1_151' title='bbox 544 1019 660 1065; x_wconf 84' lang='lat' dir='ltr'>cella</span> <span class='ocrx_word' id='word_1_152' title='bbox 691 1018 915 1082; x_wconf 84' lang='lat' dir='ltr'>quaedam</span> <span class='ocrx_word' id='word_1_153' title='bbox 952 1020 1195 1082; x_wconf 80' lang='lat' dir='ltr'>penuaria,</span> <span class='ocrx_word' id='word_1_154' title='bbox 1228 1029 1332 1076; x_wconf 88' lang='lat' dir='ltr'>aut,</span> <span class='ocrx_word' id='word_1_155' title='bbox 1366 1029 1419 1063; x_wconf 91' lang='lat' dir='ltr'>ut</span> <span class='ocrx_word' id='word_1_156' title='bbox 1452 1017 1630 1079; x_wconf 88' lang='lat' dir='ltr'>plenius</span> <span class='ocrx_word' id='word_1_157' title='bbox 1666 1016 1847 1075; x_wconf 89' lang='lat' dir='ltr'>dicam,</span> <span class='ocrx_word' id='word_1_158' title='bbox 1882 1016 2006 1080; x_wconf 80' lang='lat' dir='ltr'>quasi</span> <span class='ocrx_word' id='word_1_159' title='bbox 2043 1017 2273 1080; x_wconf 87' lang='lat' dir='ltr'>quoddam</span> <span class='ocrx_word' id='word_1_160' title='bbox 2306 1019 2484 1085; x_wconf 78' lang='lat' dir='ltr'>Copiae</span> <span class='ocrx_word' id='word_1_161' title='bbox 2544 1024 2547 1047; x_wconf 70' lang='lat'>&#39;²</span> 
     </span>
     <span class='ocr_line' id='line_1_15' title="bbox 369 1082 2547 1148; baseline 0.002 -18"><span class='ocrx_word' id='word_1_162' title='bbox 369 1100 531 1131; x_wconf 90' lang='lat' dir='ltr'>cornu.</span> <span class='ocrx_word' id='word_1_163' title='bbox 599 1083 760 1144; x_wconf 81' lang='lat' dir='ltr'>Qem</span> <span class='ocrx_word' id='word_1_164' title='bbox 792 1083 927 1148; x_wconf 88' lang='lat' dir='ltr'>fiquis</span> <span class='ocrx_word' id='word_1_165' title='bbox 951 1099 1097 1130; x_wconf 89' lang='lat' dir='ltr'>unum</span> <span class='ocrx_word' id='word_1_166' title='bbox 1123 1083 1394 1147; x_wconf 89' lang='lat' dir='ltr'>diligentius</span> <span class='ocrx_word' id='word_1_167' title='bbox 1416 1082 1554 1144; x_wconf 89' lang='lat' dir='ltr'>paulo</span> <span class='ocrx_word' id='word_1_168' title='bbox 1581 1083 1804 1128; x_wconf 81' lang='lat' dir='ltr'>memoria</span> <span class='ocrx_word' id='word_1_169' title='bbox 1833 1094 1971 1145; x_wconf 88' lang='lat' dir='ltr'>atque</span> <span class='ocrx_word' id='word_1_170' title='bbox 1993 1084 2148 1129; x_wconf 86' lang='lat' dir='ltr'>animo</span> <span class='ocrx_word' id='word_1_171' title='bbox 2176 1087 2484 1148; x_wconf 88' lang='lat' dir='ltr'>comprehen-</span> <span class='ocrx_word' id='word_1_172' title='bbox 2544 1089 2547 1142; x_wconf 61' lang='grc' dir='ltr'>ὲ</span> 
     </span>
     <span class='ocr_line' id='line_1_16' title="bbox 368 1146 2547 1216; baseline 0.002 -21"><span class='ocrx_word' id='word_1_173' title='bbox 368 1149 445 1195; x_wconf 91' lang='lat' dir='ltr'>dat</span> <span class='ocrx_word' id='word_1_174' title='bbox 461 1183 476 1208; x_wconf 91' lang='lat'>,</span> <span class='ocrx_word' id='word_1_175' title='bbox 512 1151 546 1196; x_wconf 92' lang='lat' dir='ltr'>is</span> <span class='ocrx_word' id='word_1_176' title='bbox 569 1149 826 1197; x_wconf 89' lang='lat' dir='ltr'>multorum</span> <span class='ocrx_word' id='word_1_177' title='bbox 848 1149 1045 1196; x_wconf 88' lang='lat' dir='ltr'>aliorum</span> <span class='ocrx_word' id='word_1_178' title='bbox 1071 1148 1208 1195; x_wconf 91' lang='lat' dir='ltr'>instar</span> <span class='ocrx_word' id='word_1_179' title='bbox 1230 1161 1371 1210; x_wconf 91' lang='lat' dir='ltr'>atque</span> <span class='ocrx_word' id='word_1_180' title='bbox 1390 1148 1656 1211; x_wconf 81' lang='lat' dir='ltr'>exemplum</span> <span class='ocrx_word' id='word_1_181' title='bbox 1680 1146 1882 1193; x_wconf 88' lang='lat' dir='ltr'>habebit.</span> <span class='ocrx_word' id='word_1_182' title='bbox 1953 1148 2058 1193; x_wconf 80' lang='lat' dir='ltr'>lmo</span> <span class='ocrx_word' id='word_1_183' title='bbox 2082 1164 2139 1194; x_wconf 90' lang='lat' dir='ltr'>ne</span> <span class='ocrx_word' id='word_1_184' title='bbox 2161 1163 2361 1197; x_wconf 88' lang='lat' dir='ltr'>caeteros</span> <span class='ocrx_word' id='word_1_185' title='bbox 2385 1154 2484 1216; x_wconf 78' lang='lat' dir='ltr'>qui·-</span> <span class='ocrx_word' id='word_1_186' title='bbox 2543 1147 2547 1161; x_wconf 72' lang='lat'><strong>⁴</strong></span> 
     </span>
     <span class='ocr_line' id='line_1_17' title="bbox 368 1212 2485 1279; baseline 0.003 -20"><span class='ocrx_word' id='word_1_187' title='bbox 368 1214 472 1261; x_wconf 87' lang='lat' dir='ltr'>dem</span> <span class='ocrx_word' id='word_1_188' title='bbox 515 1231 716 1278; x_wconf 87' lang='lat' dir='ltr'>unquam</span> <span class='ocrx_word' id='word_1_189' title='bbox 754 1214 856 1261; x_wconf 90' lang='lat' dir='ltr'>satis</span> <span class='ocrx_word' id='word_1_190' title='bbox 891 1214 1151 1278; x_wconf 88' lang='lat' dir='ltr'>intelliget,</span> <span class='ocrx_word' id='word_1_191' title='bbox 1187 1212 1270 1260; x_wconf 79' lang='lat' dir='ltr'>nisi</span> <span class='ocrx_word' id='word_1_192' title='bbox 1304 1214 1384 1275; x_wconf 87' lang='lat' dir='ltr'>qui</span> <span class='ocrx_word' id='word_1_193' title='bbox 1419 1213 1555 1276; x_wconf 89' lang='lat' dir='ltr'>hujus</span> <span class='ocrx_word' id='word_1_194' title='bbox 1585 1212 1783 1259; x_wconf 67' lang='lat' dir='ltr'>leEltione</span> <span class='ocrx_word' id='word_1_195' title='bbox 1814 1212 2089 1260; x_wconf 82' lang='lat' dir='ltr'>informatus</span> <span class='ocrx_word' id='word_1_196' title='bbox 2123 1228 2261 1279; x_wconf 87' lang='lat' dir='ltr'>atque</span> <span class='ocrx_word' id='word_1_197' title='bbox 2282 1217 2485 1266; x_wconf 82' lang='lat' dir='ltr'>eruditus</span> 
     </span>
     <span class='ocr_line' id='line_1_18' title="bbox 365 1278 2541 1342; baseline 0.002 -17"><span class='ocrx_word' id='word_1_198' title='bbox 365 1293 497 1326; x_wconf 86' lang='lat' dir='ltr'>antea</span> <span class='ocrx_word' id='word_1_199' title='bbox 523 1278 679 1327; x_wconf 89' lang='lat' dir='ltr'>fuerit.</span> <span class='ocrx_word' id='word_1_200' title='bbox 747 1280 927 1327; x_wconf 89' lang='lat' dir='ltr'>Verum</span> <span class='ocrx_word' id='word_1_201' title='bbox 952 1282 1074 1326; x_wconf 89' lang='lat' dir='ltr'>enim</span> <span class='ocrx_word' id='word_1_202' title='bbox 1102 1279 1209 1342; x_wconf 88' lang='lat' dir='ltr'>quia</span> <span class='ocrx_word' id='word_1_203' title='bbox 1230 1280 1277 1325; x_wconf 91' lang='lat' dir='ltr'>in</span> <span class='ocrx_word' id='word_1_204' title='bbox 1297 1278 1493 1324; x_wconf 89' lang='lat' dir='ltr'>eundem</span> <span class='ocrx_word' id='word_1_205' title='bbox 1517 1290 1724 1324; x_wconf 87' lang='lat' dir='ltr'>autorem</span> <span class='ocrx_word' id='word_1_206' title='bbox 1752 1278 2008 1324; x_wconf 88' lang='lat' dir='ltr'>multorum</span> <span class='ocrx_word' id='word_1_207' title='bbox 2032 1280 2224 1326; x_wconf 87' lang='lat' dir='ltr'>aliorum</span> <span class='ocrx_word' id='word_1_208' title='bbox 2247 1284 2484 1330; x_wconf 74' lang='lat' dir='ltr'>commen·</span> <span class='ocrx_word' id='word_1_209' title='bbox 2537 1292 2541 1303; x_wconf 69' lang='lat'>⁸</span> 
     </span>
     <span class='ocr_line' id='line_1_19' title="bbox 366 1342 2547 1409; baseline 0.002 -19"><span class='ocrx_word' id='word_1_210' title='bbox 366 1345 564 1391; x_wconf 88' lang='lat' dir='ltr'>tationes</span> <span class='ocrx_word' id='word_1_211' title='bbox 586 1358 825 1403; x_wconf 82' lang='lat' dir='ltr'>extarent,</span> <span class='ocrx_word' id='word_1_212' title='bbox 860 1345 1247 1409; x_wconf 87' lang='lat' dir='ltr'>praecipuamque</span> <span class='ocrx_word' id='word_1_213' title='bbox 1270 1345 1317 1390; x_wconf 88' lang='lat' dir='ltr'>in</span> <span class='ocrx_word' id='word_1_214' title='bbox 1343 1359 1398 1389; x_wconf 92' lang='lat' dir='ltr'>eo</span> <span class='ocrx_word' id='word_1_215' title='bbox 1424 1344 1550 1407; x_wconf 91' lang='lat' dir='ltr'>quod</span> <span class='ocrx_word' id='word_1_216' title='bbox 1575 1342 1708 1406; x_wconf 87' lang='lat' dir='ltr'>supra</span> <span class='ocrx_word' id='word_1_217' title='bbox 1727 1345 1980 1390; x_wconf 84' lang='lat' dir='ltr'>memoravi</span> <span class='ocrx_word' id='word_1_218' title='bbox 2001 1359 2168 1407; x_wconf 87' lang='lat' dir='ltr'>opere,</span> <span class='ocrx_word' id='word_1_219' title='bbox 2191 1361 2377 1408; x_wconf 89' lang='lat' dir='ltr'>operam</span> <span class='ocrx_word' id='word_1_220' title='bbox 2405 1355 2482 1395; x_wconf 53' lang='lat' dir='ltr'>na*</span> <span class='ocrx_word' id='word_1_221' title='bbox 2536 1377 2547 1407; x_wconf 69' lang='lat' dir='ltr'>r,</span> 
     </span>
     <span class='ocr_line' id='line_1_20' title="bbox 366 1408 2538 1474; baseline 0.002 -18"><span class='ocrx_word' id='word_1_222' title='bbox 366 1409 506 1456; x_wconf 89' lang='lat' dir='ltr'>vasset</span> <span class='ocrx_word' id='word_1_223' title='bbox 529 1410 747 1474; x_wconf 72' lang='lat' dir='ltr'>Raph&#39;ael</span> <span class='ocrx_word' id='word_1_224' title='bbox 779 1411 964 1473; x_wconf 88' lang='lat' dir='ltr'>quidam</span> <span class='ocrx_word' id='word_1_225' title='bbox 988 1411 1168 1474; x_wconf 83' lang='lat' dir='ltr'>Regius</span> <span class='ocrx_word' id='word_1_226' title='bbox 1201 1421 1552 1473; x_wconf 86' lang='lat' dir='ltr'>cognomento,</span> <span class='ocrx_word' id='word_1_227' title='bbox 1587 1408 1901 1473; x_wconf 88' lang='lat' dir='ltr'>impudentiae</span> <span class='ocrx_word' id='word_1_228' title='bbox 1922 1425 1973 1455; x_wconf 87' lang='lat' dir='ltr'>ac</span> <span class='ocrx_word' id='word_1_229' title='bbox 1997 1412 2294 1470; x_wconf 82' lang='lat' dir='ltr'>temeritatiS,</span> <span class='ocrx_word' id='word_1_230' title='bbox 2328 1426 2381 1460; x_wconf 91' lang='lat' dir='ltr'>ut</span> <span class='ocrx_word' id='word_1_231' title='bbox 2404 1428 2482 1460; x_wconf 62' lang='lat' dir='ltr'>ne*</span> <span class='ocrx_word' id='word_1_232' title='bbox 2536 1418 2538 1423; x_wconf 79' lang='grc'>’</span> 
     </span>
     <span class='ocr_line' id='line_1_21' title="bbox 364 1473 2540 1541; baseline 0.003 -21"><span class='ocrx_word' id='word_1_233' title='bbox 364 1475 478 1536; x_wconf 88' lang='lat' dir='ltr'>quid</span> <span class='ocrx_word' id='word_1_234' title='bbox 512 1477 696 1538; x_wconf 85' lang='lat' dir='ltr'>gravius</span> <span class='ocrx_word' id='word_1_235' title='bbox 728 1475 918 1535; x_wconf 85' lang='lat' dir='ltr'>addam,</span> <span class='ocrx_word' id='word_1_236' title='bbox 952 1476 1186 1538; x_wconf 78' lang='lat' dir='ltr'>cujusdam</span> <span class='ocrx_word' id='word_1_237' title='bbox 1218 1475 1318 1521; x_wconf 88' lang='lat' dir='ltr'>fore</span> <span class='ocrx_word' id='word_1_238' title='bbox 1352 1474 1595 1521; x_wconf 87' lang='lat' dir='ltr'>arbitratus</span> <span class='ocrx_word' id='word_1_239' title='bbox 1630 1473 1756 1534; x_wconf 90' lang='lat' dir='ltr'>sum,</span> <span class='ocrx_word' id='word_1_240' title='bbox 1791 1473 1822 1520; x_wconf 84' lang='lat' dir='ltr'><strong>fi</strong></span> <span class='ocrx_word' id='word_1_241' title='bbox 1844 1490 1960 1536; x_wconf 88' lang='lat' dir='ltr'>quae</span> <span class='ocrx_word' id='word_1_242' title='bbox 1981 1474 2087 1534; x_wconf 85' lang='lat' dir='ltr'>alii,</span> <span class='ocrx_word' id='word_1_243' title='bbox 2121 1473 2200 1521; x_wconf 86' lang='lat' dir='ltr'>suo</span> <span class='ocrx_word' id='word_1_244' title='bbox 2224 1476 2359 1524; x_wconf 84' lang='lat' dir='ltr'>&amp;illi</span> <span class='ocrx_word' id='word_1_245' title='bbox 2382 1478 2482 1541; x_wconf 86' lang='lat' dir='ltr'>qui·-</span> <span class='ocrx_word' id='word_1_246' title='bbox 2535 1499 2540 1525; x_wconf 46' lang='grc' dir='ltr'><em>θ</em></span> 
     </span>
     <span class='ocr_line' id='line_1_22' title="bbox 360 1538 2537 1608; baseline 0.003 -23"><span class='ocrx_word' id='word_1_247' title='bbox 360 1539 466 1586; x_wconf 91' lang='lat' dir='ltr'>dem</span> <span class='ocrx_word' id='word_1_248' title='bbox 491 1539 647 1587; x_wconf 83' lang='lat' dir='ltr'>labore</span> <span class='ocrx_word' id='word_1_249' title='bbox 666 1556 718 1586; x_wconf 89' lang='lat' dir='ltr'>ac</span> <span class='ocrx_word' id='word_1_250' title='bbox 740 1540 917 1600; x_wconf 88' lang='lat' dir='ltr'>studio,</span> <span class='ocrx_word' id='word_1_251' title='bbox 952 1541 1251 1599; x_wconf 87' lang='lat' dir='ltr'>invenissent,</span> <span class='ocrx_word' id='word_1_252' title='bbox 1276 1555 1327 1586; x_wconf 88' lang='lat' dir='ltr'>ea</span> <span class='ocrx_word' id='word_1_253' title='bbox 1350 1539 1512 1586; x_wconf 89' lang='lat' dir='ltr'>nostris</span> <span class='ocrx_word' id='word_1_254' title='bbox 1535 1539 1658 1604; x_wconf 82' lang='lat' dir='ltr'>quasi</span> <span class='ocrx_word' id='word_1_255' title='bbox 1683 1539 1950 1603; x_wconf 88' lang='lat' dir='ltr'>quibusdam</span> <span class='ocrx_word' id='word_1_256' title='bbox 1977 1538 2477 1603; x_wconf 87' lang='lat' dir='ltr'>superfoetationibus,</span> <span class='ocrx_word' id='word_1_257' title='bbox 2535 1597 2537 1608; x_wconf 27' lang='lat' dir='ltr'><em>A</em></span> 
     </span>
     <span class='ocr_line' id='line_1_23' title="bbox 363 1604 2538 1671; baseline 0.001 -20"><span class='ocrx_word' id='word_1_258' title='bbox 363 1604 468 1651; x_wconf 88' lang='lat' dir='ltr'>elisa</span> <span class='ocrx_word' id='word_1_259' title='bbox 493 1619 630 1669; x_wconf 86' lang='lat' dir='ltr'>atque</span> <span class='ocrx_word' id='word_1_260' title='bbox 654 1606 862 1671; x_wconf 88' lang='lat' dir='ltr'>oppressa</span> <span class='ocrx_word' id='word_1_261' title='bbox 883 1605 1166 1652; x_wconf 87' lang='lat' dir='ltr'>viderentur.</span> <span class='ocrx_word' id='word_1_262' title='bbox 1236 1604 1383 1662; x_wconf 83' lang='lat' dir='ltr'>Quod</span> <span class='ocrx_word' id='word_1_263' title='bbox 1411 1605 1557 1670; x_wconf 90' lang='lat' dir='ltr'>igitur</span> <span class='ocrx_word' id='word_1_264' title='bbox 1579 1607 1701 1669; x_wconf 90' lang='lat' dir='ltr'>apud</span> <span class='ocrx_word' id='word_1_265' title='bbox 1723 1607 1985 1652; x_wconf 88' lang='lat' dir='ltr'>Homerum</span> <span class='ocrx_word' id='word_1_266' title='bbox 2008 1605 2196 1668; x_wconf 88' lang='lat' dir='ltr'>Jupiter</span> <span class='ocrx_word' id='word_1_267' title='bbox 2217 1606 2484 1654; x_wconf 58' lang='lat' dir='ltr'>alibi-fecis*</span> <span class='ocrx_word' id='word_1_268' title='bbox 2535 1667 2538 1670; x_wconf 11' lang='lat' dir='ltr'>y</span> 
     </span>
     <span class='ocr_line' id='line_1_24' title="bbox 360 1667 2482 1735; baseline 0.002 -20"><span class='ocrx_word' id='word_1_269' title='bbox 360 1667 403 1716; x_wconf 90' lang='lat' dir='ltr'>se</span> <span class='ocrx_word' id='word_1_270' title='bbox 441 1669 666 1735; x_wconf 85' lang='lat' dir='ltr'>fingitur,</span> <span class='ocrx_word' id='word_1_271' title='bbox 699 1684 751 1718; x_wconf 92' lang='lat' dir='ltr'>ut</span> <span class='ocrx_word' id='word_1_272' title='bbox 782 1672 1071 1735; x_wconf 84' lang='lat' dir='ltr'>precantium</span> <span class='ocrx_word' id='word_1_273' title='bbox 1093 1671 1217 1718; x_wconf 92' lang='lat' dir='ltr'>votis</span> <span class='ocrx_word' id='word_1_274' title='bbox 1242 1684 1416 1734; x_wconf 89' lang='lat' dir='ltr'>partem</span> <span class='ocrx_word' id='word_1_275' title='bbox 1439 1685 1689 1729; x_wconf 87' lang='lat' dir='ltr'>annueret,</span> <span class='ocrx_word' id='word_1_276' title='bbox 1725 1684 1900 1734; x_wconf 87' lang='lat' dir='ltr'>partem</span> <span class='ocrx_word' id='word_1_277' title='bbox 1926 1683 2078 1716; x_wconf 90' lang='lat' dir='ltr'>autem</span> <span class='ocrx_word' id='word_1_278' title='bbox 2105 1685 2321 1734; x_wconf 88' lang='lat' dir='ltr'>negaret,</span> <span class='ocrx_word' id='word_1_279' title='bbox 2359 1672 2482 1721; x_wconf 84' lang='lat' dir='ltr'>idem</span> 
     </span>
     <span class='ocr_line' id='line_1_25' title="bbox 363 1735 2481 1800; baseline 0.002 -19"><span class='ocrx_word' id='word_1_280' title='bbox 363 1749 455 1798; x_wconf 88' lang='lat' dir='ltr'>ego</span> <span class='ocrx_word' id='word_1_281' title='bbox 489 1737 603 1782; x_wconf 90' lang='lat' dir='ltr'>mihi</span> <span class='ocrx_word' id='word_1_282' title='bbox 638 1737 733 1783; x_wconf 91' lang='lat' dir='ltr'>hoc</span> <span class='ocrx_word' id='word_1_283' title='bbox 767 1736 874 1783; x_wconf 90' lang='lat' dir='ltr'>loco</span> <span class='ocrx_word' id='word_1_284' title='bbox 909 1736 1170 1783; x_wconf 89' lang='lat' dir='ltr'>faciendum</span> <span class='ocrx_word' id='word_1_285' title='bbox 1209 1736 1397 1800; x_wconf 90' lang='lat' dir='ltr'>putavi:</span> <span class='ocrx_word' id='word_1_286' title='bbox 1436 1736 1682 1795; x_wconf 90' lang='lat' dir='ltr'>videlicet,</span> <span class='ocrx_word' id='word_1_287' title='bbox 1719 1749 1770 1782; x_wconf 86' lang='lat' dir='ltr'>ut</span> <span class='ocrx_word' id='word_1_288' title='bbox 1802 1752 1897 1782; x_wconf 87' lang='lat' dir='ltr'>non</span> <span class='ocrx_word' id='word_1_289' title='bbox 1931 1748 2087 1781; x_wconf 89' lang='lat' dir='ltr'>totum</span> <span class='ocrx_word' id='word_1_290' title='bbox 2115 1735 2242 1782; x_wconf 90' lang='lat' dir='ltr'>hunc</span> <span class='ocrx_word' id='word_1_291' title='bbox 2265 1739 2481 1799; x_wconf 71' lang='lat' dir='ltr'>poetam-5</span> 
     </span>
    </p>

    <p class='ocr_par' dir='ltr' id='par_1_11' title="bbox 362 1800 2547 3228">
     <span class='ocr_line' id='line_1_26' title="bbox 362 1800 2535 1868; baseline 0.002 -22"><span class='ocrx_word' id='word_1_292' title='bbox 362 1817 511 1864; x_wconf 91' lang='lat' dir='ltr'>neque</span> <span class='ocrx_word' id='word_1_293' title='bbox 546 1814 702 1848; x_wconf 89' lang='lat' dir='ltr'>totum</span> <span class='ocrx_word' id='word_1_294' title='bbox 728 1803 865 1848; x_wconf 89' lang='lat' dir='ltr'>etiam</span> <span class='ocrx_word' id='word_1_295' title='bbox 891 1804 1062 1866; x_wconf 76' lang='lat' dir='ltr'>poema</span> <span class='ocrx_word' id='word_1_296' title='bbox 1085 1801 1204 1849; x_wconf 86' lang='lat' dir='ltr'>illius</span> <span class='ocrx_word' id='word_1_297' title='bbox 1225 1800 1411 1865; x_wconf 91' lang='lat' dir='ltr'>aliquod</span> <span class='ocrx_word' id='word_1_298' title='bbox 1435 1801 1763 1864; x_wconf 81' lang='lat' dir='ltr'>explicandum</span> <span class='ocrx_word' id='word_1_299' title='bbox 1791 1801 1906 1847; x_wconf 85' lang='lat' dir='ltr'>mihi</span> <span class='ocrx_word' id='word_1_300' title='bbox 1931 1801 2150 1846; x_wconf 88' lang='lat' dir='ltr'>sumerem</span> <span class='ocrx_word' id='word_1_301' title='bbox 2167 1834 2182 1859; x_wconf 92' lang='lat'>,</span> <span class='ocrx_word' id='word_1_302' title='bbox 2216 1801 2287 1848; x_wconf 91' lang='lat' dir='ltr'>sed</span> <span class='ocrx_word' id='word_1_303' title='bbox 2312 1803 2358 1848; x_wconf 88' lang='lat' dir='ltr'>in</span> <span class='ocrx_word' id='word_1_304' title='bbox 2384 1819 2482 1868; x_wconf 82' lang='lat' dir='ltr'>par-</span> <span class='ocrx_word' id='word_1_305' title='bbox 2534 1836 2535 1867; x_wconf 25' lang='grc' dir='ltr'>ἦ</span> 
     </span>
     <span class='ocr_line' id='line_1_27' title="bbox 366 1865 2536 1928; baseline 0.001 -15"><span class='ocrx_word' id='word_1_306' title='bbox 366 1877 412 1913; x_wconf 89' lang='lat' dir='ltr'>te</span> <span class='ocrx_word' id='word_1_307' title='bbox 434 1865 744 1926; x_wconf 84' lang='lat' dir='ltr'>subsisterem,</span> <span class='ocrx_word' id='word_1_308' title='bbox 780 1866 829 1914; x_wconf 82' lang='lat'>&amp;</span> <span class='ocrx_word' id='word_1_309' title='bbox 851 1883 937 1914; x_wconf 92' lang='lat' dir='ltr'>ceu</span> <span class='ocrx_word' id='word_1_310' title='bbox 959 1867 1097 1913; x_wconf 91' lang='lat' dir='ltr'>duces</span> <span class='ocrx_word' id='word_1_311' title='bbox 1121 1867 1169 1912; x_wconf 90' lang='lat' dir='ltr'>in</span> <span class='ocrx_word' id='word_1_312' title='bbox 1191 1865 1314 1912; x_wconf 91' lang='lat' dir='ltr'>bello</span> <span class='ocrx_word' id='word_1_313' title='bbox 1335 1865 1580 1928; x_wconf 88' lang='lat' dir='ltr'>aliquando</span> <span class='ocrx_word' id='word_1_314' title='bbox 1603 1867 1777 1926; x_wconf 82' lang='lat' dir='ltr'>solent,</span> <span class='ocrx_word' id='word_1_315' title='bbox 1813 1877 1985 1911; x_wconf 90' lang='lat' dir='ltr'>certam</span> <span class='ocrx_word' id='word_1_316' title='bbox 2013 1865 2252 1912; x_wconf 87' lang='lat' dir='ltr'>stationem</span> <span class='ocrx_word' id='word_1_317' title='bbox 2280 1880 2482 1915; x_wconf 89' lang='lat' dir='ltr'>certum·</span> <span class='ocrx_word' id='word_1_318' title='bbox 2533 1868 2536 1899; x_wconf 64' lang='lat'>³</span> 
     </span>
     <span class='ocr_line' id='line_1_28' title="bbox 362 1928 2535 1996; baseline 0.002 -20"><span class='ocrx_word' id='word_1_319' title='bbox 362 1947 451 1992; x_wconf 92' lang='lat' dir='ltr'>que</span> <span class='ocrx_word' id='word_1_320' title='bbox 480 1931 640 1978; x_wconf 90' lang='lat' dir='ltr'>locum</span> <span class='ocrx_word' id='word_1_321' title='bbox 677 1945 844 1979; x_wconf 87' lang='lat' dir='ltr'>tuerer.</span> <span class='ocrx_word' id='word_1_322' title='bbox 911 1931 1237 1991; x_wconf 85' lang='lat' dir='ltr'>Quamobrem</span> <span class='ocrx_word' id='word_1_323' title='bbox 1272 1930 1438 1978; x_wconf 70' lang='lat' dir='ltr'>reliffis</span> <span class='ocrx_word' id='word_1_324' title='bbox 1475 1933 1665 1994; x_wconf 85' lang='lat' dir='ltr'>integris</span> <span class='ocrx_word' id='word_1_325' title='bbox 1699 1931 1750 1976; x_wconf 90' lang='lat' dir='ltr'>iis</span> <span class='ocrx_word' id='word_1_326' title='bbox 1777 1965 1791 1988; x_wconf 93' lang='lat'>,</span> <span class='ocrx_word' id='word_1_327' title='bbox 1836 1946 1950 1992; x_wconf 78' lang='lat' dir='ltr'>quae</span> <span class='ocrx_word' id='word_1_328' title='bbox 1981 1928 2007 1976; x_wconf 73' lang='lat' dir='ltr'>a</span> <span class='ocrx_word' id='word_1_329' title='bbox 2030 1931 2191 1993; x_wconf 86' lang='lat' dir='ltr'>Regio</span> <span class='ocrx_word' id='word_1_330' title='bbox 2225 1932 2482 1996; x_wconf 83' lang='lat' dir='ltr'>composita</span> <span class='ocrx_word' id='word_1_331' title='bbox 2534 1934 2535 1938; x_wconf 70' lang='grc'>’</span> 
     </span>
     <span class='ocr_line' id='line_1_29' title="bbox 362 1994 2536 2060; baseline 0.002 -20"><span class='ocrx_word' id='word_1_332' title='bbox 362 2008 499 2058; x_wconf 85' lang='lat' dir='ltr'>atque</span> <span class='ocrx_word' id='word_1_333' title='bbox 533 1997 655 2043; x_wconf 87' lang='lat' dir='ltr'>edita</span> <span class='ocrx_word' id='word_1_334' title='bbox 690 1996 950 2056; x_wconf 88' lang='lat' dir='ltr'>habentur,</span> <span class='ocrx_word' id='word_1_335' title='bbox 989 2013 1189 2060; x_wconf 89' lang='lat' dir='ltr'>quorum</span> <span class='ocrx_word' id='word_1_336' title='bbox 1217 1995 1292 2042; x_wconf 86' lang='lat' dir='ltr'>ille</span> <span class='ocrx_word' id='word_1_337' title='bbox 1316 1997 1530 2059; x_wconf 85' lang='lat' dir='ltr'>pleraque</span> <span class='ocrx_word' id='word_1_338' title='bbox 1567 2002 1648 2056; x_wconf 88' lang='lat' dir='ltr'>(ut</span> <span class='ocrx_word' id='word_1_339' title='bbox 1674 1995 1720 2041; x_wconf 83' lang='lat'>&amp;</span> <span class='ocrx_word' id='word_1_340' title='bbox 1746 1995 1864 2041; x_wconf 85' lang='lat' dir='ltr'>hanc</span> <span class='ocrx_word' id='word_1_341' title='bbox 1892 1994 2030 2040; x_wconf 86' lang='lat' dir='ltr'>fidem</span> <span class='ocrx_word' id='word_1_342' title='bbox 2061 1999 2403 2044; x_wconf 87' lang='lat' dir='ltr'>commentariis</span> <span class='ocrx_word' id='word_1_343' title='bbox 2427 1998 2482 2045; x_wconf 90' lang='lat' dir='ltr'>il·</span> <span class='ocrx_word' id='word_1_344' title='bbox 2532 2007 2536 2016; x_wconf 91' lang='grc'><strong>“</strong></span> 
     </span>
     <span class='ocr_line' id='line_1_30' title="bbox 364 2059 2533 2125; baseline 0.002 -20"><span class='ocrx_word' id='word_1_345' title='bbox 364 2059 450 2106; x_wconf 85' lang='lat' dir='ltr'>lius</span> <span class='ocrx_word' id='word_1_346' title='bbox 483 2059 728 2117; x_wconf 79' lang='lat' dir='ltr'>faciamus)</span> <span class='ocrx_word' id='word_1_347' title='bbox 764 2078 821 2108; x_wconf 80' lang='lat' dir='ltr'>ex</span> <span class='ocrx_word' id='word_1_348' title='bbox 856 2061 1097 2121; x_wconf 79' lang='lat' dir='ltr'>Pausania,</span> <span class='ocrx_word' id='word_1_349' title='bbox 1133 2062 1182 2108; x_wconf 86' lang='lat'>&amp;</span> <span class='ocrx_word' id='word_1_350' title='bbox 1218 2061 1456 2120; x_wconf 83' lang='lat' dir='ltr'>Tarrheo,</span> <span class='ocrx_word' id='word_1_351' title='bbox 1492 2060 1564 2107; x_wconf 89' lang='lat' dir='ltr'>seu</span> <span class='ocrx_word' id='word_1_352' title='bbox 1597 2060 1799 2123; x_wconf 85' lang='lat' dir='ltr'>quisquis</span> <span class='ocrx_word' id='word_1_353' title='bbox 1831 2060 1941 2106; x_wconf 81' lang='lat' dir='ltr'>alius</span> <span class='ocrx_word' id='word_1_354' title='bbox 1981 2060 2224 2123; x_wconf 81' lang='lat' dir='ltr'>Apollonii</span> <span class='ocrx_word' id='word_1_355' title='bbox 2258 2062 2484 2125; x_wconf 82' lang='lat' dir='ltr'>interpres</span> <span class='ocrx_word' id='word_1_356' title='bbox 2532 2075 2533 2098; x_wconf 76' lang='lat'>³</span> 
     </span>
     <span class='ocr_line' id='line_1_31' title="bbox 364 2123 2482 2189; baseline 0.002 -20"><span class='ocrx_word' id='word_1_357' title='bbox 364 2124 441 2170; x_wconf 90' lang='lat' dir='ltr'>ille</span> <span class='ocrx_word' id='word_1_358' title='bbox 460 2124 573 2172; x_wconf 85' lang='lat' dir='ltr'>fuit:</span> <span class='ocrx_word' id='word_1_359' title='bbox 610 2126 830 2188; x_wconf 87' lang='lat' dir='ltr'>quaedam</span> <span class='ocrx_word' id='word_1_360' title='bbox 854 2129 991 2174; x_wconf 91' lang='lat' dir='ltr'>etiam</span> <span class='ocrx_word' id='word_1_361' title='bbox 1016 2143 1072 2173; x_wconf 81' lang='lat' dir='ltr'>ex</span> <span class='ocrx_word' id='word_1_362' title='bbox 1099 2125 1316 2173; x_wconf 89' lang='lat' dir='ltr'>Diodoro</span> <span class='ocrx_word' id='word_1_363' title='bbox 1341 2125 1681 2189; x_wconf 80' lang='lat' dir='ltr'>transsumpfit,</span> <span class='ocrx_word' id='word_1_364' title='bbox 1715 2141 1835 2189; x_wconf 92' lang='lat' dir='ltr'>ego,</span> <span class='ocrx_word' id='word_1_365' title='bbox 1872 2123 1902 2171; x_wconf 84' lang='lat' dir='ltr'>si</span> <span class='ocrx_word' id='word_1_366' title='bbox 1928 2141 2017 2187; x_wconf 86' lang='lat' dir='ltr'>qua</span> <span class='ocrx_word' id='word_1_367' title='bbox 2042 2124 2068 2171; x_wconf 79' lang='lat' dir='ltr'>a</span> <span class='ocrx_word' id='word_1_368' title='bbox 2092 2140 2164 2171; x_wconf 90' lang='lat' dir='ltr'>me</span> <span class='ocrx_word' id='word_1_369' title='bbox 2185 2125 2365 2172; x_wconf 89' lang='lat' dir='ltr'>aliunde</span> <span class='ocrx_word' id='word_1_370' title='bbox 2389 2128 2482 2174; x_wconf 87' lang='lat' dir='ltr'>ani-</span> 
     </span>
     <span class='ocr_line' id='line_1_32' title="bbox 367 2187 2533 2255; baseline 0.003 -21"><span class='ocrx_word' id='word_1_371' title='bbox 367 2187 625 2248; x_wconf 83' lang='lat' dir='ltr'>madversa,</span> <span class='ocrx_word' id='word_1_372' title='bbox 660 2206 772 2252; x_wconf 86' lang='lat' dir='ltr'>quae</span> <span class='ocrx_word' id='word_1_373' title='bbox 805 2192 878 2238; x_wconf 90' lang='lat' dir='ltr'>vel</span> <span class='ocrx_word' id='word_1_374' title='bbox 900 2192 955 2238; x_wconf 88' lang='lat' dir='ltr'>ab</span> <span class='ocrx_word' id='word_1_375' title='bbox 982 2192 1062 2238; x_wconf 89' lang='lat' dir='ltr'>illo</span> <span class='ocrx_word' id='word_1_376' title='bbox 1087 2192 1362 2255; x_wconf 85' lang='lat' dir='ltr'>praeterita,</span> <span class='ocrx_word' id='word_1_377' title='bbox 1396 2204 1475 2237; x_wconf 88' lang='lat' dir='ltr'>aut</span> <span class='ocrx_word' id='word_1_378' title='bbox 1499 2192 1602 2237; x_wconf 85' lang='lat' dir='ltr'>alias</span> <span class='ocrx_word' id='word_1_379' title='bbox 1627 2207 1786 2253; x_wconf 89' lang='lat' dir='ltr'>parum</span> <span class='ocrx_word' id='word_1_380' title='bbox 1809 2189 1910 2234; x_wconf 69' lang='lat' dir='ltr'>satis</span> <span class='ocrx_word' id='word_1_381' title='bbox 1937 2190 2164 2252; x_wconf 78' lang='lat' dir='ltr'>explicata</span> <span class='ocrx_word' id='word_1_382' title='bbox 2189 2189 2483 2252; x_wconf 87' lang='lat' dir='ltr'>viderentur,</span> <span class='ocrx_word' id='word_1_383' title='bbox 2531 2246 2533 2255; x_wconf 41' lang='grc' dir='ltr'>Ι</span> 
     </span>
     <span class='ocr_line' id='line_1_33' title="bbox 368 2251 2533 2320; baseline 0.004 -23"><span class='ocrx_word' id='word_1_384' title='bbox 368 2268 418 2298; x_wconf 89' lang='lat' dir='ltr'>ea</span> <span class='ocrx_word' id='word_1_385' title='bbox 452 2251 575 2316; x_wconf 82' lang='lat' dir='ltr'>quasi</span> <span class='ocrx_word' id='word_1_386' title='bbox 612 2254 835 2317; x_wconf 82' lang='lat' dir='ltr'>quandam</span> <span class='ocrx_word' id='word_1_387' title='bbox 862 2257 1166 2320; x_wconf 82' lang='lat' dir='ltr'>appendicem</span> <span class='ocrx_word' id='word_1_388' title='bbox 1191 2254 1648 2317; x_wconf 86' lang='lat' dir='ltr'>interpretationibus</span> <span class='ocrx_word' id='word_1_389' title='bbox 1677 2255 1796 2300; x_wconf 89' lang='lat' dir='ltr'>illius</span> <span class='ocrx_word' id='word_1_390' title='bbox 1821 2253 2008 2313; x_wconf 80' lang='lat' dir='ltr'>subjeci.</span> <span class='ocrx_word' id='word_1_391' title='bbox 2079 2254 2199 2300; x_wconf 80' lang='lat' dir='ltr'>Non</span> <span class='ocrx_word' id='word_1_392' title='bbox 2225 2255 2410 2318; x_wconf 87' lang='lat' dir='ltr'>quidem</span> <span class='ocrx_word' id='word_1_393' title='bbox 2433 2269 2483 2306; x_wconf 73' lang='lat' dir='ltr'>ut</span> <span class='ocrx_word' id='word_1_394' title='bbox 2531 2266 2533 2290; x_wconf 77' lang='lat'>²</span> 
     </span>
     <span class='ocr_line' id='line_1_34' title="bbox 370 2317 2484 2384; baseline 0.002 -21"><span class='ocrx_word' id='word_1_395' title='bbox 370 2317 480 2364; x_wconf 87' lang='lat' dir='ltr'>hinc</span> <span class='ocrx_word' id='word_1_396' title='bbox 512 2321 608 2380; x_wconf 85' lang='lat' dir='ltr'>jam</span> <span class='ocrx_word' id='word_1_397' title='bbox 644 2331 800 2365; x_wconf 87' lang='lat' dir='ltr'>totum</span> <span class='ocrx_word' id='word_1_398' title='bbox 828 2320 940 2366; x_wconf 90' lang='lat' dir='ltr'>illud</span> <span class='ocrx_word' id='word_1_399' title='bbox 964 2337 1080 2384; x_wconf 89' lang='lat' dir='ltr'>opus</span> <span class='ocrx_word' id='word_1_400' title='bbox 1106 2336 1191 2384; x_wconf 90' lang='lat' dir='ltr'>pro</span> <span class='ocrx_word' id='word_1_401' title='bbox 1215 2318 1437 2383; x_wconf 83' lang='lat' dir='ltr'>expedito</span> <span class='ocrx_word' id='word_1_402' title='bbox 1467 2331 1604 2382; x_wconf 85' lang='lat' dir='ltr'>atque</span> <span class='ocrx_word' id='word_1_403' title='bbox 1622 2319 1871 2381; x_wconf 80' lang='lat' dir='ltr'>explanato</span> <span class='ocrx_word' id='word_1_404' title='bbox 1897 2317 2052 2364; x_wconf 85' lang='lat' dir='ltr'>haberi</span> <span class='ocrx_word' id='word_1_405' title='bbox 2073 2319 2227 2365; x_wconf 90' lang='lat' dir='ltr'>velim.</span> <span class='ocrx_word' id='word_1_406' title='bbox 2296 2320 2418 2380; x_wconf 79' lang='lat' dir='ltr'>Quis</span> <span class='ocrx_word' id='word_1_407' title='bbox 2441 2337 2484 2382; x_wconf 51' lang='lat' dir='ltr'>ef</span> 
     </span>
     <span class='ocr_line' id='line_1_35' title="bbox 372 2382 2531 2450; baseline 0.003 -23"><span class='ocrx_word' id='word_1_408' title='bbox 372 2383 467 2428; x_wconf 86' lang='lat' dir='ltr'>nim</span> <span class='ocrx_word' id='word_1_409' title='bbox 503 2383 596 2429; x_wconf 90' lang='lat' dir='ltr'>hoc</span> <span class='ocrx_word' id='word_1_410' title='bbox 622 2383 866 2446; x_wconf 85' lang='lat' dir='ltr'>praestaret</span> <span class='ocrx_word' id='word_1_411' title='bbox 893 2386 941 2431; x_wconf 85' lang='lat' dir='ltr'>in</span> <span class='ocrx_word' id='word_1_412' title='bbox 963 2398 1089 2431; x_wconf 89' lang='lat' dir='ltr'>tanta</span> <span class='ocrx_word' id='word_1_413' title='bbox 1114 2384 1404 2430; x_wconf 87' lang='lat' dir='ltr'>Graecorum</span> <span class='ocrx_word' id='word_1_414' title='bbox 1429 2396 1643 2430; x_wconf 87' lang='lat' dir='ltr'>autorum</span> <span class='ocrx_word' id='word_1_415' title='bbox 1659 2417 1673 2441; x_wconf 93' lang='lat'>,</span> <span class='ocrx_word' id='word_1_416' title='bbox 1707 2383 1828 2429; x_wconf 89' lang='lat' dir='ltr'>unde</span> <span class='ocrx_word' id='word_1_417' title='bbox 1852 2383 2065 2445; x_wconf 85' lang='lat' dir='ltr'>pleraque</span> <span class='ocrx_word' id='word_1_418' title='bbox 2090 2382 2115 2430; x_wconf 75' lang='lat' dir='ltr'>a</span> <span class='ocrx_word' id='word_1_419' title='bbox 2145 2385 2320 2432; x_wconf 86' lang='lat' dir='ltr'>Latinis</span> <span class='ocrx_word' id='word_1_420' title='bbox 2343 2399 2484 2450; x_wconf 40' lang='lat' dir='ltr'>trans-4</span> <span class='ocrx_word' id='word_1_421' title='bbox 2530 2401 2531 2443; x_wconf 79' lang='lat' dir='ltr'><strong>j</strong></span> 
     </span>
     <span class='ocr_line' id='line_1_36' title="bbox 372 2446 2531 2514; baseline 0.003 -22"><span class='ocrx_word' id='word_1_422' title='bbox 372 2446 487 2505; x_wconf 83' lang='lat' dir='ltr'>lata,</span> <span class='ocrx_word' id='word_1_423' title='bbox 523 2449 714 2511; x_wconf 87' lang='lat' dir='ltr'>penuria</span> <span class='ocrx_word' id='word_1_424' title='bbox 739 2463 790 2494; x_wconf 86' lang='lat' dir='ltr'>ac</span> <span class='ocrx_word' id='word_1_425' title='bbox 814 2449 1077 2511; x_wconf 86' lang='lat' dir='ltr'>paucitate?</span> <span class='ocrx_word' id='word_1_426' title='bbox 1112 2447 1186 2494; x_wconf 91' lang='lat' dir='ltr'>sed</span> <span class='ocrx_word' id='word_1_427' title='bbox 1209 2461 1392 2507; x_wconf 85' lang='lat' dir='ltr'>tamen,</span> <span class='ocrx_word' id='word_1_428' title='bbox 1408 2461 1461 2494; x_wconf 90' lang='lat' dir='ltr'>ut</span> <span class='ocrx_word' id='word_1_429' title='bbox 1484 2464 1536 2495; x_wconf 88' lang='lat' dir='ltr'>ea</span> <span class='ocrx_word' id='word_1_430' title='bbox 1556 2448 1866 2510; x_wconf 86' lang='lat' dir='ltr'>saltem,quae</span> <span class='ocrx_word' id='word_1_431' title='bbox 1887 2449 2107 2510; x_wconf 80' lang='lat' dir='ltr'>explicari</span> <span class='ocrx_word' id='word_1_432' title='bbox 2133 2463 2374 2511; x_wconf 87' lang='lat' dir='ltr'>poterant,</span> <span class='ocrx_word' id='word_1_433' title='bbox 2401 2467 2484 2514; x_wconf 87' lang='lat' dir='ltr'>pro</span> <span class='ocrx_word' id='word_1_434' title='bbox 2530 2490 2531 2499; x_wconf 68' lang='grc'>,</span> 
     </span>
     <span class='ocr_line' id='line_1_37' title="bbox 373 2511 2547 2590; baseline 0.003 -33"><span class='ocrx_word' id='word_1_435' title='bbox 373 2511 576 2558; x_wconf 87' lang='lat' dir='ltr'>obscuris</span> <span class='ocrx_word' id='word_1_436' title='bbox 612 2511 661 2558; x_wconf 86' lang='lat'>&amp;</span> <span class='ocrx_word' id='word_1_437' title='bbox 698 2513 884 2559; x_wconf 87' lang='lat' dir='ltr'>incertis</span> <span class='ocrx_word' id='word_1_438' title='bbox 919 2513 1092 2559; x_wconf 87' lang='lat' dir='ltr'>diutius</span> <span class='ocrx_word' id='word_1_439' title='bbox 1125 2528 1181 2559; x_wconf 91' lang='lat' dir='ltr'>ne</span> <span class='ocrx_word' id='word_1_440' title='bbox 1198 2514 1431 2576; x_wconf 87' lang='lat' dir='ltr'>jacerent:</span> <span class='ocrx_word' id='word_1_441' title='bbox 1468 2512 1522 2559; x_wconf 85' lang='lat' dir='ltr'>ad</span> <span class='ocrx_word' id='word_1_442' title='bbox 1543 2527 1678 2576; x_wconf 89' lang='lat' dir='ltr'>quam</span> <span class='ocrx_word' id='word_1_443' title='bbox 1703 2513 1887 2576; x_wconf 86' lang='lat' dir='ltr'>quidem</span> <span class='ocrx_word' id='word_1_444' title='bbox 1915 2529 2007 2559; x_wconf 86' lang='lat' dir='ltr'>rem</span> <span class='ocrx_word' id='word_1_445' title='bbox 2037 2529 2184 2576; x_wconf 90' lang='lat' dir='ltr'>neque</span> <span class='ocrx_word' id='word_1_446' title='bbox 2206 2515 2317 2561; x_wconf 86' lang='lat' dir='ltr'>illud</span> <span class='ocrx_word' id='word_1_447' title='bbox 2348 2515 2485 2579; x_wconf 57' lang='lat' dir='ltr'>nega-⁴4</span> <span class='ocrx_word' id='word_1_448' title='bbox 2528 2530 2547 2590; x_wconf 53' lang='lat' dir='ltr'>g</span> 
     </span>
     <span class='ocr_line' id='line_1_38' title="bbox 371 2577 2547 2659; baseline 0.002 -37"><span class='ocrx_word' id='word_1_449' title='bbox 371 2577 459 2622; x_wconf 86' lang='lat' dir='ltr'>rim</span> <span class='ocrx_word' id='word_1_450' title='bbox 477 2610 491 2634; x_wconf 95' lang='lat'>,</span> <span class='ocrx_word' id='word_1_451' title='bbox 527 2578 837 2623; x_wconf 84' lang='lat' dir='ltr'>recentiorum</span> <span class='ocrx_word' id='word_1_452' title='bbox 861 2577 1150 2641; x_wconf 85' lang='lat' dir='ltr'>quorundam</span> <span class='ocrx_word' id='word_1_453' title='bbox 1175 2579 1494 2624; x_wconf 87' lang='lat' dir='ltr'>annotationes</span> <span class='ocrx_word' id='word_1_454' title='bbox 1517 2579 1700 2624; x_wconf 87' lang='lat' dir='ltr'>interim</span> <span class='ocrx_word' id='word_1_455' title='bbox 1725 2594 1797 2624; x_wconf 88' lang='lat' dir='ltr'>me</span> <span class='ocrx_word' id='word_1_456' title='bbox 1818 2577 2091 2636; x_wconf 79' lang='lat' dir='ltr'>adhibuisse,</span> <span class='ocrx_word' id='word_1_457' title='bbox 2115 2595 2313 2642; x_wconf 87' lang='lat' dir='ltr'>quorum</span> <span class='ocrx_word' id='word_1_458' title='bbox 2335 2593 2486 2628; x_wconf 86' lang='lat' dir='ltr'>tamen</span> <span class='ocrx_word' id='word_1_459' title='bbox 2536 2593 2547 2659; x_wconf 62' lang='grc' dir='ltr'>ξ</span> 
     </span>
     <span class='ocr_line' id='line_1_39' title="bbox 374 2640 2547 2707; baseline 0.003 -21"><span class='ocrx_word' id='word_1_460' title='bbox 374 2640 641 2687; x_wconf 89' lang='lat' dir='ltr'>nominibus</span> <span class='ocrx_word' id='word_1_461' title='bbox 676 2642 859 2688; x_wconf 86' lang='lat' dir='ltr'>edendis</span> <span class='ocrx_word' id='word_1_462' title='bbox 888 2643 936 2688; x_wconf 92' lang='lat' dir='ltr'>in</span> <span class='ocrx_word' id='word_1_463' title='bbox 970 2643 1063 2689; x_wconf 92' lang='lat' dir='ltr'>hoc</span> <span class='ocrx_word' id='word_1_464' title='bbox 1096 2641 1321 2702; x_wconf 85' lang='lat' dir='ltr'>abstinui,</span> <span class='ocrx_word' id='word_1_465' title='bbox 1357 2658 1412 2688; x_wconf 88' lang='lat' dir='ltr'>ne</span> <span class='ocrx_word' id='word_1_466' title='bbox 1441 2643 1514 2689; x_wconf 88' lang='lat' dir='ltr'>vel</span> <span class='ocrx_word' id='word_1_467' title='bbox 1548 2645 1743 2707; x_wconf 86' lang='lat' dir='ltr'>gratiam</span> <span class='ocrx_word' id='word_1_468' title='bbox 1776 2643 1961 2690; x_wconf 87' lang='lat' dir='ltr'>illorum</span> <span class='ocrx_word' id='word_1_469' title='bbox 1987 2643 2188 2690; x_wconf 79' lang='lat' dir='ltr'>ambiisse</span> <span class='ocrx_word' id='word_1_470' title='bbox 2211 2644 2419 2705; x_wconf 87' lang='lat' dir='ltr'>viderer,</span> <span class='ocrx_word' id='word_1_471' title='bbox 2452 2641 2489 2693; x_wconf 77' lang='grc' dir='ltr'>Ιῖ</span> <span class='ocrx_word' id='word_1_472' title='bbox 2528 2647 2547 2706; x_wconf 48' lang='lat' dir='ltr'>{ij</span> 
     </span>
     <span class='ocr_line' id='line_1_40' title="bbox 375 2705 2547 2773; baseline 0.002 -21"><span class='ocrx_word' id='word_1_473' title='bbox 375 2705 485 2769; x_wconf 89' lang='lat' dir='ltr'>quid</span> <span class='ocrx_word' id='word_1_474' title='bbox 515 2705 633 2752; x_wconf 90' lang='lat' dir='ltr'>bene</span> <span class='ocrx_word' id='word_1_475' title='bbox 655 2719 790 2768; x_wconf 88' lang='lat' dir='ltr'>atque</span> <span class='ocrx_word' id='word_1_476' title='bbox 822 2708 1000 2754; x_wconf 88' lang='lat' dir='ltr'>utiliter</span> <span class='ocrx_word' id='word_1_477' title='bbox 1034 2705 1208 2754; x_wconf 56' lang='lat' dir='ltr'>diffisum</span> <span class='ocrx_word' id='word_1_478' title='bbox 1247 2707 1500 2771; x_wconf 82' lang='lat' dir='ltr'>probassem</span> <span class='ocrx_word' id='word_1_479' title='bbox 1527 2726 1537 2754; x_wconf 91' lang='lat'><strong>:</strong></span> <span class='ocrx_word' id='word_1_480' title='bbox 1582 2721 1660 2755; x_wconf 90' lang='lat' dir='ltr'>aut</span> <span class='ocrx_word' id='word_1_481' title='bbox 1694 2720 1884 2768; x_wconf 86' lang='lat' dir='ltr'>contra,</span> <span class='ocrx_word' id='word_1_482' title='bbox 1920 2706 2320 2773; x_wconf 82' lang='lat' dir='ltr'>reprehensionem</span> <span class='ocrx_word' id='word_1_483' title='bbox 2352 2711 2486 2773; x_wconf 58' lang='lat' dir='ltr'>atque</span> <span class='ocrx_word' id='word_1_484' title='bbox 2528 2728 2547 2752; x_wconf 54' lang='grc' dir='ltr'><strong><em>ἐ</em></strong></span> 
     </span>
     <span class='ocr_line' id='line_1_41' title="bbox 376 2769 2547 2840; baseline 0.004 -24"><span class='ocrx_word' id='word_1_485' title='bbox 376 2771 535 2816; x_wconf 89' lang='lat' dir='ltr'>odium</span> <span class='ocrx_word' id='word_1_486' title='bbox 562 2769 814 2818; x_wconf 87' lang='lat' dir='ltr'>eorundem</span> <span class='ocrx_word' id='word_1_487' title='bbox 839 2770 1095 2836; x_wconf 79' lang='lat' dir='ltr'>quaesiisse,</span> <span class='ocrx_word' id='word_1_488' title='bbox 1132 2772 1162 2819; x_wconf 88' lang='lat' dir='ltr'>fi</span> <span class='ocrx_word' id='word_1_489' title='bbox 1189 2773 1300 2836; x_wconf 89' lang='lat' dir='ltr'>quid</span> <span class='ocrx_word' id='word_1_490' title='bbox 1326 2773 1448 2819; x_wconf 90' lang='lat' dir='ltr'>secus</span> <span class='ocrx_word' id='word_1_491' title='bbox 1474 2773 1529 2819; x_wconf 88' lang='lat' dir='ltr'>ab</span> <span class='ocrx_word' id='word_1_492' title='bbox 1555 2773 1640 2819; x_wconf 90' lang='lat' dir='ltr'>illis</span> <span class='ocrx_word' id='word_1_493' title='bbox 1663 2775 1894 2836; x_wconf 81' lang='lat' dir='ltr'>prolatum</span> <span class='ocrx_word' id='word_1_494' title='bbox 1919 2775 2177 2838; x_wconf 89' lang='lat' dir='ltr'>arguissem.</span> <span class='ocrx_word' id='word_1_495' title='bbox 2247 2775 2376 2821; x_wconf 91' lang='lat' dir='ltr'>Nam</span> <span class='ocrx_word' id='word_1_496' title='bbox 2398 2773 2486 2840; x_wconf 72' lang='lat' dir='ltr'>ipse</span> <span class='ocrx_word' id='word_1_497' title='bbox 2542 2774 2547 2805; x_wconf 75' lang='grc'>’·</span> 
     </span>
     <span class='ocr_line' id='line_1_42' title="bbox 375 2835 2535 2903; baseline 0.004 -22"><span class='ocrx_word' id='word_1_498' title='bbox 375 2835 559 2898; x_wconf 88' lang='lat' dir='ltr'>quidem</span> <span class='ocrx_word' id='word_1_499' title='bbox 575 2869 590 2894; x_wconf 89' lang='lat'>,</span> <span class='ocrx_word' id='word_1_500' title='bbox 625 2848 679 2881; x_wconf 89' lang='lat' dir='ltr'>ut</span> <span class='ocrx_word' id='word_1_501' title='bbox 713 2837 830 2883; x_wconf 86' lang='lat' dir='ltr'>mihi</span> <span class='ocrx_word' id='word_1_502' title='bbox 856 2837 1035 2884; x_wconf 87' lang='lat' dir='ltr'>detrahi</span> <span class='ocrx_word' id='word_1_503' title='bbox 1062 2839 1109 2884; x_wconf 90' lang='lat' dir='ltr'>in</span> <span class='ocrx_word' id='word_1_504' title='bbox 1131 2838 1229 2897; x_wconf 86' lang='lat' dir='ltr'>his,</span> <span class='ocrx_word' id='word_1_505' title='bbox 1254 2854 1366 2903; x_wconf 90' lang='lat' dir='ltr'>quae</span> <span class='ocrx_word' id='word_1_506' title='bbox 1389 2836 1509 2885; x_wconf 67' lang='lat' dir='ltr'>reste</span> <span class='ocrx_word' id='word_1_507' title='bbox 1529 2836 1648 2884; x_wconf 86' lang='lat' dir='ltr'>facio</span> <span class='ocrx_word' id='word_1_508' title='bbox 1670 2853 1747 2885; x_wconf 87' lang='lat' dir='ltr'>aut</span> <span class='ocrx_word' id='word_1_509' title='bbox 1771 2839 1877 2886; x_wconf 85' lang='lat' dir='ltr'>dico</span> <span class='ocrx_word' id='word_1_510' title='bbox 1894 2874 1909 2899; x_wconf 95' lang='lat'>,</span> <span class='ocrx_word' id='word_1_511' title='bbox 1945 2840 2117 2886; x_wconf 89' lang='lat' dir='ltr'>nolim:</span> <span class='ocrx_word' id='word_1_512' title='bbox 2155 2840 2218 2885; x_wconf 89' lang='lat' dir='ltr'>ita</span> <span class='ocrx_word' id='word_1_513' title='bbox 2245 2839 2390 2886; x_wconf 88' lang='lat' dir='ltr'>rursus</span> <span class='ocrx_word' id='word_1_514' title='bbox 2410 2855 2485 2889; x_wconf 75' lang='lat' dir='ltr'>nc-</span> <span class='ocrx_word' id='word_1_515' title='bbox 2526 2868 2535 2889; x_wconf 50' lang='lat' dir='ltr'><em>f</em></span> 
     </span>
     <span class='ocr_line' id='line_1_43' title="bbox 376 2898 2547 2967; baseline 0.003 -23"><span class='ocrx_word' id='word_1_516' title='bbox 376 2915 465 2961; x_wconf 88' lang='lat' dir='ltr'>que</span> <span class='ocrx_word' id='word_1_517' title='bbox 488 2898 777 2960; x_wconf 82' lang='lat' dir='ltr'>dissimulari,</span> <span class='ocrx_word' id='word_1_518' title='bbox 814 2900 844 2948; x_wconf 87' lang='lat' dir='ltr'>fi</span> <span class='ocrx_word' id='word_1_519' title='bbox 868 2919 954 2966; x_wconf 88' lang='lat' dir='ltr'>qua</span> <span class='ocrx_word' id='word_1_520' title='bbox 1014 2917 1249 2967; x_wconf 86' lang='lat' dir='ltr'>erperam,</span> <span class='ocrx_word' id='word_1_521' title='bbox 1279 2917 1357 2950; x_wconf 89' lang='lat' dir='ltr'>aut</span> <span class='ocrx_word' id='word_1_522' title='bbox 1384 2905 1532 2950; x_wconf 89' lang='lat' dir='ltr'>minus</span> <span class='ocrx_word' id='word_1_523' title='bbox 1558 2903 1787 2951; x_wconf 69' lang='lat' dir='ltr'>intelle&amp;a</span> <span class='ocrx_word' id='word_1_524' title='bbox 1820 2921 1905 2967; x_wconf 85' lang='lat' dir='ltr'>pro</span> <span class='ocrx_word' id='word_1_525' title='bbox 1939 2906 2055 2950; x_wconf 87' lang='lat' dir='ltr'>veris</span> <span class='ocrx_word' id='word_1_526' title='bbox 2088 2920 2140 2951; x_wconf 89' lang='lat' dir='ltr'>ac</span> <span class='ocrx_word' id='word_1_527' title='bbox 2162 2905 2376 2967; x_wconf 84' lang='lat' dir='ltr'>genuinis</span> <span class='ocrx_word' id='word_1_528' title='bbox 2401 2900 2488 2951; x_wconf 45' lang='lat' dir='ltr'>tra:</span> <span class='ocrx_word' id='word_1_529' title='bbox 2525 2933 2547 2961; x_wconf 38' lang='lat' dir='ltr'><em>s</em></span> 
     </span>
     <span class='ocr_line' id='line_1_44' title="bbox 375 2963 2486 3030; baseline 0.003 -21"><span class='ocrx_word' id='word_1_530' title='bbox 375 2963 564 3024; x_wconf 88' lang='lat' dir='ltr'>didero,</span> <span class='ocrx_word' id='word_1_531' title='bbox 602 2981 885 3030; x_wconf 89' lang='lat' dir='ltr'>magnopere</span> <span class='ocrx_word' id='word_1_532' title='bbox 904 2967 959 3012; x_wconf 92' lang='lat' dir='ltr'>de</span> <span class='ocrx_word' id='word_1_533' title='bbox 982 2967 1206 3014; x_wconf 80' lang='lat' dir='ltr'>iderarim.</span> <span class='ocrx_word' id='word_1_534' title='bbox 1276 2968 1363 3015; x_wconf 86' lang='lat' dir='ltr'>Sed</span> <span class='ocrx_word' id='word_1_535' title='bbox 1388 2968 1443 3014; x_wconf 90' lang='lat' dir='ltr'>de</span> <span class='ocrx_word' id='word_1_536' title='bbox 1471 2968 1633 3015; x_wconf 85' lang='lat' dir='ltr'>nostris</span> <span class='ocrx_word' id='word_1_537' title='bbox 1660 2970 1878 3016; x_wconf 86' lang='lat' dir='ltr'>institutis</span> <span class='ocrx_word' id='word_1_538' title='bbox 1902 2986 1953 3017; x_wconf 86' lang='lat' dir='ltr'>ac</span> <span class='ocrx_word' id='word_1_539' title='bbox 1977 2969 2106 3016; x_wconf 88' lang='lat' dir='ltr'>rebus</span> <span class='ocrx_word' id='word_1_540' title='bbox 2129 2968 2360 3016; x_wconf 58' lang='lat' dir='ltr'>haestenus.</span> <span class='ocrx_word' id='word_1_541' title='bbox 2414 2967 2486 3016; x_wconf 69' lang='lat' dir='ltr'>Ut</span> 
     </span>
     <span class='ocr_line' id='line_1_45' title="bbox 375 3029 2527 3099; baseline 0.003 -25"><span class='ocrx_word' id='word_1_542' title='bbox 375 3030 524 3092; x_wconf 86' lang='lat' dir='ltr'>igitur</span> <span class='ocrx_word' id='word_1_543' title='bbox 559 3029 613 3076; x_wconf 89' lang='lat' dir='ltr'>ad</span> <span class='ocrx_word' id='word_1_544' title='bbox 647 3043 692 3077; x_wconf 90' lang='lat' dir='ltr'>te</span> <span class='ocrx_word' id='word_1_545' title='bbox 729 3031 971 3095; x_wconf 87' lang='lat' dir='ltr'>aliquando</span> <span class='ocrx_word' id='word_1_546' title='bbox 1006 3048 1218 3093; x_wconf 79' lang='lat' dir='ltr'>veniam,</span> <span class='ocrx_word' id='word_1_547' title='bbox 1253 3033 1420 3088; x_wconf 79' lang='lat' dir='ltr'>Iacobe</span> <span class='ocrx_word' id='word_1_548' title='bbox 1447 3033 1621 3080; x_wconf 75' lang='lat' dir='ltr'>Clariis.</span> <span class='ocrx_word' id='word_1_549' title='bbox 1657 3036 1763 3099; x_wconf 87' lang='lat' dir='ltr'>quia</span> <span class='ocrx_word' id='word_1_550' title='bbox 1783 3050 1895 3081; x_wconf 87' lang='lat' dir='ltr'>vero</span> <span class='ocrx_word' id='word_1_551' title='bbox 1912 3038 2008 3099; x_wconf 90' lang='lat' dir='ltr'>jam</span> <span class='ocrx_word' id='word_1_552' title='bbox 2032 3033 2142 3080; x_wconf 91' lang='lat' dir='ltr'>olim</span> <span class='ocrx_word' id='word_1_553' title='bbox 2171 3034 2332 3097; x_wconf 88' lang='lat' dir='ltr'>optavi</span> <span class='ocrx_word' id='word_1_554' title='bbox 2353 3035 2484 3080; x_wconf 72' lang='lat' dir='ltr'>occa·v</span> <span class='ocrx_word' id='word_1_555' title='bbox 2526 3038 2527 3097; x_wconf 47' lang='grc' dir='ltr'>ᾗ</span> 
     </span>
     <span class='ocr_line' id='line_1_46' title="bbox 378 3093 2527 3164; baseline 0.001 -23"><span class='ocrx_word' id='word_1_556' title='bbox 378 3093 551 3141; x_wconf 76' lang='lat' dir='ltr'>sionem</span> <span class='ocrx_word' id='word_1_557' title='bbox 575 3096 771 3158; x_wconf 87' lang='lat' dir='ltr'>aliquam</span> <span class='ocrx_word' id='word_1_558' title='bbox 797 3097 912 3144; x_wconf 91' lang='lat' dir='ltr'>mihi</span> <span class='ocrx_word' id='word_1_559' title='bbox 935 3097 1059 3157; x_wconf 87' lang='lat' dir='ltr'>dari,</span> <span class='ocrx_word' id='word_1_560' title='bbox 1096 3113 1185 3161; x_wconf 87' lang='lat' dir='ltr'>qua</span> <span class='ocrx_word' id='word_1_561' title='bbox 1206 3099 1492 3145; x_wconf 85' lang='lat' dir='ltr'>voluntatem</span> <span class='ocrx_word' id='word_1_562' title='bbox 1516 3114 1623 3164; x_wconf 86' lang='lat' dir='ltr'>erga</span> <span class='ocrx_word' id='word_1_563' title='bbox 1645 3113 1692 3146; x_wconf 91' lang='lat' dir='ltr'>te</span> <span class='ocrx_word' id='word_1_564' title='bbox 1716 3116 1859 3146; x_wconf 88' lang='lat' dir='ltr'>meam</span> <span class='ocrx_word' id='word_1_565' title='bbox 1883 3099 2108 3146; x_wconf 88' lang='lat' dir='ltr'>declarare</span> <span class='ocrx_word' id='word_1_566' title='bbox 2131 3099 2303 3162; x_wconf 90' lang='lat' dir='ltr'>possem</span> <span class='ocrx_word' id='word_1_567' title='bbox 2319 3133 2334 3159; x_wconf 92' lang='lat'>,</span> <span class='ocrx_word' id='word_1_568' title='bbox 2356 3112 2485 3146; x_wconf 88' lang='lat' dir='ltr'>com·</span> <span class='ocrx_word' id='word_1_569' title='bbox 2525 3160 2527 3163; x_wconf 16' lang='lat' dir='ltr'>v</span> 
     </span>
     <span class='ocr_line' id='line_1_47' title="bbox 378 3158 2525 3228; baseline 0.002 -24"><span class='ocrx_word' id='word_1_570' title='bbox 378 3158 570 3206; x_wconf 88' lang='lat' dir='ltr'>modum</span> <span class='ocrx_word' id='word_1_571' title='bbox 595 3162 642 3207; x_wconf 87' lang='lat' dir='ltr'>in</span> <span class='ocrx_word' id='word_1_572' title='bbox 668 3174 868 3209; x_wconf 87' lang='lat' dir='ltr'>mentem</span> <span class='ocrx_word' id='word_1_573' title='bbox 894 3163 1011 3210; x_wconf 89' lang='lat' dir='ltr'>mihi</span> <span class='ocrx_word' id='word_1_574' title='bbox 1032 3165 1188 3223; x_wconf 86' lang='lat' dir='ltr'>venit,</span> <span class='ocrx_word' id='word_1_575' title='bbox 1223 3163 1348 3210; x_wconf 90' lang='lat' dir='ltr'>hunc</span> <span class='ocrx_word' id='word_1_576' title='bbox 1374 3164 1580 3210; x_wconf 88' lang='lat' dir='ltr'>nostrum</span> <span class='ocrx_word' id='word_1_577' title='bbox 1605 3165 1806 3212; x_wconf 85' lang='lat' dir='ltr'>laborem</span> <span class='ocrx_word' id='word_1_578' title='bbox 1828 3163 1913 3211; x_wconf 90' lang='lat' dir='ltr'>tibi</span> <span class='ocrx_word' id='word_1_579' title='bbox 1940 3162 2176 3223; x_wconf 90' lang='lat' dir='ltr'>dedicare,</span> <span class='ocrx_word' id='word_1_580' title='bbox 2212 3177 2386 3228; x_wconf 87' lang='lat' dir='ltr'>tuoque</span> <span class='ocrx_word' id='word_1_581' title='bbox 2406 3158 2486 3216; x_wconf 69' lang='lat' dir='ltr'>sub¹</span> <span class='ocrx_word' id='word_1_582' title='bbox 2524 3195 2525 3204; x_wconf 25' lang='grc' dir='ltr'>η</span> 
     </span>
    </p>
   </div>
   <div class='ocr_carea' id='block_1_3' title="bbox 379 3225 2525 3338">
    <p class='ocr_par' dir='ltr' id='par_1_12' title="bbox 379 3225 2525 3338">
     <span class='ocr_line' id='line_1_48' title="bbox 379 3225 2525 3337; baseline 0.003 -67"><span class='ocrx_word' id='word_1_583' title='bbox 379 3225 568 3272; x_wconf 86' lang='lat' dir='ltr'>nomine</span> <span class='ocrx_word' id='word_1_584' title='bbox 602 3228 649 3273; x_wconf 89' lang='lat' dir='ltr'>in</span> <span class='ocrx_word' id='word_1_585' title='bbox 681 3226 850 3292; x_wconf 83' lang='lat' dir='ltr'>vulgus</span> <span class='ocrx_word' id='word_1_586' title='bbox 872 3229 1098 3278; x_wconf 86' lang='lat' dir='ltr'>emittere.</span> <span class='ocrx_word' id='word_1_587' title='bbox 1165 3229 1285 3279; x_wconf 89' lang='lat' dir='ltr'>Non</span> <span class='ocrx_word' id='word_1_588' title='bbox 1307 3231 1411 3292; x_wconf 86' lang='lat' dir='ltr'>quia</span> <span class='ocrx_word' id='word_1_589' title='bbox 1432 3241 1673 3294; x_wconf 85' lang='lat' dir='ltr'>tantopere</span> <span class='ocrx_word' id='word_1_590' title='bbox 1695 3228 2068 3294; x_wconf 87' lang='lat' dir='ltr'>gratificaturum</span> <span class='ocrx_word' id='word_1_591' title='bbox 2093 3244 2168 3277; x_wconf 86' lang='lat' dir='ltr'>me</span> <span class='ocrx_word' id='word_1_592' title='bbox 2191 3229 2277 3277; x_wconf 90' lang='lat' dir='ltr'>tibi</span> <span class='ocrx_word' id='word_1_593' title='bbox 2300 3237 2483 3337; x_wconf 33' lang='lat' dir='ltr'>mun-tare</span> <span class='ocrx_word' id='word_1_594' title='bbox 2524 3247 2525 3299; x_wconf 46' lang='lat'><em>3</em></span> 
     </span>
     <span class='ocr_line' id='line_1_49' title="bbox 2398 3304 2525 3338; baseline -0.024 0"><span class='ocrx_word' id='word_1_595' title='bbox 2398 3308 2413 3338; x_wconf 92' lang='lat'>1</span> <span class='ocrx_word' id='word_1_596' title='bbox 2453 3304 2481 3335; x_wconf 93' lang='lat' dir='ltr'>o</span> <span class='ocrx_word' id='word_1_597' title='bbox 2524 3323 2525 3326; x_wconf 18' lang='grc' dir='ltr'>η</span> 
     </span>
    </p>
   </div>
   <div class='ocr_carea' id='block_1_4' title="bbox 2527 1161 2547 2533">
    <p class='ocr_par' dir='ltr' id='par_1_13' title="bbox 2527 1161 2547 2533">
     <span class='ocr_line' id='line_1_50' title="bbox 2527 1161 2547 2533; baseline 0 0"><span class='ocrx_word' id='word_1_598' title='bbox 2527 1161 2547 2533; x_wconf 95' lang='lat' dir='ltr'> </span> 
     </span>
    </p>
   </div>
  </div>
 </body>
</html>
