<?xml version="1.0" encoding="UTF-8"?>
<!DOCTYPE html PUBLIC "-//W3C//DTD XHTML 1.0 Transitional//EN"
    "http://www.w3.org/TR/xhtml1/DTD/xhtml1-transitional.dtd">
<html xmlns="http://www.w3.org/1999/xhtml" xml:lang="en" lang="en">
 <head>
  <title>
</title>
<meta http-equiv="Content-Type" content="text/html;charset=utf-8" />
  <meta name='ocr-system' content='tesseract 3.04.00' />
  <meta name='ocr-capabilities' content='ocr_page ocr_carea ocr_par ocr_line ocrx_word'/>
</head>
<body>
  <div class='ocr_page' id='page_1' title='image "./publiiovidiinaso04ovid_0420.png"; bbox 0 0 2547 3708; ppageno 0'>
   <div class='ocr_carea' id='block_1_1' title="bbox 368 135 2307 202">
    <p class='ocr_par' dir='ltr' id='par_1_1' title="bbox 368 135 2307 202">
     <span class='ocr_line' id='line_1_1' title="bbox 368 135 2307 202; baseline 0.002 -15"><span class='ocrx_word' id='word_1_1' title='bbox 368 135 457 202; x_wconf 70' lang='lat'><em>238</em></span> <span class='ocrx_word' id='word_1_2' title='bbox 546 137 1013 191; x_wconf 86' lang='lat' dir='ltr'>TESTIMONIA</span> <span class='ocrx_word' id='word_1_3' title='bbox 1049 153 1116 186; x_wconf 72' lang='grc' dir='ltr'><em>ΕΤ</em></span> <span class='ocrx_word' id='word_1_4' title='bbox 1146 136 1434 199; x_wconf 67' lang='lat' dir='ltr'><em>JUDICLA</em></span> <span class='ocrx_word' id='word_1_5' title='bbox 1472 139 1567 188; x_wconf 86' lang='lat' dir='ltr'><em>DE</em></span> <span class='ocrx_word' id='word_1_6' title='bbox 1601 140 1654 187; x_wconf 70' lang='lat' dir='ltr'><em>P,</em></span> <span class='ocrx_word' id='word_1_7' title='bbox 1691 138 1953 189; x_wconf 72' lang='lat' dir='ltr'>OVIDIO</span> <span class='ocrx_word' id='word_1_8' title='bbox 1992 139 2307 191; x_wconf 84' lang='lat' dir='ltr'>NASONE.</span> 
     </span>
    </p>
   </div>
   <div class='ocr_carea' id='block_1_2' title="bbox 420 234 1739 3243">
    <p class='ocr_par' dir='ltr' id='par_1_2' title="bbox 491 234 1571 363">
     <span class='ocr_line' id='line_1_2' title="bbox 491 234 1571 301; baseline -0.006 -18"><span class='ocrx_word' id='word_1_9' title='bbox 491 235 658 283; x_wconf 84' lang='lat' dir='ltr'><em>Indolui</em></span> <span class='ocrx_word' id='word_1_10' title='bbox 678 235 833 301; x_wconf 79' lang='lat' dir='ltr'><em>laesus:</em></span> <span class='ocrx_word' id='word_1_11' title='bbox 863 250 1145 297; x_wconf 83' lang='lat' dir='ltr'><em>puerumque,</em></span> <span class='ocrx_word' id='word_1_12' title='bbox 1181 234 1342 279; x_wconf 85' lang='lat' dir='ltr'><em>altricis</em></span> <span class='ocrx_word' id='word_1_13' title='bbox 1367 243 1571 295; x_wconf 75' lang='lat' dir='ltr'><em>egentem,</em></span> 
     </span>
     <span class='ocr_line' id='line_1_3' title="bbox 560 299 1517 363; baseline -0.006 -14"><span class='ocrx_word' id='word_1_14' title='bbox 560 303 796 360; x_wconf 66' lang='lat' dir='ltr'><em>Lactanti‚</em></span> <span class='ocrx_word' id='word_1_15' title='bbox 824 304 966 363; x_wconf 85' lang='lat' dir='ltr'><em>patrio</em></span> <span class='ocrx_word' id='word_1_16' title='bbox 991 306 1126 347; x_wconf 68' lang='lat' dir='ltr'><em>tactus</em></span> <span class='ocrx_word' id='word_1_17' title='bbox 1145 314 1311 358; x_wconf 84' lang='lat' dir='ltr'><em>amore,</em></span> <span class='ocrx_word' id='word_1_18' title='bbox 1343 299 1455 347; x_wconf 68' lang='lat' dir='ltr'><em>dedi·</em></span> <span class='ocrx_word' id='word_1_19' title='bbox 1513 315 1517 320; x_wconf 93' lang='lat'>·</span> 
     </span>
    </p>

    <p class='ocr_par' dir='ltr' id='par_1_3' title="bbox 492 364 1580 495">
     <span class='ocr_line' id='line_1_4' title="bbox 492 364 1580 430; baseline -0.003 -18"><span class='ocrx_word' id='word_1_20' title='bbox 492 366 617 413; x_wconf 86' lang='lat' dir='ltr'><em>Forte</em></span> <span class='ocrx_word' id='word_1_21' title='bbox 636 370 722 414; x_wconf 88' lang='lat' dir='ltr'><em>illic</em></span> <span class='ocrx_word' id='word_1_22' title='bbox 745 368 956 430; x_wconf 80' lang='lat' dir='ltr'><em>Phrygiae</em></span> <span class='ocrx_word' id='word_1_23' title='bbox 977 378 1171 413; x_wconf 85' lang='lat' dir='ltr'><em>matrona</em></span> <span class='ocrx_word' id='word_1_24' title='bbox 1195 367 1216 411; x_wconf 78' lang='grc' dir='ltr'><em>ὲ</em></span> <span class='ocrx_word' id='word_1_25' title='bbox 1231 365 1428 428; x_wconf 74' lang='lat' dir='ltr'><em>sanguine</em></span> <span class='ocrx_word' id='word_1_26' title='bbox 1446 364 1580 427; x_wconf 78' lang='lat' dir='ltr'><em>gentis</em></span> 
     </span>
     <span class='ocr_line' id='line_1_5' title="bbox 556 432 1392 495; baseline -0.004 -17"><span class='ocrx_word' id='word_1_27' title='bbox 556 433 704 479; x_wconf 83' lang='lat' dir='ltr'><em>Enixa</em></span> <span class='ocrx_word' id='word_1_28' title='bbox 727 433 810 494; x_wconf 82' lang='lat' dir='ltr'><em>est:</em></span> <span class='ocrx_word' id='word_1_29' title='bbox 847 449 932 479; x_wconf 79' lang='lat' dir='ltr'><em>una</em></span> <span class='ocrx_word' id='word_1_30' title='bbox 957 449 1060 495; x_wconf 81' lang='lat' dir='ltr'><em>quae</em></span> <span class='ocrx_word' id='word_1_31' title='bbox 1072 433 1168 494; x_wconf 88' lang='lat' dir='ltr'><em>fuit</em></span> <span class='ocrx_word' id='word_1_32' title='bbox 1189 433 1289 477; x_wconf 84' lang='lat' dir='ltr'><em>orba</em></span> <span class='ocrx_word' id='word_1_33' title='bbox 1312 432 1392 477; x_wconf 84' lang='lat' dir='ltr'><em>die.</em></span> 
     </span>
    </p>

    <p class='ocr_par' dir='ltr' id='par_1_4' title="bbox 420 497 1629 559">
     <span class='ocr_line' id='line_1_6' title="bbox 420 497 1629 559; baseline -0.002 -14"><span class='ocrx_word' id='word_1_34' title='bbox 420 505 422 507; x_wconf 75' lang='grc'><strong><em>’</em></strong></span> <span class='ocrx_word' id='word_1_35' title='bbox 493 498 615 545; x_wconf 88' lang='lat' dir='ltr'><em>Strix</em></span> <span class='ocrx_word' id='word_1_36' title='bbox 629 501 997 558; x_wconf 81' lang='lat' dir='ltr'><em>puerum&#39;rapuit:</em></span> <span class='ocrx_word' id='word_1_37' title='bbox 1032 502 1255 558; x_wconf 83' lang='lat' dir='ltr'><em>nutrixque</em></span> <span class='ocrx_word' id='word_1_38' title='bbox 1272 497 1478 543; x_wconf 82' lang='lat' dir='ltr'><em>doloribus</em></span> <span class='ocrx_word' id='word_1_39' title='bbox 1503 512 1629 559; x_wconf 67' lang='lat' dir='ltr'><em>aegra</em></span> 
     </span>
    </p>

    <p class='ocr_par' dir='ltr' id='par_1_5' title="bbox 559 563 1568 625">
     <span class='ocr_line' id='line_1_7' title="bbox 559 563 1568 625; baseline -0.001 -16"><span class='ocrx_word' id='word_1_40' title='bbox 559 563 777 625; x_wconf 81' lang='lat' dir='ltr'><em>Supposuit</em></span> <span class='ocrx_word' id='word_1_41' title='bbox 795 563 988 625; x_wconf 81' lang='lat' dir='ltr'><em>foetum,</em></span> <span class='ocrx_word' id='word_1_42' title='bbox 1023 575 1157 610; x_wconf 88' lang='lat' dir='ltr'><em>matre</em></span> <span class='ocrx_word' id='word_1_43' title='bbox 1165 574 1381 624; x_wconf 72' lang='lat' dir='ltr'><em>juvante,</em></span> <span class='ocrx_word' id='word_1_44' title='bbox 1418 579 1568 610; x_wconf 80' lang='lat' dir='ltr'><em>meum.</em></span> 
     </span>
    </p>

    <p class='ocr_par' dir='ltr' id='par_1_6' title="bbox 491 627 1561 756">
     <span class='ocr_line' id='line_1_8' title="bbox 491 627 1561 690; baseline -0.001 -16"><span class='ocrx_word' id='word_1_45' title='bbox 491 627 673 689; x_wconf 66' lang='lat' dir='ltr'><em>Dcsserui</em></span> <span class='ocrx_word' id='word_1_46' title='bbox 697 630 957 689; x_wconf 80' lang='lat' dir='ltr'><em>Nympham.</em></span> <span class='ocrx_word' id='word_1_47' title='bbox 993 628 1087 690; x_wconf 89' lang='lat' dir='ltr'><em>visa</em></span> <span class='ocrx_word' id='word_1_48' title='bbox 1111 629 1165 690; x_wconf 87' lang='lat' dir='ltr'><em>est</em></span> <span class='ocrx_word' id='word_1_49' title='bbox 1186 629 1353 690; x_wconf 71' lang='lat' dir='ltr'><em>indigna</em></span> <span class='ocrx_word' id='word_1_50' title='bbox 1369 630 1561 687; x_wconf 75' lang='lat' dir='ltr'><em>parentis</em></span> 
     </span>
     <span class='ocr_line' id='line_1_9' title="bbox 561 693 1509 756; baseline 0.001 -18"><span class='ocrx_word' id='word_1_51' title='bbox 561 695 769 740; x_wconf 88' lang='lat' dir='ltr'><em>Nomine:</em></span> <span class='ocrx_word' id='word_1_52' title='bbox 807 694 900 753; x_wconf 64' lang='lat' dir='ltr'><em>visti</em></span> <span class='ocrx_word' id='word_1_53' title='bbox 924 710 1008 741; x_wconf 91' lang='lat' dir='ltr'><em>meo</em></span> <span class='ocrx_word' id='word_1_54' title='bbox 1030 694 1232 756; x_wconf 72' lang='lat' dir='ltr'><em>nonsatis</em></span> <span class='ocrx_word' id='word_1_55' title='bbox 1253 705 1355 753; x_wconf 86' lang='lat' dir='ltr'><em>apta</em></span> <span class='ocrx_word' id='word_1_56' title='bbox 1375 693 1509 739; x_wconf 81' lang='lat' dir='ltr'><em>thoro.</em></span> 
     </span>
    </p>

    <p class='ocr_par' dir='ltr' id='par_1_7' title="bbox 496 758 1460 888">
     <span class='ocr_line' id='line_1_10' title="bbox 496 758 1460 823; baseline 0.002 -21"><span class='ocrx_word' id='word_1_57' title='bbox 496 759 677 818; x_wconf 85' lang='lat' dir='ltr'><em>Calliope</em></span> <span class='ocrx_word' id='word_1_58' title='bbox 686 758 815 821; x_wconf 88' lang='lat' dir='ltr'><em>sacra</em></span> <span class='ocrx_word' id='word_1_59' title='bbox 836 763 1020 823; x_wconf 85' lang='lat' dir='ltr'><em>genitum</em></span> <span class='ocrx_word' id='word_1_60' title='bbox 1040 761 1294 806; x_wconf 73' lang='lat' dir='ltr'><em>circumtulit</em></span> <span class='ocrx_word' id='word_1_61' title='bbox 1317 761 1429 805; x_wconf 89' lang='lat' dir='ltr'><em>unda</em></span> <span class='ocrx_word' id='word_1_62' title='bbox 1444 791 1460 817; x_wconf 82' lang='lat'>,</span> 
     </span>
     <span class='ocr_line' id='line_1_11' title="bbox 556 824 1460 888; baseline 0.001 -20"><span class='ocrx_word' id='word_1_63' title='bbox 556 824 621 868; x_wconf 88' lang='lat' dir='ltr'><em>Et</em></span> <span class='ocrx_word' id='word_1_64' title='bbox 643 840 748 885; x_wconf 82' lang='lat' dir='ltr'><em>quae</em></span> <span class='ocrx_word' id='word_1_65' title='bbox 771 826 819 871; x_wconf 88' lang='lat' dir='ltr'><em>de</em></span> <span class='ocrx_word' id='word_1_66' title='bbox 840 837 976 872; x_wconf 89' lang='lat' dir='ltr'><em>tenero</em></span> <span class='ocrx_word' id='word_1_67' title='bbox 998 842 1140 872; x_wconf 88' lang='lat' dir='ltr'><em>nomen</em></span> <span class='ocrx_word' id='word_1_68' title='bbox 1162 828 1320 872; x_wconf 86' lang='lat' dir='ltr'><em>Amore</em></span> <span class='ocrx_word' id='word_1_69' title='bbox 1332 828 1460 888; x_wconf 84' lang='lat' dir='ltr'><em>gerit.</em></span> 
     </span>
    </p>

    <p class='ocr_par' dir='ltr' id='par_1_8' title="bbox 491 888 1547 1018">
     <span class='ocr_line' id='line_1_12' title="bbox 491 888 1547 951; baseline 0.001 -18"><span class='ocrx_word' id='word_1_70' title='bbox 491 889 589 934; x_wconf 79' lang='lat' dir='ltr'><em>,Nec</em></span> <span class='ocrx_word' id='word_1_71' title='bbox 602 888 732 951; x_wconf 89' lang='lat' dir='ltr'><em>semel</em></span> <span class='ocrx_word' id='word_1_72' title='bbox 744 891 805 936; x_wconf 91' lang='lat' dir='ltr'><em>ad</em></span> <span class='ocrx_word' id='word_1_73' title='bbox 820 906 945 938; x_wconf 87' lang='lat' dir='ltr'><em>cunas</em></span> <span class='ocrx_word' id='word_1_74' title='bbox 972 894 1112 937; x_wconf 80' lang='lat' dir='ltr'><em>cecinit</em></span> <span class='ocrx_word' id='word_1_75' title='bbox 1137 891 1358 950; x_wconf 73' lang='lat' dir='ltr'><em>Cythereia</em></span> <span class='ocrx_word' id='word_1_76' title='bbox 1383 900 1518 937; x_wconf 82' lang='lat' dir='ltr'><em>mater</em></span> <span class='ocrx_word' id='word_1_77' title='bbox 1532 924 1547 950; x_wconf 75' lang='lat'>,</span> 
     </span>
     <span class='ocr_line' id='line_1_13' title="bbox 558 954 1366 1018; baseline 0.001 -19"><span class='ocrx_word' id='word_1_78' title='bbox 558 954 622 999; x_wconf 91' lang='lat' dir='ltr'><em>Et</em></span> <span class='ocrx_word' id='word_1_79' title='bbox 638 968 761 1014; x_wconf 85' lang='lat' dir='ltr'><em>puero</em></span> <span class='ocrx_word' id='word_1_80' title='bbox 770 955 934 1018; x_wconf 76' lang='lat' dir='ltr'><em>fhmnos</em></span> <span class='ocrx_word' id='word_1_81' title='bbox 954 959 1192 1003; x_wconf 75' lang='lat' dir='ltr'><em>conciliavit</em></span> <span class='ocrx_word' id='word_1_82' title='bbox 1214 959 1366 1003; x_wconf 88' lang='lat' dir='ltr'><em>Amor.</em></span> 
     </span>
    </p>

    <p class='ocr_par' dir='ltr' id='par_1_9' title="bbox 492 1018 1595 1150">
     <span class='ocr_line' id='line_1_14' title="bbox 492 1018 1595 1083; baseline 0.001 -16"><span class='ocrx_word' id='word_1_83' title='bbox 492 1019 586 1067; x_wconf 82' lang='lat' dir='ltr'><em>Vix</em></span> <span class='ocrx_word' id='word_1_84' title='bbox 596 1018 753 1080; x_wconf 81' lang='lat' dir='ltr'><em>septem</em></span> <span class='ocrx_word' id='word_1_85' title='bbox 774 1023 996 1068; x_wconf 83' lang='lat' dir='ltr'><em>addiderat</em></span> <span class='ocrx_word' id='word_1_86' title='bbox 1018 1024 1079 1067; x_wconf 84' lang='lat' dir='ltr'><em>bis</em></span> <span class='ocrx_word' id='word_1_87' title='bbox 1099 1023 1211 1068; x_wconf 75' lang='lat' dir='ltr'><em>denis</em></span> <span class='ocrx_word' id='word_1_88' title='bbox 1233 1022 1430 1083; x_wconf 85' lang='lat' dir='ltr'><em>menstbus</em></span> <span class='ocrx_word' id='word_1_89' title='bbox 1450 1038 1595 1080; x_wconf 62' lang='lat' dir='ltr'><em>annos3</em></span> 
     </span>
     <span class='ocr_line' id='line_1_15' title="bbox 560 1087 1386 1150; baseline 0.002 -20"><span class='ocrx_word' id='word_1_90' title='bbox 560 1087 668 1131; x_wconf 86' lang='lat' dir='ltr'><em>Cum</em></span> <span class='ocrx_word' id='word_1_91' title='bbox 682 1089 825 1146; x_wconf 86' lang='lat' dir='ltr'><em>patrio</em></span> <span class='ocrx_word' id='word_1_92' title='bbox 848 1091 974 1148; x_wconf 84' lang='lat' dir='ltr'><em>coepit</em></span> <span class='ocrx_word' id='word_1_93' title='bbox 994 1088 1154 1134; x_wconf 83' lang='lat' dir='ltr'><em>dulcius</em></span> <span class='ocrx_word' id='word_1_94' title='bbox 1174 1104 1240 1134; x_wconf 89' lang='lat' dir='ltr'><em>ore</em></span> <span class='ocrx_word' id='word_1_95' title='bbox 1263 1090 1386 1150; x_wconf 83' lang='lat' dir='ltr'><em>loqui.</em></span> 
     </span>
    </p>

    <p class='ocr_par' dir='ltr' id='par_1_10' title="bbox 493 1150 1465 1283">
     <span class='ocr_line' id='line_1_16' title="bbox 493 1150 1465 1213; baseline 0.001 -15"><span class='ocrx_word' id='word_1_96' title='bbox 493 1150 643 1210; x_wconf 83' lang='lat' dir='ltr'><em>Sponte</em></span> <span class='ocrx_word' id='word_1_97' title='bbox 662 1151 740 1211; x_wconf 77' lang='lat' dir='ltr'><em>sua</em></span> <span class='ocrx_word' id='word_1_98' title='bbox 761 1152 901 1213; x_wconf 85' lang='lat' dir='ltr'><em>versus</em></span> <span class='ocrx_word' id='word_1_99' title='bbox 925 1163 1059 1199; x_wconf 86' lang='lat' dir='ltr'><em>tenero</em></span> <span class='ocrx_word' id='word_1_100' title='bbox 1081 1154 1262 1200; x_wconf 74' lang='lat' dir='ltr'><em>decurrit</em></span> <span class='ocrx_word' id='word_1_101' title='bbox 1285 1155 1340 1199; x_wconf 81' lang='lat' dir='ltr'><em>ab</em></span> <span class='ocrx_word' id='word_1_102' title='bbox 1367 1169 1433 1199; x_wconf 83' lang='lat' dir='ltr'><em>ore</em></span> <span class='ocrx_word' id='word_1_103' title='bbox 1449 1184 1465 1211; x_wconf 84' lang='lat'>,</span> 
     </span>
     <span class='ocr_line' id='line_1_17' title="bbox 557 1217 1462 1283; baseline 0.001 -21"><span class='ocrx_word' id='word_1_104' title='bbox 557 1217 635 1262; x_wconf 88' lang='lat' dir='ltr'><em>Ad</em></span> <span class='ocrx_word' id='word_1_105' title='bbox 651 1234 836 1264; x_wconf 88' lang='lat' dir='ltr'><em>numeros</em></span> <span class='ocrx_word' id='word_1_106' title='bbox 858 1221 1032 1265; x_wconf 85' lang='lat' dir='ltr'><em>veniunt</em></span> <span class='ocrx_word' id='word_1_107' title='bbox 1052 1220 1183 1265; x_wconf 80' lang='lat' dir='ltr'><em>verba</em></span> <span class='ocrx_word' id='word_1_108' title='bbox 1203 1221 1338 1283; x_wconf 86' lang='lat' dir='ltr'><em>ligata</em></span> <span class='ocrx_word' id='word_1_109' title='bbox 1346 1219 1462 1281; x_wconf 81' lang='lat' dir='ltr'><em>suos.</em></span> 
     </span>
    </p>

    <p class='ocr_par' dir='ltr' id='par_1_11' title="bbox 491 1281 1569 1408">
     <span class='ocr_line' id='line_1_18' title="bbox 491 1281 1569 1348; baseline 0.001 -20"><span class='ocrx_word' id='word_1_110' title='bbox 491 1281 558 1328; x_wconf 88' lang='lat' dir='ltr'><em>Et</em></span> <span class='ocrx_word' id='word_1_111' title='bbox 580 1284 712 1341; x_wconf 82' lang='lat' dir='ltr'><em>calet,</em></span> <span class='ocrx_word' id='word_1_112' title='bbox 747 1284 802 1336; x_wconf 64' lang='lat'><em>{9⁹</em></span> <span class='ocrx_word' id='word_1_113' title='bbox 826 1287 970 1344; x_wconf 79' lang='lat' dir='ltr'><em>quovis</em></span> <span class='ocrx_word' id='word_1_114' title='bbox 986 1287 1232 1345; x_wconf 85' lang='lat' dir='ltr'><em>primaevus</em></span> <span class='ocrx_word' id='word_1_115' title='bbox 1251 1288 1442 1348; x_wconf 76' lang='lat' dir='ltr'><em>tangitur</em></span> <span class='ocrx_word' id='word_1_116' title='bbox 1465 1286 1569 1346; x_wconf 83' lang='lat' dir='ltr'><em>igne.</em></span> 
     </span>
     <span class='ocr_line' id='line_1_19' title="bbox 561 1348 1524 1408; baseline 0.001 -16"><span class='ocrx_word' id='word_1_117' title='bbox 561 1348 652 1394; x_wconf 86' lang='lat' dir='ltr'><em>Uno</em></span> <span class='ocrx_word' id='word_1_118' title='bbox 675 1348 747 1394; x_wconf 80' lang='lat' dir='ltr'><em>hoc</em></span> <span class='ocrx_word' id='word_1_119' title='bbox 766 1350 966 1408; x_wconf 82' lang='lat' dir='ltr'><em>difflmilis</em></span> <span class='ocrx_word' id='word_1_120' title='bbox 980 1386 991 1405; x_wconf 78' lang='grc'><em>,</em></span> <span class='ocrx_word' id='word_1_121' title='bbox 1027 1362 1188 1397; x_wconf 85' lang='lat' dir='ltr'><em>caetera</em></span> <span class='ocrx_word' id='word_1_122' title='bbox 1212 1354 1363 1397; x_wconf 85' lang='lat' dir='ltr'><em>matris</em></span> <span class='ocrx_word' id='word_1_123' title='bbox 1385 1350 1524 1396; x_wconf 76' lang='lat' dir='ltr'><em>habet.</em></span> 
     </span>
    </p>

    <p class='ocr_par' dir='ltr' id='par_1_12' title="bbox 491 1412 1739 1542">
     <span class='ocr_line' id='line_1_20' title="bbox 491 1412 1739 1479; baseline 0.002 -21"><span class='ocrx_word' id='word_1_124' title='bbox 491 1412 604 1459; x_wconf 90' lang='lat' dir='ltr'><em>Plus</em></span> <span class='ocrx_word' id='word_1_125' title='bbox 618 1417 789 1474; x_wconf 84' lang='lat' dir='ltr'><em>patriae</em></span> <span class='ocrx_word' id='word_1_126' title='bbox 809 1425 949 1462; x_wconf 88' lang='lat' dir='ltr'><em>tamen</em></span> <span class='ocrx_word' id='word_1_127' title='bbox 969 1419 1076 1462; x_wconf 89' lang='lat' dir='ltr'><em>artis</em></span> <span class='ocrx_word' id='word_1_128' title='bbox 1098 1416 1236 1462; x_wconf 76' lang='lat' dir='ltr'><em>habet.</em></span> <span class='ocrx_word' id='word_1_129' title='bbox 1271 1419 1392 1479; x_wconf 78' lang='lat' dir='ltr'><em>vigor</em></span> <span class='ocrx_word' id='word_1_130' title='bbox 1415 1417 1485 1461; x_wconf 78' lang='lat' dir='ltr'><em>illc</em></span> <span class='ocrx_word' id='word_1_131' title='bbox 1501 1425 1703 1474; x_wconf 58' lang='lat' dir='ltr'><em>paternit.—</em></span> <span class='ocrx_word' id='word_1_132' title='bbox 1722 1449 1739 1474; x_wconf 75' lang='lat'>,</span> 
     </span>
     <span class='ocr_line' id='line_1_21' title="bbox 557 1480 1548 1542; baseline 0.002 -18"><span class='ocrx_word' id='word_1_133' title='bbox 557 1480 777 1542; x_wconf 79' lang='lat' dir='ltr'><em>Laetaque</em></span> <span class='ocrx_word' id='word_1_134' title='bbox 800 1483 869 1527; x_wconf 86' lang='lat' dir='ltr'><em>vis</em></span> <span class='ocrx_word' id='word_1_135' title='bbox 879 1481 1037 1542; x_wconf 83' lang='lat' dir='ltr'><em>fandi,</em></span> <span class='ocrx_word' id='word_1_136' title='bbox 1071 1497 1148 1528; x_wconf 85' lang='lat' dir='ltr'><em>non</em></span> <span class='ocrx_word' id='word_1_137' title='bbox 1167 1482 1370 1529; x_wconf 80' lang='lat' dir='ltr'><em>habitura</em></span> <span class='ocrx_word' id='word_1_138' title='bbox 1383 1495 1548 1542; x_wconf 77' lang='lat' dir='ltr'><em>parem.</em></span> 
     </span>
    </p>

    <p class='ocr_par' dir='ltr' id='par_1_13' title="bbox 490 1543 1506 1673">
     <span class='ocr_line' id='line_1_22' title="bbox 490 1543 1506 1609; baseline 0.002 -18"><span class='ocrx_word' id='word_1_139' title='bbox 490 1543 720 1606; x_wconf 57' lang='lat' dir='ltr'><em>[Multaque</em></span> <span class='ocrx_word' id='word_1_140' title='bbox 745 1562 847 1608; x_wconf 84' lang='lat' dir='ltr'><em>quae</em></span> <span class='ocrx_word' id='word_1_141' title='bbox 868 1549 990 1609; x_wconf 82' lang='lat' dir='ltr'><em>vulgo</em></span> <span class='ocrx_word' id='word_1_142' title='bbox 1013 1564 1091 1594; x_wconf 92' lang='lat' dir='ltr'><em>non</em></span> <span class='ocrx_word' id='word_1_143' title='bbox 1112 1548 1331 1608; x_wconf 69' lang='lat' dir='ltr'><em>pervidere</em></span> <span class='ocrx_word' id='word_1_144' title='bbox 1345 1552 1506 1608; x_wconf 83' lang='lat' dir='ltr'><em>poetae.</em></span> 
     </span>
     <span class='ocr_line' id='line_1_23' title="bbox 560 1611 1400 1673; baseline 0.004 -17"><span class='ocrx_word' id='word_1_145' title='bbox 560 1611 664 1656; x_wconf 90' lang='lat' dir='ltr'><em>Non</em></span> <span class='ocrx_word' id='word_1_146' title='bbox 690 1614 767 1665; x_wconf 69' lang='lat' dir='ltr'><em>nifi</em></span> <span class='ocrx_word' id='word_1_147' title='bbox 791 1613 964 1673; x_wconf 86' lang='lat' dir='ltr'><em>coelestes</em></span> <span class='ocrx_word' id='word_1_148' title='bbox 989 1616 1162 1673; x_wconf 88' lang='lat' dir='ltr'><em>impetus</em></span> <span class='ocrx_word' id='word_1_149' title='bbox 1181 1614 1249 1659; x_wconf 86' lang='lat' dir='ltr'><em>ille</em></span> <span class='ocrx_word' id='word_1_150' title='bbox 1271 1616 1400 1673; x_wconf 84' lang='lat' dir='ltr'><em>capit.</em></span> 
     </span>
    </p>

    <p class='ocr_par' dir='ltr' id='par_1_14' title="bbox 490 1675 1547 1805">
     <span class='ocr_line' id='line_1_24' title="bbox 490 1675 1547 1739; baseline 0.004 -18"><span class='ocrx_word' id='word_1_151' title='bbox 490 1675 647 1736; x_wconf 74' lang='lat' dir='ltr'><em>Destne</em></span> <span class='ocrx_word' id='word_1_152' title='bbox 656 1675 755 1734; x_wconf 85' lang='lat' dir='ltr'><em>jam</em></span> <span class='ocrx_word' id='word_1_153' title='bbox 771 1678 921 1739; x_wconf 88' lang='lat' dir='ltr'><em>faciles</em></span> <span class='ocrx_word' id='word_1_154' title='bbox 941 1680 1093 1725; x_wconf 87' lang='lat' dir='ltr'><em>mirari</em></span> <span class='ocrx_word' id='word_1_155' title='bbox 1111 1681 1156 1725; x_wconf 91' lang='lat' dir='ltr'><em>in</em></span> <span class='ocrx_word' id='word_1_156' title='bbox 1176 1681 1356 1725; x_wconf 75' lang='lat' dir='ltr'><em>turmine</em></span> <span class='ocrx_word' id='word_1_157' title='bbox 1384 1688 1547 1737; x_wconf 54' lang='lat' dir='ltr'><em>metuo,</em></span> 
     </span>
     <span class='ocr_line' id='line_1_25' title="bbox 559 1742 1539 1805; baseline 0.004 -19"><span class='ocrx_word' id='word_1_158' title='bbox 559 1742 623 1786; x_wconf 84' lang='lat' dir='ltr'><em>Et</em></span> <span class='ocrx_word' id='word_1_159' title='bbox 644 1742 756 1788; x_wconf 82' lang='lat' dir='ltr'><em>dulce</em></span> <span class='ocrx_word' id='word_1_160' title='bbox 777 1745 976 1804; x_wconf 81' lang='lat' dir='ltr'><em>eloquium</em></span> <span class='ocrx_word' id='word_1_161' title='bbox 990 1777 1006 1802; x_wconf 82' lang='lat'>,</span> <span class='ocrx_word' id='word_1_162' title='bbox 1033 1746 1233 1805; x_wconf 86' lang='lat' dir='ltr'><em>plenaque</em></span> <span class='ocrx_word' id='word_1_163' title='bbox 1256 1745 1388 1791; x_wconf 79' lang='lat' dir='ltr'><em>verba</em></span> <span class='ocrx_word' id='word_1_164' title='bbox 1411 1745 1508 1790; x_wconf 93' lang='lat' dir='ltr'><em>Deo</em></span> <span class='ocrx_word' id='word_1_165' title='bbox 1521 1777 1539 1803; x_wconf 77' lang='lat'>‚</span> 
     </span>
    </p>

    <p class='ocr_par' dir='ltr' id='par_1_15' title="bbox 491 1805 1674 1938">
     <span class='ocr_line' id='line_1_26' title="bbox 491 1805 1674 1872; baseline 0.003 -20"><span class='ocrx_word' id='word_1_166' title='bbox 491 1805 782 1869; x_wconf 68' lang='lat' dir='ltr'><em>Ingeniumque</em></span> <span class='ocrx_word' id='word_1_167' title='bbox 801 1812 919 1867; x_wconf 80' lang='lat' dir='ltr'><em>viri,</em></span> <span class='ocrx_word' id='word_1_168' title='bbox 954 1826 1029 1872; x_wconf 86' lang='lat' dir='ltr'><em>quo</em></span> <span class='ocrx_word' id='word_1_169' title='bbox 1052 1811 1115 1856; x_wconf 91' lang='lat' dir='ltr'><em>nil</em></span> <span class='ocrx_word' id='word_1_170' title='bbox 1120 1808 1366 1871; x_wconf 82' lang='lat' dir='ltr'><em>foecundius</em></span> <span class='ocrx_word' id='word_1_171' title='bbox 1391 1809 1566 1871; x_wconf 83' lang='lat' dir='ltr'><em>usquam</em></span> <span class='ocrx_word' id='word_1_172' title='bbox 1588 1808 1674 1871; x_wconf 84' lang='lat' dir='ltr'><em>est,</em></span> 
     </span>
     <span class='ocr_line' id='line_1_27' title="bbox 557 1872 1503 1938; baseline 0.002 -22"><span class='ocrx_word' id='word_1_173' title='bbox 557 1872 674 1918; x_wconf 88' lang='lat' dir='ltr'><em>Pars</em></span> <span class='ocrx_word' id='word_1_174' title='bbox 695 1876 816 1932; x_wconf 84' lang='lat' dir='ltr'><em>coeli,</em></span> <span class='ocrx_word' id='word_1_175' title='bbox 853 1875 908 1927; x_wconf 50' lang='grc' dir='ltr'>ὃ</span> <span class='ocrx_word' id='word_1_176' title='bbox 930 1875 1054 1936; x_wconf 85' lang='lat' dir='ltr'><em>nostri</em></span> <span class='ocrx_word' id='word_1_177' title='bbox 1064 1875 1284 1938; x_wconf 71' lang='lat' dir='ltr'><em>sanguinis</em></span> <span class='ocrx_word' id='word_1_178' title='bbox 1307 1876 1375 1921; x_wconf 81' lang='lat' dir='ltr'><em>ille</em></span> <span class='ocrx_word' id='word_1_179' title='bbox 1393 1875 1503 1936; x_wconf 80' lang='lat' dir='ltr'><em>suit,</em></span> 
     </span>
    </p>

    <p class='ocr_par' dir='ltr' id='par_1_16' title="bbox 492 1938 1515 2069">
     <span class='ocr_line' id='line_1_28' title="bbox 492 1938 1515 2001; baseline 0.006 -20"><span class='ocrx_word' id='word_1_180' title='bbox 492 1938 590 1984; x_wconf 83' lang='lat' dir='ltr'><em>Sola</em></span> <span class='ocrx_word' id='word_1_181' title='bbox 613 1938 666 1982; x_wconf 91' lang='lat' dir='ltr'><em>V</em></span> <span class='ocrx_word' id='word_1_182' title='bbox 659 1955 755 1984; x_wconf 80' lang='lat' dir='ltr'><em>enus</em></span> <span class='ocrx_word' id='word_1_183' title='bbox 776 1943 938 1999; x_wconf 81' lang='lat' dir='ltr'><em>nocuit,</em></span> <span class='ocrx_word' id='word_1_184' title='bbox 974 1956 1043 1986; x_wconf 88' lang='lat' dir='ltr'><em>nec</em></span> <span class='ocrx_word' id='word_1_185' title='bbox 1062 1943 1186 1986; x_wconf 89' lang='lat' dir='ltr'><em>amici</em></span> <span class='ocrx_word' id='word_1_186' title='bbox 1212 1938 1410 2001; x_wconf 73' lang='lat' dir='ltr'><em>Caesaris-</em></span> <span class='ocrx_word' id='word_1_187' title='bbox 1429 1943 1515 1990; x_wconf 72' lang='lat' dir='ltr'><em>tm.</em></span> 
     </span>
     <span class='ocr_line' id='line_1_29' title="bbox 555 2003 1259 2069; baseline 0.004 -21"><span class='ocrx_word' id='word_1_188' title='bbox 555 2003 776 2050; x_wconf 83' lang='lat' dir='ltr'><em>Debuerat</em></span> <span class='ocrx_word' id='word_1_189' title='bbox 799 2008 898 2051; x_wconf 86' lang='lat' dir='ltr'><em>vati</em></span> <span class='ocrx_word' id='word_1_190' title='bbox 918 2008 1058 2051; x_wconf 88' lang='lat' dir='ltr'><em>mitior</em></span> <span class='ocrx_word' id='word_1_191' title='bbox 1080 2007 1154 2066; x_wconf 71' lang='lat' dir='ltr'><em>ff</em></span> <span class='ocrx_word' id='word_1_192' title='bbox 1168 2005 1259 2069; x_wconf 81' lang='lat' dir='ltr'><em>suo.</em></span> 
     </span>
    </p>

    <p class='ocr_par' dir='ltr' id='par_1_17' title="bbox 490 2065 1535 2197">
     <span class='ocr_line' id='line_1_30' title="bbox 490 2065 1535 2133; baseline 0.001 -19"><span class='ocrx_word' id='word_1_193' title='bbox 490 2067 655 2114; x_wconf 81' lang='lat' dir='ltr'><em>Debuit</em></span> <span class='ocrx_word' id='word_1_194' title='bbox 678 2069 732 2121; x_wconf 66' lang='lat'><em>{9³</em></span> <span class='ocrx_word' id='word_1_195' title='bbox 757 2072 883 2117; x_wconf 76' lang='lat' dir='ltr'><em>nobis.</em></span> <span class='ocrx_word' id='word_1_196' title='bbox 922 2074 1017 2132; x_wconf 81' lang='lat' dir='ltr'><em>(nist</em></span> <span class='ocrx_word' id='word_1_197' title='bbox 1027 2074 1071 2132; x_wconf 80' lang='lat' dir='ltr'><em>fi</em></span> <span class='ocrx_word' id='word_1_198' title='bbox 1098 2065 1266 2133; x_wconf 78' lang='lat' dir='ltr'><em>diversit</em></span> <span class='ocrx_word' id='word_1_199' title='bbox 1292 2085 1535 2116; x_wconf 62' lang='lat' dir='ltr'><em>movemus:</em></span> 
     </span>
     <span class='ocr_line' id='line_1_31' title="bbox 561 2133 1535 2197; baseline 0.001 -19"><span class='ocrx_word' id='word_1_200' title='bbox 561 2133 622 2178; x_wconf 89' lang='lat' dir='ltr'><em>Et</em></span> <span class='ocrx_word' id='word_1_201' title='bbox 639 2145 738 2193; x_wconf 82' lang='lat' dir='ltr'><em>puto</em></span> <span class='ocrx_word' id='word_1_202' title='bbox 749 2135 847 2195; x_wconf 86' lang='lat' dir='ltr'><em>jam</em></span> <span class='ocrx_word' id='word_1_203' title='bbox 871 2141 977 2197; x_wconf 84' lang='lat' dir='ltr'><em>coepi</em></span> <span class='ocrx_word' id='word_1_204' title='bbox 999 2152 1077 2182; x_wconf 92' lang='lat' dir='ltr'><em>non</em></span> <span class='ocrx_word' id='word_1_205' title='bbox 1100 2137 1203 2183; x_wconf 85' lang='lat' dir='ltr'><em>bona</em></span> <span class='ocrx_word' id='word_1_206' title='bbox 1229 2137 1357 2181; x_wconf 83' lang='lat' dir='ltr'><em>verba</em></span> <span class='ocrx_word' id='word_1_207' title='bbox 1380 2135 1535 2196; x_wconf 78' lang='lat' dir='ltr'><em>loqui.)</em></span> 
     </span>
    </p>

    <p class='ocr_par' dir='ltr' id='par_1_18' title="bbox 493 2197 1552 2329">
     <span class='ocr_line' id='line_1_32' title="bbox 493 2197 1552 2260; baseline 0.002 -16"><span class='ocrx_word' id='word_1_208' title='bbox 493 2197 682 2256; x_wconf 75' lang='lat' dir='ltr'><em>Scilicet,</em></span> <span class='ocrx_word' id='word_1_209' title='bbox 716 2199 788 2245; x_wconf 83' lang='lat' dir='ltr'><em>hoc</em></span> <span class='ocrx_word' id='word_1_210' title='bbox 811 2205 969 2260; x_wconf 76' lang='lat' dir='ltr'><em>merui,</em></span> <span class='ocrx_word' id='word_1_211' title='bbox 1005 2218 1097 2248; x_wconf 88' lang='lat' dir='ltr'><em>cum</em></span> <span class='ocrx_word' id='word_1_212' title='bbox 1121 2203 1168 2247; x_wconf 86' lang='lat' dir='ltr'><em>de</em></span> <span class='ocrx_word' id='word_1_213' title='bbox 1189 2200 1417 2260; x_wconf 80' lang='lat' dir='ltr'><em>coelestibus</em></span> <span class='ocrx_word' id='word_1_214' title='bbox 1444 2215 1552 2246; x_wconf 75' lang='lat' dir='ltr'><em>unus</em></span> 
     </span>
     <span class='ocr_line' id='line_1_33' title="bbox 561 2263 1353 2329; baseline 0.004 -22"><span class='ocrx_word' id='word_1_215' title='bbox 561 2263 739 2322; x_wconf 86' lang='lat' dir='ltr'><em>Imperio</em></span> <span class='ocrx_word' id='word_1_216' title='bbox 764 2267 896 2312; x_wconf 69' lang='lat' dir='ltr'><em>lauros</em></span> <span class='ocrx_word' id='word_1_217' title='bbox 922 2267 1353 2329; x_wconf 31' lang='lat' dir='ltr'><em>auspiciumque-dedi.</em></span> 
     </span>
    </p>

    <p class='ocr_par' dir='ltr' id='par_1_19' title="bbox 493 2327 1615 2452">
     <span class='ocr_line' id='line_1_34' title="bbox 493 2327 1615 2392; baseline 0.002 -17"><span class='ocrx_word' id='word_1_218' title='bbox 493 2327 683 2386; x_wconf 78' lang='lat' dir='ltr'><em>Scilicet,</em></span> <span class='ocrx_word' id='word_1_219' title='bbox 715 2329 790 2374; x_wconf 87' lang='lat' dir='ltr'><em>hoc</em></span> <span class='ocrx_word' id='word_1_220' title='bbox 810 2335 968 2390; x_wconf 79' lang='lat' dir='ltr'><em>merui,</em></span> <span class='ocrx_word' id='word_1_221' title='bbox 1002 2349 1092 2378; x_wconf 89' lang='lat' dir='ltr'><em>cum</em></span> <span class='ocrx_word' id='word_1_222' title='bbox 1116 2334 1199 2378; x_wconf 88' lang='lat' dir='ltr'><em>tela</em></span> <span class='ocrx_word' id='word_1_223' title='bbox 1227 2332 1368 2392; x_wconf 77' lang='lat' dir='ltr'><em>emiffa</em></span> <span class='ocrx_word' id='word_1_224' title='bbox 1382 2342 1461 2390; x_wconf 79' lang='lat' dir='ltr'><em>per</em></span> <span class='ocrx_word' id='word_1_225' title='bbox 1479 2344 1615 2377; x_wconf 64' lang='lat' dir='ltr'><em>auras»</em></span> 
     </span>
     <span class='ocr_line' id='line_1_35' title="bbox 558 2395 1352 2452; baseline 0.006 -14"><span class='ocrx_word' id='word_1_226' title='bbox 558 2395 691 2439; x_wconf 57' lang='lat' dir='ltr'><em>Aelia</em></span> <span class='ocrx_word' id='word_1_227' title='bbox 705 2427 721 2452; x_wconf 81' lang='lat'>‚</span> <span class='ocrx_word' id='word_1_228' title='bbox 756 2397 945 2442; x_wconf 65' lang='lat' dir='ltr'><em>victrices</em></span> <span class='ocrx_word' id='word_1_229' title='bbox 967 2398 1203 2451; x_wconf 72' lang='lat' dir='ltr'><em>constituere</em></span> <span class='ocrx_word' id='word_1_230' title='bbox 1224 2405 1352 2443; x_wconf 66' lang='lat' dir='ltr'><em>rates·</em></span> 
     </span>
    </p>

    <p class='ocr_par' dir='ltr' id='par_1_20' title="bbox 496 2458 1596 2589">
     <span class='ocr_line' id='line_1_36' title="bbox 496 2458 1596 2526; baseline 0.003 -22"><span class='ocrx_word' id='word_1_231' title='bbox 496 2458 603 2505; x_wconf 87' lang='lat' dir='ltr'><em>Cum</em></span> <span class='ocrx_word' id='word_1_232' title='bbox 626 2460 770 2521; x_wconf 83' lang='lat' dir='ltr'><em>quibus</em></span> <span class='ocrx_word' id='word_1_233' title='bbox 791 2461 1011 2508; x_wconf 87' lang='lat' dir='ltr'><em>edomitum</em></span> <span class='ocrx_word' id='word_1_234' title='bbox 1036 2464 1207 2508; x_wconf 68' lang='lat' dir='ltr'><em>Rectori</em></span> <span class='ocrx_word' id='word_1_235' title='bbox 1230 2461 1409 2520; x_wconf 83' lang='lat' dir='ltr'><em>cefflmus</em></span> <span class='ocrx_word' id='word_1_236' title='bbox 1431 2462 1596 2526; x_wconf 79' lang='lat' dir='ltr'><em>orbem,</em></span> 
     </span>
     <span class='ocr_line' id='line_1_37' title="bbox 558 2524 1331 2589; baseline 0.005 -21"><span class='ocrx_word' id='word_1_237' title='bbox 558 2524 622 2569; x_wconf 86' lang='lat' dir='ltr'><em>Et</em></span> <span class='ocrx_word' id='word_1_238' title='bbox 645 2540 782 2570; x_wconf 86' lang='lat' dir='ltr'><em>rerum</em></span> <span class='ocrx_word' id='word_1_239' title='bbox 806 2528 927 2572; x_wconf 84' lang='lat' dir='ltr'><em>moles</em></span> <span class='ocrx_word' id='word_1_240' title='bbox 950 2527 1206 2589; x_wconf 89' lang='lat' dir='ltr'><em>Caesariana</em></span> <span class='ocrx_word' id='word_1_241' title='bbox 1221 2525 1331 2587; x_wconf 82' lang='lat' dir='ltr'><em>fuit.</em></span> 
     </span>
    </p>

    <p class='ocr_par' dir='ltr' id='par_1_21' title="bbox 491 2588 1495 2718">
     <span class='ocr_line' id='line_1_38' title="bbox 491 2588 1495 2654; baseline 0.002 -20"><span class='ocrx_word' id='word_1_242' title='bbox 491 2589 627 2654; x_wconf 60' lang='lat' dir='ltr'><em>Quod</em></span> <span class='ocrx_word' id='word_1_243' title='bbox 634 2593 754 2650; x_wconf 86' lang='lat' dir='ltr'><em>potui</em></span> <span class='ocrx_word' id='word_1_244' title='bbox 762 2588 877 2652; x_wconf 84' lang='lat' dir='ltr'><em>feci,</em></span> <span class='ocrx_word' id='word_1_245' title='bbox 909 2592 1019 2638; x_wconf 87' lang='lat' dir='ltr'><em>nihil</em></span> <span class='ocrx_word' id='word_1_246' title='bbox 1041 2603 1088 2638; x_wconf 91' lang='lat' dir='ltr'><em>ut</em></span> <span class='ocrx_word' id='word_1_247' title='bbox 1116 2593 1290 2638; x_wconf 84' lang='lat' dir='ltr'><em>mortale</em></span> <span class='ocrx_word' id='word_1_248' title='bbox 1310 2599 1495 2650; x_wconf 80' lang='lat' dir='ltr'><em>teneret,</em></span> 
     </span>
     <span class='ocr_line' id='line_1_39' title="bbox 558 2655 1480 2718; baseline 0.001 -18"><span class='ocrx_word' id='word_1_249' title='bbox 558 2655 620 2700; x_wconf 92' lang='lat' dir='ltr'><em>Et</em></span> <span class='ocrx_word' id='word_1_250' title='bbox 641 2658 851 2714; x_wconf 83' lang='lat' dir='ltr'><em>propriam</em></span> <span class='ocrx_word' id='word_1_251' title='bbox 871 2659 999 2703; x_wconf 90' lang='lat' dir='ltr'><em>lucem</em></span> <span class='ocrx_word' id='word_1_252' title='bbox 1019 2656 1347 2718; x_wconf 77' lang='lat' dir='ltr'><em>conspicuamque</em></span> <span class='ocrx_word' id='word_1_253' title='bbox 1370 2657 1480 2702; x_wconf 84' lang='lat' dir='ltr'><em>decli.</em></span> 
     </span>
    </p>

    <p class='ocr_par' dir='ltr' id='par_1_22' title="bbox 492 2721 1584 2848">
     <span class='ocr_line' id='line_1_40' title="bbox 492 2721 1584 2786; baseline 0.001 -20"><span class='ocrx_word' id='word_1_254' title='bbox 492 2721 647 2766; x_wconf 85' lang='lat' dir='ltr'><em>Altera</em></span> <span class='ocrx_word' id='word_1_255' title='bbox 672 2723 744 2766; x_wconf 82' lang='lat' dir='ltr'><em>lux</em></span> <span class='ocrx_word' id='word_1_256' title='bbox 775 2721 943 2768; x_wconf 89' lang='lat' dir='ltr'><em>Divam</em></span> <span class='ocrx_word' id='word_1_257' title='bbox 960 2725 1130 2786; x_wconf 81' lang='lat' dir='ltr'><em>genuit,</em></span> <span class='ocrx_word' id='word_1_258' title='bbox 1164 2725 1238 2768; x_wconf 90' lang='lat' dir='ltr'><em>lux</em></span> <span class='ocrx_word' id='word_1_259' title='bbox 1262 2724 1397 2768; x_wconf 86' lang='lat' dir='ltr'><em>altera</em></span> <span class='ocrx_word' id='word_1_260' title='bbox 1421 2731 1584 2768; x_wconf 82' lang='lat' dir='ltr'><em>vatem.</em></span> 
     </span>
     <span class='ocr_line' id='line_1_41' title="bbox 560 2786 1396 2848; baseline 0.004 -17"><span class='ocrx_word' id='word_1_261' title='bbox 560 2786 737 2845; x_wconf 85' lang='lat' dir='ltr'><em>Artifici</em></span> <span class='ocrx_word' id='word_1_262' title='bbox 758 2790 909 2833; x_wconf 89' lang='lat' dir='ltr'><em>meruit</em></span> <span class='ocrx_word' id='word_1_263' title='bbox 928 2791 1140 2848; x_wconf 86' lang='lat' dir='ltr'><em>proximus</em></span> <span class='ocrx_word' id='word_1_264' title='bbox 1163 2789 1237 2848; x_wconf 71' lang='lat' dir='ltr'><em>effi</em></span> <span class='ocrx_word' id='word_1_265' title='bbox 1261 2788 1396 2834; x_wconf 87' lang='lat' dir='ltr'><em>Deae.</em></span> 
     </span>
    </p>

    <p class='ocr_par' dir='ltr' id='par_1_23' title="bbox 493 2851 1661 2978">
     <span class='ocr_line' id='line_1_42' title="bbox 493 2851 1661 2915; baseline 0.003 -20"><span class='ocrx_word' id='word_1_266' title='bbox 493 2851 580 2896; x_wconf 86' lang='lat' dir='ltr'><em>Illa</em></span> <span class='ocrx_word' id='word_1_267' title='bbox 603 2851 716 2897; x_wconf 87' lang='lat' dir='ltr'><em>dedit</em></span> <span class='ocrx_word' id='word_1_268' title='bbox 732 2855 902 2912; x_wconf 83' lang='lat' dir='ltr'><em>puppim</em></span> <span class='ocrx_word' id='word_1_269' title='bbox 916 2888 931 2913; x_wconf 85' lang='lat'>,</span> <span class='ocrx_word' id='word_1_270' title='bbox 968 2853 1179 2913; x_wconf 84' lang='lat' dir='ltr'><em>Scythicas</em></span> <span class='ocrx_word' id='word_1_271' title='bbox 1202 2869 1284 2915; x_wconf 86' lang='lat' dir='ltr'><em>qua</em></span> <span class='ocrx_word' id='word_1_272' title='bbox 1294 2853 1483 2914; x_wconf 39' lang='lat' dir='ltr'><em>finderet*</em></span> <span class='ocrx_word' id='word_1_273' title='bbox 1498 2852 1631 2899; x_wconf 87' lang='lat' dir='ltr'><em>undas</em></span> <span class='ocrx_word' id='word_1_274' title='bbox 1644 2886 1661 2912; x_wconf 88' lang='lat'>,</span> 
     </span>
     <span class='ocr_line' id='line_1_43' title="bbox 558 2918 1440 2978; baseline 0.005 -19"><span class='ocrx_word' id='word_1_275' title='bbox 558 2918 783 2962; x_wconf 84' lang='lat' dir='ltr'><em>Auxilium</em></span> <span class='ocrx_word' id='word_1_276' title='bbox 806 2918 977 2978; x_wconf 87' lang='lat' dir='ltr'><em>miserae</em></span> <span class='ocrx_word' id='word_1_277' title='bbox 994 2918 1202 2978; x_wconf 74' lang='lat' dir='ltr'><em>praestitit</em></span> <span class='ocrx_word' id='word_1_278' title='bbox 1226 2921 1302 2965; x_wconf 87' lang='lat' dir='ltr'><em>illa</em></span> <span class='ocrx_word' id='word_1_279' title='bbox 1328 2921 1440 2965; x_wconf 82' lang='lat' dir='ltr'><em>viae.</em></span> 
     </span>
    </p>

    <p class='ocr_par' dir='ltr' id='par_1_24' title="bbox 493 2978 1641 3110">
     <span class='ocr_line' id='line_1_44' title="bbox 493 2978 1641 3047; baseline 0.005 -25"><span class='ocrx_word' id='word_1_280' title='bbox 493 2978 616 3024; x_wconf 65' lang='lat' dir='ltr'><em>Ilaec</em></span> <span class='ocrx_word' id='word_1_281' title='bbox 637 2982 716 3026; x_wconf 83' lang='lat' dir='ltr'><em>tibi</em></span> <span class='ocrx_word' id='word_1_282' title='bbox 728 3015 743 3039; x_wconf 78' lang='lat'>‚</span> <span class='ocrx_word' id='word_1_283' title='bbox 779 2997 904 3042; x_wconf 83' lang='lat' dir='ltr'><em>quam</em></span> <span class='ocrx_word' id='word_1_284' title='bbox 920 2987 1046 3043; x_wconf 70' lang='lat' dir='ltr'><em>pictis</em></span> <span class='ocrx_word' id='word_1_285' title='bbox 1056 2981 1136 3044; x_wconf 90' lang='lat' dir='ltr'><em>fas</em></span> <span class='ocrx_word' id='word_1_286' title='bbox 1158 2983 1212 3043; x_wconf 87' lang='lat' dir='ltr'><em>est</em></span> <span class='ocrx_word' id='word_1_287' title='bbox 1236 2985 1454 3047; x_wconf 81' lang='lat' dir='ltr'><em>adjungere</em></span> <span class='ocrx_word' id='word_1_288' title='bbox 1478 2983 1641 3042; x_wconf 52' lang='lat' dir='ltr'><em>Fufia,</em></span> 
     </span>
     <span class='ocr_line' id='line_1_45' title="bbox 558 3044 1594 3110; baseline 0.007 -22"><span class='ocrx_word' id='word_1_289' title='bbox 558 3044 678 3091; x_wconf 86' lang='lat' dir='ltr'><em>Haec</em></span> <span class='ocrx_word' id='word_1_290' title='bbox 698 3048 802 3104; x_wconf 80' lang='lat' dir='ltr'><em>tibi,</em></span> <span class='ocrx_word' id='word_1_291' title='bbox 837 3063 941 3108; x_wconf 86' lang='lat' dir='ltr'><em>quae</em></span> <span class='ocrx_word' id='word_1_292' title='bbox 954 3048 1097 3110; x_wconf 86' lang='lat' dir='ltr'><em>sacros</em></span> <span class='ocrx_word' id='word_1_293' title='bbox 1116 3052 1223 3094; x_wconf 88' lang='lat' dir='ltr'><em>inter</em></span> <span class='ocrx_word' id='word_1_294' title='bbox 1244 3050 1430 3097; x_wconf 74' lang='lat' dir='ltr'><em>habenda</em></span> <span class='ocrx_word' id='word_1_295' title='bbox 1445 3083 1459 3107; x_wconf 85' lang='lat'><strong>‚</strong></span> <span class='ocrx_word' id='word_1_296' title='bbox 1494 3049 1594 3095; x_wconf 87' lang='lat' dir='ltr'><em>dies.</em></span> 
     </span>
    </p>

    <p class='ocr_par' dir='ltr' id='par_1_25' title="bbox 494 3108 1569 3243">
     <span class='ocr_line' id='line_1_46' title="bbox 494 3108 1544 3178; baseline 0.004 -23"><span class='ocrx_word' id='word_1_297' title='bbox 494 3108 698 3156; x_wconf 82' lang='lat' dir='ltr'><em>Dixerat.</em></span> <span class='ocrx_word' id='word_1_298' title='bbox 733 3111 939 3172; x_wconf 85' lang='lat' dir='ltr'><em>obstupui:</em></span> <span class='ocrx_word' id='word_1_299' title='bbox 962 3117 1188 3176; x_wconf 87' lang='lat' dir='ltr'><em>coelumque</em></span> <span class='ocrx_word' id='word_1_300' title='bbox 1212 3117 1407 3173; x_wconf 79' lang='lat' dir='ltr'><em>albescere</em></span> <span class='ocrx_word' id='word_1_301' title='bbox 1420 3115 1544 3178; x_wconf 56' lang='lat' dir='ltr'><em>sensig</em></span> 
     </span>
     <span class='ocr_line' id='line_1_47' title="bbox 557 3174 1569 3243; baseline 0.01 -23"><span class='ocrx_word' id='word_1_302' title='bbox 557 3174 876 3239; x_wconf 76' lang='lat' dir='ltr'><em>Luxquestmul</em></span> <span class='ocrx_word' id='word_1_303' title='bbox 896 3191 1000 3227; x_wconf 84' lang='lat' dir='ltr'><em>nata</em></span> <span class='ocrx_word' id='word_1_304' title='bbox 1020 3180 1074 3243; x_wconf 89' lang='lat' dir='ltr'><em>est</em></span> <span class='ocrx_word' id='word_1_305' title='bbox 1090 3214 1106 3240; x_wconf 82' lang='lat'>‚</span> <span class='ocrx_word' id='word_1_306' title='bbox 1142 3178 1196 3233; x_wconf 50' lang='grc' dir='ltr'>ὃ</span> <span class='ocrx_word' id='word_1_307' title='bbox 1221 3182 1428 3229; x_wconf 79' lang='lat' dir='ltr'><em>celebrata</em></span> <span class='ocrx_word' id='word_1_308' title='bbox 1451 3179 1569 3231; x_wconf 54' lang='lat' dir='ltr'><em>naht„</em></span> 
     </span>
    </p>
   </div>
   <div class='ocr_carea' id='block_1_3' title="bbox 2344 0 2547 3342">
    <p class='ocr_par' dir='ltr' id='par_1_26' title="bbox 2344 0 2547 3342">
     <span class='ocr_line' id='line_1_48' title="bbox 2344 0 2547 3342; baseline 0 0"><span class='ocrx_word' id='word_1_309' title='bbox 2344 0 2547 3342; x_wconf 95' lang='lat' dir='ltr'><em> </em></span> 
     </span>
    </p>
   </div>
   <div class='ocr_carea' id='block_1_4' title="bbox 2534 3178 2537 3708">
    <p class='ocr_par' dir='ltr' id='par_1_27' title="bbox 2534 3178 2537 3708">
     <span class='ocr_line' id='line_1_49' title="bbox 2534 3178 2537 3708; baseline 0 0"><span class='ocrx_word' id='word_1_310' title='bbox 2534 3178 2537 3708; x_wconf 95' lang='lat' dir='ltr'><em> </em></span> 
     </span>
    </p>
   </div>
  </div>
 </body>
</html>
