2547 3708
559 164 1591 228 ''PRAEFATION'E-s's
2036 194 2125 230 221

31 263 356 327 *dei-susreferri
370 263 604 336 oportere.
626 290 631 294 ·
675 270 787 316 Nec
811 269 970 326 melius
991 269 1227 329 divinant,
1263 266 1371 317 cum
1395 268 1681 318 hariolantur
1703 265 1896 313 eundem
1920 268 2004 315 effe
2018 270 2128 317 Cel-

30 340 121 388 ffir'n
155 337 527 394 Albinovanum,
562 334 752 391 scribam
787 334 970 381 Tiberii
1003 336 1239 393 Neronis,
1274 334 1591 398 aequalem&
1627 334 1892 380 familiarem
1927 334 2130 380 Horatii.

32 405 300 466 Numquam
324 403 400 448 ille
425 401 517 447 fuit
538 414 632 446 tam
658 401 813 468 magni
837 400 927 447 oris
947 416 999 446 ac
1015 398 1214 464 spiritus,
1240 414 1291 446 ut
1314 400 1537 463 ejusmodi
1563 415 1747 445 carmen
1774 396 2011 456 funderet,
2046 399 2132 444 ho-

29 481 106 516 mo
127 468 360 531 'pertenuis
393 466 594 529 ingenii,
630 480 714 510 nec
738 466 926 528 ingenui
959 465 1176 528 pudoris,
1213 478 1266 510 ut
1300 479 1456 528 aperte
1489 464 1680 511 testatur
1701 463 1926 511 Horatius
1952 465 1998 508 in
2023 478 2132 526 qua-

29 533 128 580 dam
154 532 207 578 a'd
225 531 401 592 Julium
429 531 619 576 Florum
641 530 845 593 epistola.
1419 585 1423 590 Δ

32 601 134 645 Ἧῑψ·
177 602 183 627 ³
213 598 339 662 Qud
358 596 463 642 mihi·
490 594 627 657 Celfiis
652 594 769 656 ugit?
803 597 1006 653 monitus,
1041 597 1292 656 multumque
1314 596 1531 642 monendus

36 662 60 673 ”’
213 663 427 708 Privatus
450 669 497 705 ut
520 671 694 721 quaerut
717 675 804 718 opes
830 660 885 711 {9³
910 670 1074 721 tangere
1095 663 1203 704 vitet

216 727 383 786 Scripta
397 759 412 783 ,
436 726 662 770 Palatinus
686 740 953 784 quaecumque
975 726 1120 782 recepit
1145 725 1316 782 Apollo:

214 793 289 838 Ne
305 795 348 851 st
359 790 474 852 forte
482 789 587 850 suus
608 791 824 848 repetitum
845 791 1004 833 venerit
1026 791 1121 832 olim

217 856 330 900 Grex
354 857 500 901 avium
518 856 680 913 planius
696 885 711 910 ,
747 864 911 898 moveas
933 853 1151 898 Cornicula
1172 853 1300 912 ristun

217 921 410 965 Furtivis
433 919 591 963 nudam
613 918 822 962 coloribus.

28 983 299 1040 Postremo,
333 999 389 1028 ne
415 984 630 1044 cuiquam
657 981 848 1044 amplius
881 978 1044 1026 illudat
1081 981 1193 1028 haec
1224 980 1448 1044 Aesopica
1471 981 1752 1043 Cornicula,
1787 1000 1926 1044 neve,
1960 998 2012 1033 ut
2037 985 2134 1033 Cu<-

28 1064 184 1099 manus
208 1046 360 1093 asellus
386 1047 554 1093 Leonis
578 1059 705 1109 gerat
730 1046 942 1103 exuviaS,
976 1045 1077 1107 plus
1105 1046 1433 1109 quinquaginta
1459 1049 1670 1094 locorum
1699 1053 2044 1112 comparatione
2073 1053 2135 1098 ita

30 1112 348 1174 comprobabo
374 1111 457 1156 csse
481 1111 671 1168 Ovidii,
700 1115 785 1167 ut,
820 1109 945 1172 quod
970 1111 1033 1155 ait
1058 1110 1200 1156 malus
1234 1111 1402 1157 arbiter
1433 1114 1722 1159 comicorum
1740 1148 1753 1172 ,
1793 1114 1822 1159 fi
1850 1117 1947 1178 quis
1972 1131 2136 1162 contra

28 1175 217 1235 sentiat,
252 1175 368 1222 nihil
390 1175 567 1221 sentiat.
623 1175 789 1220 Unum
817 1175 909 1220 hoc
933 1173 1157 1220 duntaxat
1180 1173 1403 1237 superest,
1438 1190 1491 1222 ut
1514 1178 1736 1224 Ovidiani
1760 1181 1970 1225 carminis
1995 1195 2132 1243 argu-

29 1244 239 1288 mentum
262 1241 417 1303 paucis
440 1239 643 1301 eloquar.
712 1238 927 1302 Augusto
951 1237 1128 1284 Caesari
1148 1238 1256 1285 duas
1280 1240 1409 1286 fuisse
1431 1257 1596 1287 uxores
1619 1244 1909 1304 accepimus,
1945 1246 2132 1291 Scribo-

29 1307 176 1362 niam,
213 1305 262 1351 &
285 1305 482 1350 Liviam.
530 1302 729 1366 Sponsae
751 1305 873 1349 enim
899 1303 1116 1350 Serviliae
1139 1302 1322 1350 Isaurici
1348 1305 1466 1351 filiae
1487 1306 1757 1353 conditione
1776 1309 1847 1354 uti
1871 1308 2049 1367 noluit,
2085 1309 2134 1355 ὅ(

29 1368 269 1419 ,Claudiam
291 1368 480 1415 Fulviae
502 1369 730 1431 virginem
759 1366 1068 1430 inta&amque
1093 1367 1280 1414 dimilit.
1317 1369 1580 1417 Scriboniae
1603 1387 1777 1430 mores,
1801 1388 1857 1418 ex
1880 1389 1968 1436 qua
1991 1371 2136 1422 filiam

30 1432 222 1495 fiascepit
241 1434 439 1492 Juliam,
475 1433 588 1496 legis
609 1433 757 1492 Juliae
782 1431 1006 1489 dedecus,
1041 1431 1157 1478 ferre
1182 1450 1278 1479 non
1301 1435 1470 1494 valuit,
1505 1451 1697 1499 eamque
1722 1437 1803 1483 fibi
1829 1453 1895 1485 res
1929 1436 2021 1484 suas
2056 1439 2135 1485 ha-

28 1497 134 1548 bere
162 1496 302 1561 juffit.
372 1499 558 1546 Liviam
590 1491 911 1561 cognomento
938 1496 1215 1556 Drusillam,
1251 1512 1409 1561 captus
1430 1500 1597 1565 insigni
1621 1502 1801 1562 forma,
1836 1504 2136 1551 matrimonio

28 1561 213 1612 (Raudii
239 1561 420 1609 Tiberii
447 1563 678 1620 Neronis,
713 1563 788 1608 cui
815 1563 908 1625 jam
933 1560 1083 1608 filium
1105 1563 1356 1611 Tiberium
1378 1580 1627 1629 genuerat,
1664 1568 1712 1616 &
1737 1585 1794 1615 ex
1817 1569 1959 1615 altero
1981 1570 2134 1633 gravi-

29 1626 162 1686 da'm,
195 1626 389 1673 domum
423 1625 644 1685 abduxit,
680 1626 756 1672 ubi
795 1627 913 1675 intra
936 1626 1133 1673 mensem
1161 1629 1353 1678 tertium
1374 1631 1502 1680 'nunc
1530 1634 1732 1683 Drusum
1760 1635 1967 1696 peperit,
2003 1635 2136 1693 cuius

30 1705 228 1738 mortem
265 1691 406 1738 deflet
442 1689 641 1738 Ovidius
663 1725 678 1748 ,
724 1692 836 1737 olim
871 1692 1158 1752 Decimum,
1202 1711 1316 1745 mox
1352 1699 1595 1745 Neronem
1629 1699 1954 1761 praenomine,
1996 1691 2134 1761 quern

26 1769 155 1806 rtanta
187 1755 382 1818 suspicio
417 1753 507 1801 fuit
533 1771 589 1802 ex
613 1756 783 1802 vitrico
806 1773 888 1819 per
910 1756 1126 1809 adulterii
1153 1762 1530 1810 consuetudinem
1554 1776 1876 1826 procreatum,
1910 1775 1965 1808 ut
1988 1764 2134 1809 Grae-

33 1836 111 1868 cus
140 1819 382 1867 senariolus
405 1820 550 1882 vulgo
578 1820 850 1883 jaetaretur:
889 1822 974 1877 τοῖς
1006 1821 1193 1887 ὲυῙυχζῖσ-,ν
1226 1827 1260 1895 ²53
1291 1827 1479 1890 τύμμα,
1510 1819 1695 1876 παιδίω,
1765 1828 1838 1873 Ex
1862 1827 2000 1873 Livia
2022 1826 2138 1873 nihil

20 1883 266 1948 <Augustus
293 1885 542 1932 liberorum
568 1885 706 1933 tulit:
743 1887 1045 1939 'nihilominus
1070 1895 1116 1938 in
1137 1893 1329 1938 liberum
1358 1894 1465 1939 loco
1487 1909 1540 1940 ac
1571 1907 1765 1938 numero
1794 1892 2032 1954 privignos
2058 1892 2137 1938 ha-

29 1948 392 2021 buit-Tiberium
417 1962 554 2011 atque
578 1951 780 2001 Drusum
798 1973 807 2001 :
824 1956 989 2019 eosque
1014 1958 1068 2003 ad
1095 1957 1374 2018 reipublicae
1397 1974 1551 2003 curam
1578 1957 1784 2002 admovit
1800 1990 1814 2014 ,
1839 1956 1886 2002 δε
1904 1954 2028 2017 juffit
2050 1957 2139 2002 im·

22 2028 145 2076 ,pern
170 2023 344 2076 partem
369 2013 606 2077 capessere.
678 2020 754 2065 De
777 2020 976 2066 Tiberio
999 2021 1115 2066 nihil
1140 2021 1215 2066 hic
1239 2021 1413 2066 neceffe
1432 2021 1498 2067 est
1519 2021 1648 2084 plura
1670 2019 1847 2066 dicere:
1883 2019 2021 2066 frater
2040 2022 2137 2082 ejus

20 2076 233 2136 Drusus,
268 2078 315 2124 in
340 2079 543 2143 Augusti
575 2084 772 2146 gratiam
805 2083 831 2128 a
865 2086 1032 2130 Senatu
1069 2085 1246 2149 legibus
1282 2084 1483 2143 solutuS,
1517 2098 1622 2131 ante
1652 2084 1908 2146 legitimam
1941 2097 2139 2131 aetatem

33 2140 291 2201 Qiaestor,
326 2143 546 2204 Praetor,
582 2147 629 2193 &
646 2147 819 2193 Consul
842 2146 982 2195 faetus
1007 2148 1084 2194 est.
1121 2154 1177 2195 ln
1201 2147 1484 2207 Qiaesturae
1510 2150 1560 2196 ὃς
1580 2150 1821 2195 Praeturae
1842 2149 2020 2194 honore
2042 2148 2140 2195 dux

33 2206 254 2265 Rbetici,
287 2207 453 2255 deinde
475 2211 745 2257 Germanici
767 2212 877 2258 belli
911 2211 1274 2274 praeclariffimas
1307 2228 1374 2258 res
1408 2211 1570 2276 gestit,
1606 2228 1713 2275 quas
1744 2213 1993 2259 recensebit
2019 2214 2139 2260 Ovi·

26 2269 159 2325 -dius,
195 2271 316 2319 unde
349 2291 418 2335 jus
447 2274 614 2322 ovandi
640 2275 688 2320 &1
720 2277 1016 2338 triumphalia
1049 2278 1175 2339 cepit
1208 2291 1487 2323 ornamenta.
1555 2276 1667 2323 Post
1699 2291 1986 2339 praeturam,
2021 2279 2142 2323 inito

22 2334 183 2391 diatim
207 2337 446 2385 consulatu
471 2340 658 2402 repetiit
681 2339 1027 2402 expeditionem
1055 2341 1405 2399 Germanicam,
1440 2341 1520 2387 ubi
1552 2340 1751 2400 morb0,
1784 2358 1921 2404 quem
1947 2358 2003 2388 ex
2036 2343 2141 2404 equi

25 2399 509 2467 lapsu-contraxerat,
543 2403 805 2467 supremum
827 2405 948 2450 diem
972 2405 1118 2464 obiit,
1155 2406 1203 2451 in
1226 2405 1403 2451 aestivis
1428 2405 1581 2452 castris
1597 2439 1612 2463 ,
1645 2421 1759 2468 quae
1786 2422 1841 2453 ex
1875 2422 1932 2452 co
1956 2406 2139 2452 scelera-

25 2467 208 2516 ·tasunt
230 2468 467 2533 appellata.
533 2470 772 2531 Adolescens
801 2472 896 2528 ille,
932 2471 1081 2531 inquit
1107 2470 1342 2533 Vellejus,
1375 2480 1436 2515 tot
1467 2481 1759 2532 tantarumque
1788 2474 1997 2517 virtutum
2020 2471 2145 2532 fuit,

37 2544 133 2596 quot
151 2534 206 2585 &
228 2544 405 2596 quantus
425 2544 579 2579 natura
602 2537 790 2580 mortalis
809 2537 979 2594 recipit,
1012 2537 1084 2580 vel
1100 2535 1302 2595 industria
1317 2536 1515 2594 percipit:
1542 2535 1655 2596 cujus
1676 2538 1878 2596 ingenium
1897 2547 2037 2581 utrum
2060 2537 2145 2581 bel-

26 2598 124 2646 'licis
146 2602 276 2660 magis
299 2599 508 2656 operibus,
541 2614 596 2644 un
618 2597 1035 2660 civilibussuffecerit
1055 2600 1216 2646 artibus
1236 2602 1280 2646 in
1310 2601 1460 2644 incerto
1482 2599 1550 2659 est.
1618 2600 1795 2645 „Moruni
1819 2611 1923 2646 certe
1951 2601 2144 2657 dulcedo,

39 2661 305 2724 &suavitas
323 2663 378 2715 {9⁹
400 2662 599 2724 adversus
620 2665 771 2709 amicos
790 2678 951 2724 aequa,
985 2679 1034 2708 uc
1052 2677 1137 2724 pur
1146 2664 1221 2726 sui
1241 2663 1466 2724 aestimatio
1481 2696 1496 2721 ,
1529 2665 1792 2709 inimitabilis
1805 2662 1932 2724 fuiſje
1960 2665 2145 2721 dicitur,

24 2725 94 2777 r&³
120 2728 266 2772 eximia
289 2731 461 2787 corporis
477 2728 755 2787 pulchritudo.
788 2728 919 2774 Illum
939 2739 1078 2774 autem
1104 2744 1253 2790 mugnu
1273 2745 1321 2774 ex
1337 2737 1460 2786 purte
1484 2729 1721 2773 domitorem
1746 2729 2021 2787 Germaniae,
2046 2731 2144 2787 plu-

38 2792 143 2837 rimo
167 2790 253 2850 ejus
267 2795 425 2852 gentis,
458 2794 594 2838 variis
616 2796 661 2838 in
682 2793 804 2851 locis,
831 2791 997 2854 profufi)
1017 2792 1248 2854 sunguine,
1271 2792 1468 2853 fatorum
1503 2795 1731 2852 iniquitas,
1765 2792 1985 2852 consulem,
2019 2808 2141 2853 ugen-

7 2866 11 2910 {
41 2861 119 2902 tem
140 2870 295 2900 annum
320 2858 592 2916 tricefimum,
615 2859 771 2916 rapuit.
809 2856 950 2903 Nihil
972 2859 1137 2903 attinet
1161 2871 1527 2902 commemorare
1549 2872 1637 2917 qua
1662 2872 1859 2918 pompa,
1886 2862 1953 2916 (ea
1975 2856 2142 2901 trium-

7 2914 11 3009 l
68 2914 140 2964 'ho
167 2916 393 2965 fimillima
419 2918 528 2973 fuit)
563 2935 732 2984 corpus
754 2920 945 2967 relatum
972 2923 1019 2967 in
1040 2921 1199 2968 urbem
1217 2932 1531 2979 ,crematum,
1564 2919 1890 2984 sepultumque
1907 2921 1952 2965 in
1978 2935 2148 2981 campo

9 3008 38 3055 f
105 2983 245 3030 artio:
284 2997 426 3046 utque
451 2982 722 3030 defunstum
749 3001 855 3031 cum
881 3003 967 3047 pro
998 2986 1228 3033 concione
1250 2985 1452 3031 laudaret
1485 2984 1753 3048 Augustus,
1787 2985 1893 3031 deos
1928 2999 2140 3047 precatus

8 3043 127 3104 i·fit·,
163 3045 325 3094 fimiles
351 3048 393 3093 ei
417 3047 624 3094 Caesares
651 3048 748 3095 suos
772 3049 1005 3110 facerent,
1041 3049 1217 3110 fibique
1249 3062 1342 3096 tam
1376 3050 1621 3095 honestum
1649 3049 1925 3111 quandoque
1962 3052 2142 3095 exitum

8 3113 11 3169 l
45 3107 227 3170 darent,
260 3129 394 3176 quam
429 3113 492 3159 illi
524 3111 758 3159 dediffent.
828 3113 1046 3178 Elogium
1071 3115 1254 3178 insuper
1274 3113 1477 3161 verfibus
1498 3112 1524 3159 a
1546 3112 1586 3159 se
1606 3113 1903 3178 compositis,
1937 3113 2146 3175 sepulcro

9 3173 12 3238 l
45 3173 306 3237 insculpsit,
341 3176 558 3240 prosaque
597 3179 840 3237 oratione,
875 3181 1016 3225 vitam
1053 3182 1148 3242 ejus
1184 3180 1457 3241 complexus
1492 3176 1569 3224 est.
1639 3178 1776 3225 Livia
1811 3191 1957 3225 mater
1990 3175 2147 3221 audita

38 3244 198 3287 morte
218 3240 334 3302 filii,
368 3243 416 3291 in
436 3243 590 3308 primo
616 3242 696 3291 illo
721 3241 909 3302 furore,
941 3259 1051 3292 cum
1071 3237 1274 3293 maxime
1284 3243 1504 3356 {emces'
1538 3243 1906 3306 impotentesque
1928 3239 2031 3350 sursit
2053 3240 2141 3310 mi-

1339 3321 1363 3353 e
1402 3320 1422 3367 3
2001 3318 2146 3362 enac,
