2547 3708
741 144 1488 213 PERJ.MASSQN.
2072 172 2202 221 117-

57 381 240 428 ANNO
286 344 900 418 Ch2XY¹¹·U·C·DCCLXX·

287 409 450 459 OV1d11
475 426 572 461 Lxx.
598 409 646 457 δί
669 424 750 456 Lx.

241 527 300 574 C.
335 526 671 577 CAECILIO
706 527 931 586 RUFO,
966 526 1026 573 L.
1060 526 1448 577 POMPONIO
1483 527 1761 577 FLACCO
1797 529 1981 579 COSS.

51 648 86 694 I.
116 649 228 759 G
244 647 582 695 ERMANJCUM
618 648 687 694 his
708 644 986 693 Consulibus
1005 647 1065 692 ad
1083 647 1134 693 V
1130 647 1194 693 II.
1223 647 1326 693 Kal.
1353 649 1511 706 Jaaias
1532 649 1848 709 triamphavifi
1867 650 1915 695 de
1929 650 2158 714 Cheruscis,

265 713 507 775 Chattisque
531 713 585 765 ξύ)
609 713 912 773 Angrivariis,
946 727 1124 772 quaeqae
1154 714 1263 758 aliae
1296 716 1479 758 nationes
1503 713 1624 775 usqae
1646 716 1704 760 ad
1724 717 1871 760 Albim
1892 716 2052 774 colant,
2087 715 2154 761 di-

45 775 160 824 serte
183 777 322 824 tradit
341 778 536 824 Tacitus
561 777 635 834 (a).
673 776 858 823 Idcirco
885 775 1007 821 haud
1041 789 1146 822 ante
1180 777 1303 822 hunc
1329 793 1496 824 annum
1523 780 1721 825 Ovidius
1747 780 2037 826 FAsroRUM
2067 780 2152 826 Li-

43 841 150 888 bros
174 842 316 890 edidit
331 864 346 900 3
385 841 603 905 siquidem
629 840 755 888 istius
780 838 995 901 Triumphi
1013 842 1226 888 meminit
1252 841 1360 889 Lib.
1385 843 1421 889 I.
1457 841 1518 889 fic
1544 844 1689 907 ipsum
1711 843 1944 906 alloquens
1966 846 2152 906 Janam,

46 904 72 952 a
97 923 207 954 vers.
234 922 343 968 277.
1431 924 1434 927 ·

173 975 240 1018 At
259 988 331 1018 car
352 986 463 1033 pace
488 973 590 1018 lates
604 1005 618 1030 ,
654 970 848 1035 motisque
870 972 1087 1019 recluderis
1111 975 1267 1031 armis,
1302 970 1395 1019 δῖε.

43 1035 169 1084 ΜοΧ
192 1037 319 1083 Deus
344 1036 613 1100 respondet:

169 1103 282 1148 Pace
296 1101 411 1164 fores
430 1103 557 1158 ohd03
595 1117 642 1148 ae
663 1118 745 1164 qua
769 1102 964 1166 discedere
976 1103 1121 1163 peffi‘t:

235 1166 508 1229 Caesareoque
529 1166 607 1212 diu
632 1171 797 1215 numine
819 1166 991 1214 clausus
1013 1184 1109 1214 ero.

41 1228 231 1294 Ipseque
251 1231 397 1278 Po'e'ta
418 1231 659 1296 subjungit
681 1233 732 1279 ad
760 1233 1120 1280 Germanicum:

164 1296 325 1355 Dixit,
359 1297 414 1349 ἐξ
437 1299 628 1343 attollens
649 1300 779 1344 ocalos
797 1298 964 1359 diversa
984 1308 1169 1357 tuentes,

226 1361 405 1423 Aspexit
426 1372 509 1408 toto
532 1364 733 1425 qaidqaia'
748 1366 792 1410 in
812 1365 904 1410 orbe
914 1363 1021 1425 fait.

158 1426 261 1472 Pax
281 1437 398 1486 erat,
434 1428 489 1480 ἑξ
512 1427 679 1487 vestri,
716 1428 1024 1487 Germanice,
1057 1429 1195 1490 eaiffisa
1220 1427 1471 1491 triumphi:

34 1537 35 1541 ,
225 1490 678 1554 iliadideratfamalas
690 1494 789 1554 jam
809 1495 888 1540 tibi
910 1494 1107 1541 Rhenus
1127 1510 1259 1555 aqaas
1274 1527 1289 1551 ,
1325 1493 1418 1539 &o

37 1552 263 1618 Equidem
283 1559 379 1620 jam
406 1557 461 1604 ab
494 1574 614 1604 anno
641 1559 705 1606 U.
730 1558 788 1605 C.
815 1558 1207 1615 DCCLXVIH,
1242 1557 1490 1619 Yi‘iamphas
1526 1555 1602 1602 ille
1631 1554 1687 1603 de
1709 1555 1958 1603 Germania
1994 1556 2141 1603 eidem

34 1618 239 1685 Principi
271 1625 482 1671 decretus
517 1624 689 1683 fuerat,
724 1636 778 1671 ut
811 1624 902 1687 ipse
925 1624 1123 1671 Tacitus
1146 1626 1252 1672 ante
1276 1623 1340 1681 (b)
1371 1634 1651 1669 narraverat:
1689 1637 1739 1668 ac
1765 1622 1959 1683 proinde
1983 1620 2138 1669 saltem

32 1682 153 1732 haud
172 1700 276 1734 ante
298 1687 435 1734 istum
459 1704 632 1736 annum
654 1690 771 1750 Fasti
792 1688 979 1736 fuerunt
1000 1690 1195 1753 vulgati.
1265 1688 1412 1748 Qod
1436 1689 1483 1735 &
1505 1687 1579 1733 alii
1606 1685 1882 1734 charaEteres
1916 1687 2045 1750 supra
2070 1703 2143 1733 re-

23 1750 222 1812 censiti,
259 1769 366 1799 cum
390 1753 447 1800 de
471 1754 674 1818 Augusti
699 1767 852 1802 morte
884 1754 1164 1814 diceremus,
1199 1753 1528 1817 comprobant.
1596 1754 1661 1799 At
1687 1768 1796 1798 vero
1828 1769 1923 1798 non
1957 1752 2142 1800 videtur

29 1813 204 1862 Poetae
230 1818 378 1865 verbis
419 1818 805 1880 consentaneum,
840 1818 873 1867 fi
898 1819 1229 1879 affirmaretur,
1264 1835 1370 1866 eum
1407 1818 1468 1865 ob
1501 1819 1661 1864 oculos
1694 1815 1963 1879 Triampham
1996 1817 2140 1865 modo

25 1877 263 1928 decretum
279 1917 295 1941 ,
329 1900 415 1930 nec
441 1884 593 1931 adhuc
614 1884 804 1932 ductum
820 1919 835 1942 ,
870 1885 939 1931 his
963 1886 1240 1932 carminibus
1265 1883 1480 1932 habuisse.

91 1945 385 1994 Alterutrum
418 1960 573 1995 tamen
605 1949 762 2013 seligat
787 1949 962 1996 Lesstor
997 1950 1228 2009 eruditus,
1261 1948 1361 1996 satis
1388 1948 1654 1996 confutatus
1689 1947 1826 1995 fuerit
1848 1947 2136 2007 Bucherius,

23 2009 94 2054 uti
131 2009 180 2056 δε
211 2011 455 2072 Norifius,
491 2014 569 2076 qui
600 2026 985 2073 autumaverunt,
1018 2015 1158 2075 Fastos
1192 2031 1311 2061 anno
1343 2014 1406 2060 U.
1431 2014 1489 2058 C.
1515 2011 1802 2059 DCCLIX.
1837 2011 1910 2060 vel
1943 2011 2132 2059 demum

24 2073 200 2120 Ovidio
223 2077 483 2135 exsulante,
517 2091 562 2124 at
585 2078 800 2141 Augusto
823 2077 1086 2125 adhucdum
1110 2080 1322 2137 vivente,
1358 2079 1406 2124 in
1430 2078 1581 2124 lucem
1609 2077 1790 2123 venisse.

87 2139 247 2202 Itaque
261 2141 391 2188 Naso
416 2143 461 2188 id
486 2159 628 2205 opus,
662 2144 737 2189 sua
758 2145 807 2190 in
829 2142 1039 2190 exsilium
1065 2143 1174 2207 fuga
1197 2156 1387 2207 ruptum
1403 2141 1592 2205 ,(Trist.
1608 2141 1716 2188 Lib.
1735 2143 1799 2188 ΙΙ.
1823 2141 1849 2186 a
1870 2155 1984 2188 vers.
2000 2140 2129 2202 549.)

19 2201 257 2268 deinceps,
292 2205 341 2253 &
374 2207 442 2253 his
474 2207 659 2268 quidem
698 2207 1015 2271 temporibus,
1049 2208 1306 2255 absolutum
1328 2243 1342 2267 ‚
1378 2208 1602 2272 plerisque
1637 2206 1801 2252 additis
1829 2222 1881 2251 ac
1913 2208 2129 2265 mutatis,

23 2269 261 2316 Germanico
285 2271 460 2318 Caesari
486 2271 759 2334 inscriptum
781 2272 958 2337 publici
975 2273 1091 2336 juris
1113 2272 1374 2319 adhucdum
1401 2272 1630 2331 exsulans,
1668 2271 1716 2317 &
1741 2271 1878 2334 paulo
1902 2284 2007 2316 ante
2029 2271 2134 2317 obi-

21 2332 147 2393 tum,
182 2334 308 2382 fecit.
376 2337 522 2385 Hunc
555 2338 676 2384 enim
709 2338 977 2400 Principem
1015 2338 1173 2401 primis
1208 2337 1343 2385 Libri
1371 2339 1408 2384 Ι.
1445 2337 1722 2383 carminibus
1758 2335 2043 2398 interpellat,
2080 2336 2130 2381 &c

23 2398 77 2444 ad
111 2398 249 2446 fidera
272 2401 397 2449 tollit
410 2424 426 2459 3
466 2403 584 2450 ficut
607 2403 655 2450 &
679 2402 773 2449 aliis
796 2404 845 2450 in
869 2403 1012 2462 locis,
1046 2419 1098 2449 ac
1121 2401 1383 2466 praesertim
1408 2402 1517 2450 Lib.
1544 2401 1635 2450 IV.
1669 2401 1748 2449 ubi
1771 2403 1910 2448 etiam
1942 2400 2007 2448 sui
2033 2416 2129 2446 mea

22 2461 158 2512 ‘minit
181 2465 324 2513 exsilii
348 2483 464 2515 vers.
489 2466 566 2514 80.

149 2531 355 2579 Sulmonis
370 2533 497 2595 gelidi
508 2536 707 2595 patriae,
743 2533 1049 2592 Germanice,
1083 2533 1254 2595 nostrae.

211 2598 292 2642 Me
313 2599 529 2659 mistiam,
565 2598 793 2662 Scythico
816 2615 941 2661 qaam
955 2601 1104 2661 procul
1125 2601 1199 2646 illa
1224 2595 1318 2644 solo
1343 2597 1426 2658 est!

78 2710 82 2715 ,
147 2660 261 2722 Ergo
280 2662 376 2725 ego?
409 2673 499 2710 tam
519 2666 656 2726 longas
666 2664 990 2726 fidsapprime,
1027 2664 1191 2726 Affasa,
1224 2665 1419 2725 querelas.

213 2728 316 2772 Non
337 2730 414 2774 tibi
423 2729 528 2790 sant
551 2730 698 2790 moesta
706 2729 835 2792 sacra
856 2731 1037 2777 canenda
1062 2732 1166 2790 lyra.

85 2787 152 2835 ΙΙ.
189 2789 263 2835 Ex
301 2791 387 2837 illis
422 2809 562 2856 porro
588 2794 699 2842 Lib..
728 2795 765 2841 I.
810 2794 1106 2842 Carminibus
1139 2794 1311 2857 liquet,
1345 2806 1502 2855 pacem
1539 2790 1633 2837 hoc
1665 2802 1879 2851 tempore
1911 2802 1991 2849 per
2028 2786 2125 2833 Or·-

19 2851 124 2899 bem
162 2852 289 2900 fuifl'e
319 2858 653 2918 compositam,
687 2860 884 2921 ideoque
898 2861 1026 2921 JANI
1059 2859 1178 2906 fores
1220 2857 1456 2904 obseratas.
1526 2856 1638 2902 Hoc
1665 2855 1849 2917 quidem
1873 2851 2128 2899 Bucherius

21 2917 137 2965 vidit
169 2916 195 2964 a
214 2921 361 2967 Poeta
391 2919 667 2983 significari,
701 2924 775 2970 sed
808 2926 855 2971 in
887 2941 942 2971 eo
977 2924 1277 2972 hallucinatus
1300 2922 1390 2979 est,
1426 2921 1553 2984 quod
1585 2936 1680 2967 rem
1703 2918 1758 2964 ad
1778 2933 1945 2965 annum
1970 2916 2035 2963 U.
2059 2915 2120 2961 C.

23 2979 300 3031 DCC-LIX.
335 2986 511 3032 retulit.
581 2986 692 3034 Nec
719 2987 885 3036 refluus
909 2989 1198 3037 Eminentisi'.
1236 2985 1455 3035 Norifius
1478 2986 1542 3048 (c)
1560 2983 1846 3041 autumavit,
1880 2996 2044 3042 „quae
2067 2980 2126 3026 de

24 3075 56 3104 2,
81 3047 197 3107 Jano
231 3049 380 3097 clauso
417 3050 621 3099 Ovidius
654 3051 862 3113 cecinit,
890 3071 1003 3119 pura
1038 3068 1149 3120 puta
1179 3054 1352 3102 Poetae
1384 3063 1496 3098 vota
1528 3049 1748 3098 censenda
1779 3048 1892 3108 effe,
1925 3047 1974 3093 T
1980 3046 2122 3090 rium-2

1319 3117 1357 3165 P
1396 3130 1418 3180 Ξ
1885 3144 1921 3173 5)
1952 3110 2123 3174 Phum'

83 3174 142 3225 (ὃ)
168 3175 314 3223 Annal.
334 3178 426 3221 Lib.
449 3180 501 3223 Π.
522 3194 557 3223 c.
581 3193 647 3235 41.
1522 3208 1523 3211 =

81 3227 142 3278 (b)
168 3229 259 3271 lbid.
281 3245 366 3285 cap.
395 3236 458 3276 26.

83 3281 146 3332 (c)
172 3281 240 3327 De
257 3286 407 3330 Cenot.
428 3288 503 3336 Pis.
519 3301 558 3342 p,
581 3301 676 3333 201.
