2547 3708
893 166 918 223 1
1060 168 1107 225 B

1251 170 1278 226 1
1417 174 1471 229 s,
2151 205 2217 254 (ς

455 279 737 338 Dulichiae
761 276 982 351 pavidos
1005 280 1247 351 eripuere
1276 280 1392 335 rati.

384 354 462 410 Ut
486 371 621 427 quos
654 350 866 407 demisit
892 351 1090 406 vastam
1107 352 1467 422 Polyphemus
1493 355 1547 410 in
1577 356 1750 412 alvum
1772 397 1789 423 ,

245 448 347 502 390

90 647 175 676 cum
198 645 332 674 navem
362 633 512 682 propius
533 631 577 670 ad
604 628 760 676 Scyllam
791 626 1032 673 admoviffet,
1060 627 1121 667 sex

90 686 208 725 amisit
228 699 272 723 ex
292 685 394 724 sociis
409 712 420 730 ‚
452 693 574 732 eoque
597 679 752 728 respexit
776 679 884 717 Maro
907 679 1046 727 Ecloga
1068 691 1120 718 vx.

88 738 144 777 his
166 737 322 776 versibus
334 748 343 773 ε

139 811 241 861 §Qud
267 809 408 858 loquar,
434 814 496 843 aut
519 802 670 854 scyllam
695 800 773 852 Nifi
783 829 794 847 ‚
822 814 930 852 quam
943 803 1050 849 fama
1065 800 1120 849 se-

139 860 547 958 calgiti‘ilistsuccinczam
584 903 798 942 latrantibus
835 903 980 953 inguina
1018 915 1116 940 mon-

214 975 260 999 ris

134 963 321 1053 ,Dullichias
339 1009 471 1057 vexasse
489 1017 579 1045 rates
593 1035 602 1050 ,
629 1017 670 1048 φ*
686 1005 819 1056 gurgite
835 1005 873 1043 in
893 1004 985 1050 alto,

136 1065 200 1104 Ab
222 1061 360 1101 timidos
377 1070 528 1104 nautas,
556 1057 697 1096 canibus
719 1056 873 1106 laceraffe
896 1055 1057 1094 marinis.

86 1147 200 1197 Quod
217 1145 345 1185 iisdem
369 1156 484 1193 prope
501 1142 615 1180 verbis
627 1142 758 1190 repetit
775 1142 811 1179 in
834 1140 944 1178 Ceiri.
982 1140 1115 1178 Caete-

82 1210 164 1236 rum
195 1197 328 1235 voracis
359 1196 562 1244 epithetum
596 1193 697 1241 quod
728 1193 838 1230 etiam
876 1191 1039 1228 Catullus
1068 1191 1115 1229 de

79 1249 225 1296 Nuptiis
238 1247 383 1284 Pelei&
398 1244 582 1283 Thetidos
597 1243 737 1293 Scyllae
759 1242 906 1286 tribuit,
924 1241 1110 1290 Charybdi

80 1300 195 1347 magis
216 1297 414 1341 convenit,
442 1307 530 1334 nam
545 1303 584 1333 ut
597 1297 645 1333 ait
665 1294 799 1332 Plinius
827 1293 963 1331 lib.111.
987 1293 1113 1341 cap.8.

77 1348 138 1396 Est
153 1348 305 1398 scopulus
328 1347 441 1396 Scylla
462 1375 473 1392 ‚
507 1347 591 1383 item
623 1345 820 1393 Charybdis
848 1357 944 1381 mare
966 1344 1114 1381 vortico-

71 1400 177 1447 sum.-
206 1399 323 1436 Ambo
354 1397 450 1435 clara
468 1396 639 1445 saevitia.
693 1397 801 1444 Quae
827 1395 978 1444 quidem
1004 1395 1114 1434 verba

77 1448 333 1498 transcripfith.
346 1449 602 1497 Hieronymus
621 1447 799 1485 Tractatu
807 1446 853 1484 de
866 1447 956 1483 locis
971 1445 1108 1484 Hebrai

77 1501 145 1545 eis,
175 1501 210 1538 ὃς
224 1501 299 1548 post
311 1511 397 1538 eum
412 1499 509 1537 Beda
530 1497 767 1536 Tractatude
778 1497 1110 1534 nominibusloco-

75 1560 156 1589 rum
171 1553 208 1588 in
221 1550 319 1588 Affls
334 1549 612 1598 Apostolorum.
658 1549 759 1586 Hinc
779 1548 953 1586 Ciceroni
973 1547 1108 1595 Philip-

73 1602 157 1649 pica
175 1613 223 1642 ιι.
251 1614 376 1639 vorax.
403 1600 564 1638 Senecae
584 1599 749 1647 Thyeste
759 1607 881 1647 rapax.
922 1598 991 1646 Ipfi
1013 1598 1108 1635 Ovi-

75 1651 140 1690 dio
166 1651 225 1690 lib.
251 1663 310 1701 13·
334 1651 585 1699 Metamorph.
619 1650 729 1687 avida
754 1649 896 1688 dicitur.
950 1649 1110 1688 Proinde

75 1700 281 1741 Eustathius
308 1704 344 1740 in
366 1714 436 1740 xix.
459 1700 588 1751 Odyff.
615 1700 749 1739 dietam
773 1708 875 1749 putat
887 1702 984 1744 παρὰ
1005 1701 1045 1735 τὸ
1058 1699 1110 1744 εἷς

75 1753 169 1799 χάος
189 1753 262 1800 ῥᾷον
291 1752 489 1798 ὑποδύνειν,
518 1754 576 1790 alii
608 1752 749 1789 malunt
771 1751 823 1793 εἷς
842 1750 936 1797 χάος
953 1750 1104 1795 ῥωβέεῖν.

76 1803 124 1842 Et
140 1816 231 1843 vero
243 1803 444 1854 Charybdis
462 1804 551 1841 nihil
569 1802 666 1841 aliud
677 1802 724 1840 est
739 1829 750 1846 ,
776 1814 888 1851 quam
906 1803 1023 1839 hiatus
1035 1812 1107 1840 ter-

75 1864 138 1892 rae
160 1855 218 1893 vel
237 1856 343 1892 maris
367 1854 539 1893 vorticofi
563 1882 573 1897 ,
612 1865 687 1903 quo
714 1864 830 1903 aquae
860 1852 1107 1892 absorbentur.

76 1903 180 1942 Hinc
209 1907 245 1942 &
277 1907 440 1943 Orontes
472 1906 509 1942 in
540 1905 642 1952 Syria
666 1904 851 1951 absorptus
881 1904 980 1942 hiatu
1012 1904 1107 1941 inter

77 1953 284 2002 Apameam
315 1958 352 1992 &
381 1956 623 1993 Antiochiam
649 1982 659 1998 ,
696 1955 910 2002 rursumque
942 1953 1019 2002 post
1047 1963 1109 1996 40.

77 2003 187 2042 stadia
217 2017 406 2054 emergens
425 2033 436 2050 ,
465 2005 670 2051 Charybdis
694 2005 893 2052 appellatur
915 2031 926 2048 ,
952 2004 1106 2043 authore

76 2053 255 2092 Strabone
280 2055 340 2093 lib.
363 2068 415 2092 vi.
443 2056 506 2103 qui
533 2055 665 2092 Circen
697 2054 794 2101 apud
826 2055 1041 2092 Homerum
1070 2056 1107 2092 in

74 2103 144 2142 hac
173 2105 415 2150 descriptione
447 2105 683 2142 mendacium
712 2103 936 2141 admiscuisse
958 2132 967 2148 ,
1002 2105 1041 2141 &
1062 2105 1108 2142 de

73 2154 245 2194 industria
272 2155 455 2202 Tragicae
483 2155 775 2203 amplificationis
813 2155 914 2191 causa
942 2155 1105 2193 locutam

78 2205 209 2245 scribit.
260 2205 371 2242 Unde
404 2205 540 2241 Seneca
571 2205 682 2251 Epist.
708 2216 766 2251 79.
803 2204 952 2250 Scyllam
978 2206 1108 2250 saxum

75 2255 133 2304 effe
145 2284 154 2299 ‚
177 2268 220 2295 εν
233 2256 369 2307 quidem
381 2268 446 2291 non
459 2253 612 2291 terribile
630 2253 880 2302 navigantibus
897 2254 1111 2301 optimescio.

79 2307 196 2355 Scylla
209 2306 357 2355 quidem
373 2306 440 2349 ‚ad
461 2316 571 2353 quam
587 2306 790 2353 Scyllaeum
815 2304 993 2352 oppidum
1008 2332 1019 2349 ,
1040 2305 1110 2342 ho-

79 2358 138 2395 die
151 2358 284 2405 Sciglio,
315 2356 516 2404 Charybdis
537 2356 699 2401 Calosaro
723 2356 759 2392 δί
782 2354 818 2390 la
849 2361 969 2392 Rema.
1004 2356 1111 2393 Haec

78 2405 287 2450 Meffanae,
316 2407 372 2444 illa
396 2407 540 2455 Rhegio
560 2406 694 2449 subest,
722 2404 836 2453 spatio
857 2405 1033 2443 duntaxat
1056 2417 1112 2453 ις.

80 2470 133 2497 m.
152 2457 236 2507 paff.
265 2456 468 2506 interjecto.
521 2456 591 2494 Sed
623 2458 661 2494 ὃς
691 2465 813 2493 totum
838 2456 987 2493 Fretum
1011 2457 1112 2495 Sicu-

78 2508 153 2548 lum
183 2508 382 2555 Charybdis
404 2506 601 2556 appellatur
620 2506 848 2556 Thucydidi.
901 2507 959 2544 Est
986 2516 1110 2546 autern

79 2559 296 2599 Dulichium
327 2570 396 2595 una
411 2571 455 2595 ex
481 2558 725 2596 Echinadibus
753 2557 903 2600 Infulis,
929 2570 1006 2595 non
1030 2571 1115 2607 pro-

83 2611 141 2648 cul
160 2610 203 2646 ab
226 2610 347 2647 Ithaca
382 2608 512 2658 Vlyffis
529 2610 641 2657 patria
666 2636 677 2652 ‚
704 2608 801 2644 unde
825 2609 948 2655 paffim
971 2608 1115 2658 Vlyffes

82 2658 273 2698 Dulichius
296 2658 423 2698 dictus.
474 2659 598 2697 Ithaca
630 2659 743 2696 hodie
767 2658 861 2695 Valle
892 2660 929 2696 di
951 2670 1115 2709 compare.

86 2708 283 2747 Sumen.
311 2710 423 2759 Scylla
453 2719 564 2760 rapax
596 2721 690 2747 unus
721 2709 863 2747 Heinsii
894 2712 1022 2747 &tres
1046 2711 1116 2748 alii.

79 2759 181 2805 ferox
200 2771 301 2797 unus.

142 2809 225 2857 389.
249 2815 293 2844 Ut
312 2824 389 2859 quos
408 2810 577 2860 demifit.]
618 2812 676 2849 De
694 2810 797 2849 sociis
817 2810 962 2860 Vlyffis.
1015 2812 1113 2849 Nam

86 2858 338 2906 Polyphemus
361 2860 519 2909 Cyclops
538 2861 700 2909 Vlyffem
717 2862 983 2908 vitempestatis
1000 2863 1037 2899 in
1061 2862 1115 2899 Si-

86 2910 203 2947 ciliam
236 2909 394 2947 delatum
415 2918 518 2947 antro
539 2912 602 2949 suo
623 2911 788 2955 inclusit,
823 2922 1055 2961 quatuorque
1069 2925 1114 2949 ex

88 2961 286 2997 comitibus
317 2960 393 3005 ejus
434 2959 646 3006 devoravit,
675 2963 833 3010 reliquos
853 2963 989 3000 codem
1015 2974 1115 3000 mor-

86 3011 130 3048 tis
149 3021 283 3057 genere
320 3018 591 3057 perempturus,
618 3012 682 3049 nist
702 3011 844 3061 Vlysses
877 3026 960 3050 eum
985 3025 1114 3050 excae-

88 3060 206 3099 caffet.
261 3061 500 3097 Inrfissnnsss.
540 3060 671 3098 Melius
695 3089 705 3105 ,
753 3061 882 3108 dimisit
904 3092 914 3108 ‚
964 3064 1116 3102 Consr.

88 3110 187 3151 Fam.
215 3111 469 3158 Polyphemus
498 3110 557 3148 sex
589 3110 721 3157 Vlyffis
752 3113 870 3150 socios
899 3115 1114 3158 devoravit,

87 3160 523 3250 {21}{3{35{}¹¹}¹d3g¹gg}53,³
545 3160 781 3249 {issssgizsszr
794 3163 1119 3253 ru?l{¹.²b5?{31‘3·

89 3272 212 3302 merus
225 3262 342 3302 scribit
364 3261 494 3313 Odyff.
511 3261 552 3304 1'.
593 3261 710 3312 Quod
733 3263 841 3301 etiam
865 3265 1034 3314 graphice
1056 3265 1120 3313 def

459 428 534 482 Ut
560 425 964 498 Laestrygonias
992 425 1083 496 qui
1110 423 1315 480 subiere
1342 426 1553 482 domos

2131 509 2207 565 Ut

1174 629 1337 669 scribitur
1355 629 1375 668 a
1396 630 1555 679 Virgilio
1581 630 1717 669 lib.111.
1744 631 1895 671 AEneid.
1924 633 2066 673 Ovidio
2087 636 2211 675 nostro

1174 681 1236 718 lib.
1257 693 1335 719 ΧΠ.
1371 683 1530 719 Metam.
1557 682 1696 732 Tangit
1726 683 1764 721 ὅ(
1794 683 1971 724 Boethius
2006 685 2067 726 lib.
2087 698 2139 724 tv.
2166 686 2213 726 de

1176 731 1444 769 Consolatione
1463 732 1720 782 Philosophiae
1734 762 1745 779 ,
1774 736 1810 772 in
1830 735 1903 774 his:

1273 793 1392 830 Flevit
1412 795 1544 842 amiffos
1567 796 1708 832 Ithacus
1721 797 1852 845 sodales
1865 826 1875 842 ‚

1275 846 1370 892 Qos
1381 848 1481 890 serus
1498 845 1594 891 vasto
1612 847 1776 884 recubans
1796 849 1834 884 in
1854 858 1958 886 antro

1276 893 1399 944 Merfit
1419 895 1574 933 immani
1593 896 1819 944 Polyphemus
1840 900 1934 937 alvo.

1171 960 1305 1008 quue
1330 960 1489 1008 pertinet
1519 958 1607 998 illud
1636 960 1747 998 Ennii
1780 973 1824 999 ex
1857 962 1991 1001 Annal.
2023 976 2075 1002 nt.
2112 965 2211 1016 apud

1170 1011 1392 1049 Priscianum
1415 1023 1423 1044 t

1275 1081 1431 1129 Cyclopis
1453 1091 1575 1119 venter
1597 1082 1698 1120 velut
1715 1080 1796 1119 olim
1817 1082 1968 1131 turserat
1987 1082 2056 1121 alti

1272 1133 1448 1171 Carnibus
1471 1133 1636 1171 humanis
1657 1133 1835 1180 distentus.

1170 1195 1302 1243 Quum
1325 1205 1449 1235 autem
1482 1196 1577 1235 Naso
1608 1197 1746 1241 vastam
1764 1197 1891 1235 alvum
1906 1225 1916 1242 ,
1946 1198 2120 1237 sso'e'thius
2140 1199 2209 1237 imi

1169 1258 1310 1283 manem
1342 1247 1542 1292 dixerunt,
1592 1248 1806 1286 Homerum
1839 1250 1952 1286 ambo
1981 1249 2208 1298 expressere,

1168 1298 1232 1344 qui
1251 1298 1422 1344 μεγάλην
1444 1297 1533 1335 νιόῦν
1565 1298 1718 1337 dixerat.
1771 1299 1818 1336 Et
1850 1310 1941 1336 vero
1965 1300 2092 1349 quidni
2113 1300 2208 1338 vasta

1169 1348 1207 1384 ὅ(
1228 1348 1400 1387 immanis
1420 1349 1506 1386 effet
1527 1349 1749 1398 Polyphemi
1767 1350 1868 1387 alvus
1882 1378 1892 1394 ‚
1922 1362 2008 1388 cum
2031 1351 2205 1400 Virgilius

1169 1398 1246 1446 ejus
1266 1402 1526 1449 proceritatem
1548 1399 1596 1438 sic
1619 1399 1875 1448 repraesentet.

1372 1481 1474 1490 —
1501 1462 1570 1512 Ipse
1591 1464 1748 1508 arduus,
1774 1463 1918 1513 altaque
1930 1462 2046 1513 pulfiu

1216 1512 1334 1550 Sidera

1163 1570 1212 1611 Et
1233 1582 1317 1613 ante
1334 1573 1450 1623 ipsum
1475 1574 1662 1613 Lucilius:

1218 1637 1342 1675 Multa
1361 1637 1512 1675 homines
1527 1646 1689 1687 portenta
1711 1645 1856 1676 Homero
1883 1636 2078 1686 verfificata

1213 1690 1372 1735 Monstra
1405 1699 1559 1738 putant,
1579 1703 1727 1741 quorum
1758 1691 1797 1727 in
1822 1690 1945 1740 primis
1968 1687 2206 1738 Polyphemu2

1267 1740 1429 1778 ducentos

1216 1791 1356 1840 Cyclops
1387 1790 1504 1839 longus
1520 1791 1639 1840 pedes,
1668 1802 1709 1832 ειν
1728 1801 1826 1842 porro
1859 1790 1939 1828 huic
1969 1804 2079 1828 manu
2101 1789 2209 1836 bacil÷

1267 1842 1342 1878 lum
1362 1869 1373 1886 ,

1217 1893 1338 1940 §Luam
1361 1892 1478 1930 malus
1501 1892 1609 1931 navis
1629 1892 1667 1930 in
1690 1892 1820 1931 corbita
1838 1892 2018 1930 maximus
2040 1892 2127 1930 ulla.

1164 1954 1413 2004 Nequaquam
1443 1963 1567 1992 autem
1608 1955 1808 1993 fabulosam
1853 1954 1923 1992 effe
1961 1955 2058 1993 illam
2091 1955 2204 2003 Poly-

1163 2005 1290 2052 phemi
1314 2007 1352 2043 ὃς
1376 2005 1586 2053 Cyclopum
1599 2006 1753 2042 aliorum
1775 2007 2032 2052 proceritatem
2049 2033 2060 2050 ,
2086 2006 2204 2043 docu-

1165 2064 1296 2092 mento
1309 2053 1387 2093 sunt
1402 2055 1646 2092 imrnaniailla
1658 2054 1833 2092 cadavera
1849 2082 1858 2097 ‚
1886 2056 2017 2103 viginti
2039 2058 2203 2094 &etiam

1162 2106 1317 2152 amplius
1339 2105 1547 2142 cubitorum
1562 2132 1572 2149 ,
1599 2116 1694 2153 quae
1716 2105 1761 2141 ad
1781 2105 1917 2142 radices
1947 2107 2072 2154 Erycis
2094 2117 2205 2144 mon-

1163 2156 1206 2192 tis
1224 2160 1261 2192 iu
1281 2155 1397 2193 Sicilia
1416 2153 1540 2192 effoffa
1561 2153 1631 2191 effe
1659 2155 1816 2200 prodidit
1831 2156 2001 2192 Thomas
2024 2156 2204 2202 Faenus,

1165 2206 1201 2241 in
1229 2204 1282 2242 his
1310 2216 1404 2254 quae
1431 2205 1477 2241 de
1505 2204 1622 2242 Sicilia
1644 2204 1790 2253 scripfit.
1842 2205 1911 2242 Sed
1935 2208 2034 2243 enim
2058 2207 2204 2245 fortasse

1163 2254 1383 2303 Polyphemi
1413 2255 1566 2293 cadaver
1596 2255 1694 2299 fuit,
1731 2255 1777 2292 de
1807 2267 1884 2303 quo
1912 2255 2072 2294 Pazellus
2099 2257 2199 2296 idem

1163 2304 1316 2342 Decade
1342 2318 1370 2343 1.
1407 2305 1468 2343 lib.
1488 2319 1513 2343 1.
1541 2317 1619 2355 cap.
1639 2306 1674 2343 6.
1703 2307 1740 2343 in
1764 2307 1861 2344 hunc
1884 2309 2054 2344 modum.
2105 2313 2203 2357 Eryx

1164 2369 1260 2392 mons
1289 2356 1332 2401 esl
1351 2356 1388 2393 in
1417 2355 1534 2393 Sicilia
1563 2356 1748 2404 notiffimus
1769 2385 1779 2402 ‚
1818 2370 1914 2394 mons
1938 2358 2091 2405 Depram'
2105 2358 2204 2397 hodie

1168 2406 1271 2455 vulgo
1299 2407 1516 2446 nominatus.
1567 2407 1632 2444 Ad
1663 2407 1765 2454 hujus
1804 2408 1935 2444 radices
1972 2408 2043 2457 qud
2075 2409 2200 2446 Orien·

1167 2468 1236 2494 tem
1283 2458 1411 2506 respicit
1426 2485 1436 2502 ,
1465 2471 1574 2504 quum
1615 2458 1729 2504 rustici
1765 2458 1910 2505 quidam
1951 2471 2043 2495 anno
2071 2459 2203 2507 salutis

1169 2513 1485 2545 MCCCXLII.
1519 2508 1681 2557 pastorali
1723 2510 1817 2558 casae
1843 2509 2057 2555 fundandae
2093 2510 2202 2547 altius

1161 2559 1342 2605 foderent,
1370 2561 1407 2596 in
1425 2568 1571 2596 antrum
1589 2560 1796 2606 immensum
1817 2559 2012 2595 inciderunt
2026 2588 2035 2603 ,
2064 2560 2101 2597 in
2111 2561 2203 2611 quod

1168 2609 1295 2657 ingreffi
1317 2637 1326 2654 ,
1371 2610 1492 2647 virum
1517 2610 1730 2659 portentosae
1761 2610 2013 2656 magnitudinis
2025 2611 2201 2659 sedentem

1169 2660 1462 2709 deprehenderunt
1481 2688 1490 2703 ‚
1537 2662 1631 2708 cujus
1656 2662 1705 2697 rei
1735 2659 1892 2697 novitate
1926 2661 2129 2704 consternati
2159 2675 2201 2699 ex

1170 2722 1273 2747 antro
1293 2711 1379 2747 ocius
1390 2711 1518 2759 fugam
1537 2712 1575 2746 in
1594 2711 1753 2760 oppidum
1769 2738 1778 2753 ‚
1803 2711 1892 2759 quod
1904 2712 1950 2745 ad
1962 2712 2125 2748 verticem
2142 2713 2202 2758 est,

1171 2762 1340 2810 capessunt
1353 2789 1362 2805 ,
1391 2761 1591 2811 civibusque
1611 2762 1695 2810 quid
1712 2761 1851 2807 monstri
1870 2761 2025 2798 viderim
2037 2764 2206 2806 referunt.

1173 2812 1310 2858 Eryctni
1337 2813 1463 2854 exciti,
1491 2813 1627 2849 armati
1654 2824 1799 2848 anirum
1826 2821 1946 2860 petunt
1968 2840 1977 2855 ‚
2017 2826 2058 2849 ex
2081 2814 2207 2863 quibus

1171 2862 1352 2911 complures
1365 2862 1502 2909 facibus
1526 2860 1666 2908 incensis
1681 2864 1818 2911 specum
1846 2862 2031 2911 introgressi
2055 2890 2064 2907 ,
2104 2877 2203 2900 mon-

1162 2912 1312 2963 stroque,
1326 2913 1460 2963 quodin
1472 2915 1640 2961 conspeclu
1657 2912 1847 2956 habebant,
1860 2915 2000 2949 tandem
2017 2915 2204 2961 proximio-

1170 2977 1220 3000 res
1232 2965 1326 3007 satli
1339 2992 1347 3006 ‚
1378 2964 1549 3000 hominem
1567 2976 1636 3000 non
1657 2965 1785 3000 vivum
1799 2991 1808 3006 ‚
1835 2964 1892 3007 [ed
1904 2965 2055 3000 cadaver
2075 2965 2204 3001 huma-

1172 3027 1257 3051 num
1278 3023 1430 3063 procerae
1443 3015 1601 3062 st'aturae
1629 3015 1665 3051 in
1681 3014 1920 3063 sede‘sspostrum
1935 3042 1944 3057 ,
1965 3013 2108 3063 finistra
2126 3027 2205 3050 ma-

1172 3077 1220 3100 nu
1240 3065 1357 3101 baculo
1380 3066 1467 3101 mali
1489 3064 1623 3101 nautici
1640 3065 1745 3111 instar
1765 3065 1930 3101 innixum
1943 3093 1952 3105 ,
1981 3065 2144 3112 nullaque
2162 3076 2205 3100 ex

1168 3124 1267 3163 parte
1299 3115 1466 3159 corrosum
1495 3118 1704 3162 cognoscunt.
1767 3118 1876 3151 Taeiu
1904 3116 2052 3164 scipionis
2088 3125 2205 3150 cortex

1174 3164 1345 3211 confestim
1366 3169 1401 3201 in
1423 3167 1568 3201 cinerem
1588 3165 1784 3214 dissolvitur
1798 3193 1808 3209 ,
1835 3160 1902 3215 quo
1912 3169 2013 3202 clava
2029 3163 2206 3211 plumbea,

1175 3230 1262 3263 quae
1283 3217 1298 3250 e
1321 3226 1413 3252 terra
1443 3215 1490 3250 ad
1522 3229 1668 3251 manum
1696 3217 1798 3265 usque
1813 3216 1959 3262 sedentis
1979 3214 2206 3261 ascendebat,

1175 3265 1349 3305 celabatur
1370 3293 1382 3312 ,
1420 3268 1516 3309 tac'lu
1534 3277 1577 3306 ca·
1599 3266 1750 3305 cadaver
1772 3279 1877 3315 aeque
1895 3265 2020 3314 statim
2053 3266 2207 3321 corruit,

2122 3328 2209 3357 Um
