2547 3708
888 154 910 210 Ι
1057 155 1103 212 Β

250 279 352 327 330

1250 158 1272 213 I
1419 162 1470 217 S.

465 258 553 314 Ab
574 258 708 329 Jove
733 268 1027 321 venerunt,
1067 270 1120 312 te
1144 275 1362 330 quoque
1392 261 1493 315 tela
1521 275 1724 334 petant.

392 335 506 388 Aut
533 349 589 386 ut
621 329 958 385 Amastriacis
984 331 1256 403 quondam
1285 333 1531 390 Lenaeus
1558 336 1620 391 ab
1646 340 1750 391 oris
1768 376 1785 401 ᾖ

464 405 657 484 Nudus
691 404 933 458 Achillea
962 403 1260 460 destituaris
1289 405 1472 462 humo,

97 623 252 662 nomine
271 614 425 670 superest
447 616 660 666 opusculum
676 613 972 653 Grammaticum
994 613 1039 653 de
1063 614 1135 654 dif-

98 675 261 713 ferentiis
282 674 318 710 8<
339 669 568 709 societatibus
579 667 709 704 Graeci
724 666 923 716 Latinique
936 666 1050 710 verbi,
1077 668 1132 704 in-

95 733 150 763 ter
171 733 311 763 veteres
331 735 349 760 a
373 721 539 760 Putschio
572 718 711 756 editum
745 716 1018 755 Grammaticos
1040 725 1135 755 tom.

96 788 146 815 11.
167 788 201 825 p.
217 786 326 822 2727.
352 774 482 810 Euam.

150 827 224 878 328
253 831 376 875 Aquas
403 818 589 869 occultu]
629 819 689 856 An
721 818 820 856 forte
838 817 1026 866 Alpheum
1061 818 1129 857 flu-

97 880 202 917 vium
232 873 554 924 praeterlabentem
576 869 768 918 intelligit,
797 870 858 919 qui
882 869 999 908 subter
1027 881 1128 908 mare

59 959 64 964 .
94 932 131 968 in
155 928 310 967 Siciliam
332 923 443 973 lapsus
458 950 468 966 ,
493 921 693 959 Arethusae
716 920 810 958 fonti
828 920 899 957 sese
920 920 1128 959 immiscet?

95 981 323 1019 Esumus.
352 986 414 1023 per
436 974 582 1010 occultas
613 984 723 1021 aquas
756 971 965 1019 Alphaeum
985 972 1129 1021 judicio

94 1031 218 1071 nostro
235 1025 400 1074 intelligit
414 1052 424 1069 ,
437 1025 500 1073 qui
522 1034 585 1071 per
603 1022 771 1060 occultos
791 1030 931 1060 meatus
947 1034 992 1059 ex
1015 1023 1131 1060 Arca-

94 1083 155 1121 dia
173 1082 210 1119 in
232 1077 391 1116 Siciliam
414 1075 546 1120 dicitur
566 1073 652 1112 labi.
709 1073 822 1111 Unde
842 1072 889 1110 est
899 1073 988 1111 illud
1009 1073 1132 1123 Virgi-

94 1134 134 1173 lii
152 1144 214 1170 111.
227 1127 369 1167 Aened.
382 1127 469 1176 694.

322 1206 432 1237 Fama
448 1197 490 1242 el}
509 1196 576 1234 huc
596 1195 710 1233 Elidis
726 1208 866 1233 amnem

140 1253 300 1290 occultas
318 1249 409 1299 egiffe
429 1247 510 1285 vias
522 1246 642 1294 subter
662 1260 757 1283 mare
770 1275 780 1289 ‚
808 1245 869 1294 qui
891 1257 984 1282 nunc

142 1310 209 1341 Ore
221 1330 232 1348 ,
259 1300 460 1350 Arethusa,
479 1309 537 1336 tuo
557 1297 677 1336 siculis
692 1297 920 1344 confunditur
945 1295 1063 1334 undis.

89 1372 240 1411 Coum.
262 1373 357 1410 Fau.

88 1445 93 1451 '
142 1456 227 1494 329.
253 1446 419 1494 Qaeque
430 1442 467 1479 in
481 1438 763 1489 Adimantum]
794 1437 1127 1480 Adimantus‚Rex

96 1496 269 1535 Philesiae
283 1523 294 1540 ,
321 1494 511 1542 indignans
532 1493 663 1540 superis
676 1490 825 1529 obedire
839 1517 849 1534 ,
877 1490 914 1526 &
933 1489 997 1537 ipsi
1014 1489 1099 1535 Jovi
1118 1515 1130 1533 ,

89 1547 302 1585 fulminatus
331 1546 377 1583 est
394 1573 404 1587 ,
430 1554 470 1582 ut
488 1545 537 1581 ait
559 1543 695 1580 Gallus.
748 1541 990 1578 hammes.
1018 1540 1125 1587 Phyl-

86 1597 154 1635 leia
176 1610 279 1646 regna
299 1593 468 1635 Theff-ala
487 1605 655 1642 expone,
684 1605 703 1630 a
724 1592 853 1639 Phyllo
867 1592 953 1629 urbe
965 1589 1121 1628 Thessa-

86 1648 178 1693 liae,
207 1649 253 1686 de
272 1659 348 1697 quo
362 1647 533 1684 meminit
554 1644 695 1682 St-rabo.
727 1654 826 1681 nunc
846 1643 946 1680 enim
967 1639 1122 1679 Thessa-

88 1699 209 1738 lorum
226 1698 266 1737 fit
285 1699 441 1736 mentio.
472 1696 535 1746 qui
569 1693 717 1743 Philefia
738 1695 882 1742 legunt,
909 1693 969 1731 vel
990 1691 1122 1742 Pylesia

88 1751 264 1798 corruptis
286 1748 471 1787 codicibus
482 1746 731 1785 adhaeserunt.
757 1743 1015 1782 CoNsTAEAN.
1032 1743 1121 1781 Adi-

87 1809 231 1839 mantus
244 1800 430 1849 Phyletiae
442 1810 504 1836 rex
518 1825 528 1842 ‚
556 1798 679 1834 Ponto
697 1795 918 1845 conjunctae
931 1823 940 1839 ,
955 1795 1029 1832 five
1058 1795 1122 1843 (ut

89 1851 148 1889 alii
170 1851 326 1899 volunt}
352 1848 584 1892 Theffaliae,
612 1847 767 1885 deorum
781 1847 1123 1894 contemptor‚diis

88 1901 282 1940 sacrificare
310 1901 470 1950 neglexit
492 1927 503 1944 ,
547 1897 673 1946 seipsis
696 1899 879 1947 majorem
901 1896 1124 1946 praedicans.

92 1962 201 1999 quare
219 1951 240 1989 a
261 1952 356 1998 Jove
384 1953 447 2000 (ut
466 1950 721 1989 vetustiffimus
748 1949 903 1997 exponit
922 1948 1123 1997 interpres)

91 2001 246 2039 fulmine
266 2001 356 2039 ietus
373 2001 520 2039 interiit.
575 2000 753 2037 Meminit
779 2001 816 2036 in
846 1998 1000 2047 dialogis
1022 1999 1123 2036 Plato

91 2052 281 2100 cujusdam
310 2051 534 2089 Adimantiv:
588 2049 648 2086 sed
674 2049 765 2087 nihil
789 2049 832 2086 ad
862 2049 961 2085 hunc
984 2049 1125 2087 locum.

92 2102 248 2140 Zauor.
285 2101 463 2139 Meminit
483 2099 705 2148 &Polybius
738 2098 880 2136 alterius
913 2098 1098 2145 cujusdam
1112 2126 1122 2143 ‚

88 2153 180 2190 libro
202 2160 354 2201 quarto,
382 2161 495 2199 quem
523 2149 808 2187 Lacedaemone
831 2150 867 2186 in
890 2149 974 2185 foro
991 2176 999 2192 ,
1026 2147 1046 2185 a
1070 2149 1125 2186 di-

89 2202 210 2242 versae
231 2201 400 2240 factionis
414 2201 614 2249 juventute
635 2197 844 2236 confossum
864 2198 1002 2235 scribit:
1033 2199 1122 2236 dum

89 2253 339 2297 Macedones,
368 2260 407 2290 ut
430 2249 702 2288 conservatores
733 2249 932 2285 Laconum
956 2275 967 2290 ,
995 2248 1124 2285 defen-

38 2335 41 2338 .
62 2305 73 2310 ’
91 2304 163 2343 ditz
192 2304 261 2342 Sed
277 2314 400 2352 neque
421 2301 497 2339 hoc
515 2300 561 2339 ad
582 2311 659 2338 rem
678 2299 916 2347 praesentem.
954 2298 1047 2336 Illud
1061 2298 1125 2337 ad·

92 2354 256 2394 dendum
271 2382 281 2398 ‚
308 2351 412 2392 fuisse
444 2352 482 2389 &
506 2351 642 2394 deum,
670 2350 742 2388 slve
757 2350 911 2387 heroem
935 2348 1123 2397 quendam

94 2405 289 2444 Ponticum
313 2433 324 2450 ‚
361 2400 546 2453 Philefium
572 2402 729 2440 nomine
744 2428 754 2443 ,
782 2401 845 2450 qui
866 2400 962 2448 apud
982 2399 1126 2448 Trape-

96 2457 241 2495 zuntios
259 2454 444 2494 colebatur
469 2481 480 2499 ,
507 2461 546 2492 ut
563 2451 882 2491 indicatArrianus
904 2451 941 2488 in
962 2453 1126 2500 περιπλῷ

94 2506 241 2545 Euxini.
269 2508 493 2555 Quanquam
506 2502 677 2542 hocloco
696 2500 851 2551 Phylefia
868 2513 978 2550 regna
992 2529 1001 2545 ,
1015 2514 1077 2549 per
1089 2517 1125 2551 «y,

95 2557 324 2596 scribendum·
353 2557 467 2604 magis
487 2563 614 2603 putem
634 2582 644 2599 ,
687 2553 807 2592 versus
825 2554 938 2602 gratia
963 2581 973 2598 ,
1009 2552 1083 2590 five
1104 2552 1124 2590 a

96 2607 248 2658 Phylete
280 2608 405 2656 aliquo
425 2633 436 2650 ,
473 2605 547 2643 hoc
572 2606 728 2643 nomine
747 2631 757 2648 ‚
785 2603 859 2641 five
881 2602 1026 2641 aliunde
1055 2612 1127 2641 tra-

102 2657 214 2696 ctum.
266 2658 464 2696 Caeterum
476 2656 556 2694 sunt
577 2656 640 2704 qui
659 2667 782 2704 neque
801 2655 905 2698 hoc.
924 2666 1046 2704 neque
1062 2655 1126 2692 illo

104 2709 220 2745 modo
242 2708 415 2752 scribant,
442 2707 500 2745 sed
514 2705 788 2755 Phylleiaregna
810 2703 831 2742 a
855 2705 987 2753 Phyllo
1009 2705 1128 2744 Thes-

105 2757 209 2795 salica
229 2757 314 2795 urbe
329 2786 338 2799 .
365 2766 405 2796 ut
426 2757 505 2806 ipfis
525 2757 655 2803 placet.
707 2757 807 2794 Nam
827 2756 864 2793 &
886 2756 1131 2794 Adimantum

105 2808 205 2845 hunc
225 2806 434 2846 Thessalum
454 2807 568 2846 fuiffe.
618 2807 736 2857 Quod
747 2805 899 2857 quidem
920 2807 1133 2855 illorumju-

105 2858 203 2895 dicio
225 2857 402 2905 relinquo.
453 2859 629 2897 chut.
652 2858 716 2896 hic
735 2869 805 2906 ego
817 2857 943 2895 Davus
964 2858 1039 2894 sum
1056 2869 1133 2896 non

107 2907 275 2956 Oedipus
289 2934 299 2950 ,
325 2918 407 2944 nam
428 2909 530 2954 quod
548 2917 652 2946 vetus
663 2909 842 2957 Interpres
854 2909 925 2951 ait,
953 2908 1134 2945 Adiman-

107 2968 185 2996 tum
207 2964 326 3006 Regem
348 2956 507 3004 Philefiae
532 2957 770 3006 indignantem
786 2959 918 3007 superis
941 2959 1071 2995 obedire
1092 2971 1135 2999 <9-

105 3008 166 3059 ipfi
181 3008 292 3054 Jovi,
319 3007 554 3053 fulminatum
575 3009 656 3057 effe,
683 3010 843 3058 nuspiam
874 3010 962 3047 mihi
985 3009 1135 3049 lectum.

106 3060 305 3098 Caeterum
328 3070 392 3106 pro
423 3055 571 3106 Philefia
600 3059 702 3106 quod
731 3071 861 3098 omnes
880 3059 1062 3098 editiones
1081 3062 1135 3099 in-

106 3111 267 3155 vaserat,
294 3108 480 3148 edendum
504 3109 629 3146 curavi
648 3108 821 3155 Philafia‚
848 3110 1023 3160 nusquam
1037 3113 1137 3150 enim

108 3160 292 3211 PhIIefiam
310 3169 458 3209 gentem
481 3160 658 3204 inveni0‚
685 3159 855 3206 Philafiae
866 3172 955 3198 vero
971 3162 1141 3210 complu-

111 3224 166 3250 res
187 3214 393 3249 meminere
406 3239 417 3256 ,
443 3221 523 3249 tum
547 3209 714 3248 AElianus
733 3211 771 3247 in
784 3210 941 3258 Epistola
954 3212 1140 3260 Callipidis

112 3262 157 3302 ad
168 3263 402 3317 *Cnemon-em
417 3289 428 3308 ,
456 3261 659 3311 Stephanus
678 3288 690 3307 ,
727 3260 931 3310 Hesychius
953 3289 964 3308 ,
992 3262 1141 3304 Autlior

2127 490 2225 546 Ut-

1191 615 1451 666 Etymologici
1479 645 1489 661 ,
1526 616 1740 657 Sclioliasses
1762 618 2013 670 Aristophanis
2027 623 2062 661 in
2077 623 2236 665 Achai-n,

1189 668 1296 705 Haec
1309 679 1450 705 nomen
1471 667 1613 707 habeta
1632 670 1745 719 Phyla
1767 672 1946 711 Oeneidis
1961 674 2125 712 Tribuin
2141 689 2231 715 con-

1189 716 1280 773 finio
1304 718 1483 756 Boeotiae
1504 747 1515 764 ,
1553 722 1617 769 qui
1640 721 1744 760 locus
1776 726 1924 772 egregio
1945 724 2151 764 Thrafibuli
2176 731 2232 766 fa-

1191 779 1317 825 cinore
1346 781 1425 825 pro.
1444 770 1579 818 patriae
1605 771 1770 810 libertate
1800 774 1930 812 nobilis
1956 776 2047 819 fuit,
2085 775 2131 814 de
2150 790 2228 828 quo

1185 818 1376 876 Diodorus
1390 820 1529 877 Siculus
1556 821 1615 859 lib.
1628 834 1707 861 x1V.
1722 825 1934 874 Xenophon
1950 826 2085 865 Histor.
2096 829 2228 869 Graec.

1182 870 1244 908 lib.
1268 882 1314 908 11.
1343 871 1468 919 Lyllas
1489 873 1658 911 oratione
1671 878 1771 910 κατὰ
1795 877 2054 921 Ερκτοσθένσυς.
2106 878 2231 918 Philo-

1186 920 1309 958 stratus
1329 921 1374 958 de
1398 924 1471 960 vita
1486 923 1690 970 Apollonii.
1717 925 1778 962 lib.
1802 940 1870 966 vu.
1894 940 1971 976 cap.
1988 941 2023 967 2.
2052 928 2227 970 Clemens

1187 972 1459 1011 Alexandrinus
1484 973 1619 1011 Strom.
1639 975 1737 1013 lib.1.
1765 976 1964 1015 SALVAGN.
1993 981 2158 1030 Quaeque
2176 982 2225 1019 ad

1188 1022 1387 1061 hiniantem
1420 1035 1512 1062 unus
1545 1025 1716 1064 Gallicus.
1742 1040 1896 1075 quaeque
1926 1028 1965 1065 in
1984 1030 2224 1070 Achimarum

1186 1075 1274 1112 alter
1288 1074 1434 1121 Regius.
1447 1075 1484 1111 in
1497 1075 1739 1113 Amidantum
1752 1079 1850 1126 prior
1861 1079 2009 1128 Regius.
2032 1084 2165 1129 sceptra
2176 1093 2226 1121 te-

1187 1136 1325 1164 nentem
1347 1126 1486 1164 Medic.
1505 1137 1611 1164 unus.
1639 1139 1729 1165 mox
1746 1129 1790 1164 ab
1802 1129 1896 1177 Jove
1910 1129 1996 1168 alius
2019 1131 2227 1173 Mediceus.

1184 1176 1267 1214 Pius
1298 1176 1342 1215 ad
1373 1177 1455 1214 Val.
1485 1177 1538 1215 Fl.
1557 1190 1583 1215 1.
1606 1178 1690 1217 662.
1736 1187 1841 1217 notat
1870 1180 2051 1229 quosdam
2080 1182 2228 1232 legere,

1183 1228 1323 1277 Qique
1354 1228 1392 1265 in
1420 1227 1652 1266 Acidimaton
1674 1230 1786 1276 Pisb'z'a
1817 1243 1919 1278 regna
1956 1243 2128 1271 tenentem
2146 1263 2158 1279 ,
2185 1236 2226 1273 &

1181 1280 1387 1327 intelligere
1418 1278 1614 1317 Salmonea
1639 1308 1649 1325 ,
1684 1282 1749 1329 qui
1780 1281 1817 1318 in
1844 1281 1948 1319 Elide
1966 1285 2155 1330 regnavit,
2186 1287 2228 1324 ὃς

1182 1341 1202 1367 a
1221 1330 1317 1376 Jove
1348 1329 1505 1367 fulmine
1533 1330 1623 1368 ictus
1651 1332 1732 1369 fuit.
1786 1331 1855 1370 Sed
1884 1333 1980 1371 forte
1998 1334 2059 1371 hic
2082 1335 2225 1383 respicit

1182 1381 1336 1429 Asopon
1359 1380 1514 1418 fulmine
1535 1393 1554 1419 a
1575 1382 1671 1428 Jove
1694 1380 1899 1430 percussum
1913 1411 1922 1427 ‚
1953 1385 2222 1435 quiaiudigna·

1183 1440 1240 1470 tus
1262 1431 1372 1469 filiam
1394 1432 1577 1480 Aeginam
1607 1432 1652 1468 ab
1679 1444 1727 1470 eo
1757 1441 1896 1482 raptam
1931 1435 1970 1472 δε
1988 1446 2196 1484 corruptam
2211 1466 2227 1482 ,Α

1181 1483 1233 1521 illi
1253 1482 1388 1520 bellum
1410 1484 1545 1520 inferre
1565 1482 1821 1523 meditabatur,
1876 1484 1975 1522 Vide
1989 1489 2133 1535 egregie
2146 1489 2224 1538 ejus

1181 1535 1348 1572 furorem
1389 1533 1653 1572 describentem
1688 1534 1778 1574 Stat.
1809 1547 1882 1573 vu.
1911 1535 2036 1575 Theb.
2066 1539 2147 1585 316.
2185 1541 2225 1578 δε

1181 1585 1279 1634 seqq.
1332 1583 1477 1630 Asopus
1508 1596 1598 1622 vero
1630 1584 1722 1623 circa
1757 1586 1926 1624 Phliunta
1953 1587 2105 1631 labitur,
2136 1589 2226 1627 teste

1179 1635 1377 1673 Scholiaste
1394 1634 1620 1674 Pindar.111.
1636 1636 1751 1673 Nem.
1771 1638 1888 1685 princ.
1940 1638 1979 1676 ‘0
2008 1635 2152 1682 Α”σ-ὀπος
2180 1642 2223 1678 ἐκ

1181 1690 1209 1728 ἔν
1228 1686 1372 1742 Αἰγίνῃ,
1388 1686 1484 1728 ἄλλοι
1503 1691 1569 1741 περὶ
1585 1693 1751 1730 Φλιοῦντα
1764 1691 1811 1731 {r}
1823 1694 1883 1730 not}
1897 1693 2016 1743 Νεμέας
2029 1721 2039 1738 ,
2070 1695 2222 1733 &idem

1179 1744 1368 1782 Pausanias
1401 1743 1462 1781 lib.
1485 1756 1530 1782 11.
1568 1755 1644 1793 cap.
1671 1758 1702 1792 5.
1731 1743 1908 1786 ‚adfirmat
1930 1775 1941 1791 ‚
1982 1749 2020 1785 &
2049 1747 2223 1797 Asopum

1178 1804 1290 1833 vocat
1322 1792 1593 1843 Phliafium:&
1620 1807 1770 1844 cap.12.
1797 1796 1965 1844 Asopum
1988 1797 2165 1846 Ceglusae
2184 1802 2225 1838 &

1180 1846 1347 1895 Neptuni
1369 1844 1484 1884 filium
1508 1844 1686 1884 invenisse
1706 1847 1825 1884 amnis
1842 1858 1976 1896 aquam
1991 1876 2002 1893 ‚
2030 1861 2143 1899 quem
2179 1850 2222 1889 ab

1178 1897 1242 1936 illo
1272 1896 1441 1944 Asopum
1466 1907 1603 1935 vocant
1626 1897 1817 1936 Diodorus
1834 1897 1895 1937 lib.
1918 1896 1972 1936 w.
1999 1911 2034 1948 p.
2062 1911 2145 1947 190.
2170 1902 2226 1938 A·

1177 1948 1307 1997 sopum
1325 1975 1334 1992 ,
1363 1947 1529 1986 Phliunta
1540 1948 1766 1987 habitantem
1789 1976 1799 1993 ,
1842 1948 1982 1986 duxisse
1996 1951 2222 1989 Methonem

1181 1998 1344 2036 Ladonis
1374 1997 1508 2042 filiam,
1538 2000 1689 2036 &inter
1711 2000 1800 2036 alios
1820 1997 2005 2046 suscepisse
2036 2001 2224 2049 Aeginam

1181 2056 1312 2086 narrat.
1345 2048 1467 2086 Schol.
1492 2059 1579 2085 vero
1600 2047 1701 2085 Pind.
1719 2048 1764 2086 ad
1783 2059 1837 2085 vr.
1858 2048 1989 2097 Olym.
2009 2061 2084 2096 ¹44·
2111 2059 2226 2089 Meto-

1177 2107 1243 2147 pen
1265 2107 1374 2136 vocat
1406 2097 1516 2135 filiam
1552 2098 1716 2136 Ladonis
1738 2125 1750 2143 ,
1786 2099 1824 2136 &
1851 2098 1888 2135 in
1904 2101 2119 2139 nominibus
2134 2101 2226 2141 filia-

1181 2161 1261 2187 rum
1295 2148 1503 2196 discrepata
1526 2147 1743 2196 Dionysio:
1792 2149 2024 2188 confundens
2054 2151 2223 2201 Asopum

1181 2200 1384 2236 Boeotium
1408 2209 1491 2236 cum
1507 2197 1660 2236 Phliafio
1674 2227 1683 2243 ‚
1713 2210 1807 2248 quos
1822 2198 2009 2238 Pausanias
2029 2201 2225 2251 distinguit.

1181 2248 1256 2302 vid.
1287 2248 1419 2296 Spanh.
1450 2247 1494 2286 ad
1514 2248 1661 2286 Callim.
1683 2250 1719 2287 in
1742 2248 1825 2287 Del.
1851 2249 1891 2291 ss.
1913 2250 1972 2297 78.
1999 2252 2224 2293 Adimantus

1180 2311 1272 2337 vero
1293 2299 1399 2337 estex
1420 2299 1566 2336 Graeco
1583 2298 1844 2345 Ἀδέιμοιντος,
1872 2301 2090 2352 impavidus,
2120 2306 2224 2354 quod

1179 2362 1322 2388 nomen
1346 2349 1411 2398 ipsi
1429 2362 1447 2389 a
1469 2350 1615 2388 Graeco
1629 2350 1755 2389 datum
1771 2350 1930 2390 Ovidius
1941 2353 2037 2392 forte
2058 2356 2223 2404 arripuit,

1180 2411 1220 2439 ut
1241 2402 1408 2438 animum
1439 2402 1476 2439 ὅ(
1509 2401 1698 2439 audaciam
1754 2401 1916 2441 fluminis
1955 2405 2107 2450 furiosi,
2145 2415 2184 2444 ut
2204 2419 2223 2444 a

1181 2452 1297 2490 Statio
1309 2451 1538 2496 describitur,
1566 2453 1800 2500 exprimeret.
1860 2454 2048 2492 Hocvero
2069 2458 2225 2495 nomine

1183 2511 1415 2540 memoratur
1427 2502 1654 2540 Adimantus
1672 2504 1955 2544 Corinthiorum
1979 2506 2067 2543 Dux
2080 2519 2097 2544 a
2112 2507 2223 2546 Suida

1182 2555 1221 2591 in
1234 2553 1476 2596 Ἀδέιμκντος.
1486 2555 1550 2602 qui
1563 2553 1738 2592 eumdem
1751 2555 1871 2595 facere
1885 2556 2108 2606 videtur,qui
2122 2558 2227 2597 Leu-

1184 2604 1335 2653 colophi
1356 2603 1448 2643 filius
1469 2603 1600 2642 dicitur
1622 2605 1666 2642 ab
1687 2605 1930 2656 Aristophane
1952 2607 1987 2644 in
2011 2608 2120 2645 Ranis
2140 2608 2225 2648 Acs‘t.

1185 2667 1221 2692 v.
1243 2669 1276 2705 ς.
1307 2666 1386 2703 cap.
1410 2668 1443 2702 5.
1482 2665 1567 2692 nam
1599 2655 1724 2694 Suidas
1747 2668 1831 2695 eum
1863 2670 1882 2695 a
1913 2658 2064 2695 comicis
2085 2660 2227 2698 traduci

1186 2707 1246 2745 ait.
1303 2705 1520 2743 Herodotus
1548 2714 1674 2744 tamen
1701 2706 1760 2744 lib.
1778 2719 1867 2746 vur.
1897 2720 1929 2755 ς.
1957 2707 2227 2756 Corinthium,

1192 2758 1229 2794 &
1254 2756 1372 2805 Ocyti
1393 2754 1509 2793 filium
1535 2757 1632 2796 facit.
1659 2758 1697 2794 ὃς
1719 2758 1783 2806 ipfi
1805 2770 1882 2808 cap.
1903 2759 1962 2796 61.
1990 2759 2064 2798 hoc
2083 2759 2225 2800 dietum

1191 2808 1339 2850 tribuit,
1370 2806 1473 2855 quod
1486 2807 1611 2844 Suidas
1639 2807 1845 2847 Adimanto
1877 2810 2102 2858 Leniolophi
2136 2811 2226 2850 filio.

1193 2856 1405 2896 Confundit
1433 2868 1519 2906 ergo
1539 2858 1630 2895 duos
1655 2858 1791 2897 Suidas.
1819 2872 1903 2898 nam
1924 2859 1982 2897 ille
2003 2861 2091 2899 alter
2111 2863 2230 2900 Athe-

1192 2907 1670 2963 nienfis-Leucorophidae,
1701 2910 1782 2955 vel,
1811 2912 1941 2953 utalii‚
1974 2911 2227 2961 Luccolophi-

1192 2960 1259 2998 dae
1281 2958 1373 3001 filius
1394 2958 1526 2996 dicitur
1548 2960 1791 3009 Xenophonti
1812 2962 1905 2999 Hist.
1927 2962 2055 3000 Graec.
2077 2963 2172 3002 lib.1.
2194 2975 2230 3012 p.

1192 3022 1278 3058 490.
1313 3010 1374 3047 ubi
1415 3011 1512 3047 male
1548 3012 1816 3059 Leucorophidae
1836 3012 1935 3060 filius
1975 3013 2128 3058 dicitur,
2163 3026 2229 3062 pio

1194 3059 1507 3110 Leucorophides,&
1520 3062 1615 3098 forte
1626 3061 2234 3110 legendum,txafftaawogsxsvmpo-

1192 3111 1347 3159 Φορὶὃης.
1402 3111 1554 3148 Aristaei
1586 3112 1771 3151 Corinthii
1804 3114 1998 3152 Adimanti
2020 3114 2081 3152 filii
2100 3116 2235 3152 memi-

1194 3165 1248 3201 nit
1269 3160 1486 3210 Thucydid.
1513 3161 1573 3199 lib.
1592 3175 1619 3200 1.
1648 3175 1725 3212 cap.
1746 3164 1781 3202 6.
1807 3176 1919 3213 quem
1952 3164 2137 3202 Aristaean
2165 3177 2237 3203 vo-

1196 3213 1410 3251 catHerod.
1436 3211 1673 3262 lib-v11.137.
1703 3216 1925 3252 Adimantus
1938 3213 2207 3262 Lampsacenus
2224 3246 2235 3262 ,

1195 3263 1360 3304 adulator
1383 3264 1568 3304 Demetrii
1586 3266 1701 3314 regis,
1726 3276 1953 3305 memoratur
1971 3264 2013 3303 ab
2039 3264 2237 3305 Athenaeo

2174 3317 2236 3358 lib.
