2547 3708
763 151 787 208 I
930 149 976 206 B

439 255 632 313 Invisus
658 269 868 326 pereaS,
905 249 1190 305 deficiente
1215 248 1354 302 cibo,

75 500 272 552 respondit,
282 499 343 537 ’τὸν
354 499 512 544 τέττιγα
524 494 654 539 πτεροῦ
664 491 886 538 συνείληφας
897 518 908 534 ,
925 489 1093 528 cicadam

75 555 135 592 ala
148 550 430 600 comprehendisti.
456 547 572 595 Quod
593 555 715 584 autern
738 542 891 588 Jambici
915 541 1091 596 carminis

75 605 246 642 inventor
277 602 416 644 fuerit,
452 598 628 636 Horatius
659 593 817 648 Epistola
839 604 873 639 9.
899 590 957 628 hb.
987 604 1014 627 1.
1052 592 1090 627 ὃ(

72 653 194 691 libello
208 653 253 690 de
275 651 364 689 Arte
382 650 552 692 Poetica,
580 655 620 682 ut
641 645 678 681 ὃ(
699 642 861 690 Vellejus
882 640 1087 678 paterculus

71 703 133 741 lib.
153 715 179 739 1.
215 701 342 740 diserte
368 700 542 747 produnt.
595 693 773 744 Nonnulli
801 692 958 739 primum
989 692 1087 729 hune

71 753 241 800 Jambum
258 749 359 789 fuisse
369 749 575 797 scripserunt
590 772 600 787 ‚
622 742 911 788 ἄνθρωπ’ὶὲπελθε
926 745 987 781 τὴν
997 740 1087 777 σκαί-

70 804 142 848 Φῆν
161 799 396 844 dvctv-pensae,
426 801 463 836 &
484 797 505 834 a
537 795 687 833 muliere
714 793 1014 846 lavante—pannos
1034 791 1087 828 di-

71 851 171 891 etum
193 853 229 889 in
250 850 509 889 Archilochum
525 875 535 891 ‚
562 856 671 893 quern
691 843 801 879 etiam
820 853 975 889 primum
999 853 1089 888 epo-

71 903 146 940 don
177 900 342 939 excitasse
373 900 510 936 Marius
542 893 824 933 Victorinusait.
877 891 959 928 Fuit
972 893 1008 928 in
1022 891 1084 929 illo

70 952 211 990 summa
233 953 284 989 vis
303 948 544 991 elocutionis,
572 957 656 984 cum
686 943 827 980 validae
858 949 937 978 tum
959 942 1083 979 breves

67 1003 322 1050 vibrantesque
359 998 556 1037 sententiae
574 1023 584 1039 ‚
619 996 817 1042 plurimum
843 991 1021 1047 sanguinis
1044 1003 1087 1030 ac

69 1064 266 1090 nervorum
289 1080 298 1093 ‚
327 1051 374 1088 ita
403 1049 580 1087 sentiente
600 1044 833 1093 Quintiliano
859 1041 919 1079 lib.
939 1053 973 1079 x.
999 1042 1086 1079 Per-

66 1114 192 1151 peram
214 1101 400 1139 Domitius
424 1100 463 1137 δε
488 1097 652 1135 Andreas
679 1094 839 1131 Alciatus
866 1091 928 1129 lib.
950 1103 980 1129 v.
1007 1103 1085 1140 cap.

72 1153 130 1191 18.
155 1150 332 1200 Parergon
350 1150 459 1195 Juris,
483 1149 581 1185 hunc
601 1144 730 1182 Ovidii
757 1143 882 1181 locum
903 1141 1080 1188 exposue-

66 1211 163 1240 runt.
218 1202 412 1240 SALVAGN.
441 1205 481 1236 In
493 1197 634 1235 exilium
651 1194 834 1242 Regius&
856 1192 923 1229 ΜΓ.
946 1192 1081 1230 Bersm.

66 1263 87 1289 a
109 1264 186 1300 quo
203 1264 280 1289 non
299 1251 466 1288 abhorret
485 1247 607 1284 Valer.
621 1245 732 1283 Andr.
760 1243 873 1281 sedan
890 1253 1005 1290 aeque
1025 1243 1078 1280 di-

67 1309 166 1339 catur
184 1302 314 1338 Latine
327 1327 337 1344 ‚
361 1299 480 1347 lingua
500 1296 547 1346 fit
569 1299 606 1334 in
626 1295 790 1337 exilium,
817 1301 927 1341 atque
949 1293 986 1329 in
1006 1293 1078 1330 exi-

65 1351 155 1390 tium
177 1350 315 1389 dubito.
343 1349 427 1387 vide
450 1348 496 1386 de
519 1346 746 1384 Archilocho
761 1372 771 1388 ,
799 1344 836 1380 &
857 1343 979 1390 lingua
1001 1344 1077 1391 ejus

66 1402 185 1446 mala,
210 1412 304 1451 quae
326 1409 447 1447 neque
475 1397 522 1436 de
554 1397 589 1435 se
617 1397 712 1434 male
757 1394 863 1442 loqui
905 1393 1078 1431 abstinere

63 1462 206 1501 poterat
225 1479 236 1497 ,
273 1451 419 1488 Aelian.
435 1460 468 1486 x,
501 1459 556 1497 13.
581 1446 687 1484 &ibi
713 1444 1012 1482 commentarios.
1039 1446 1077 1482 &

66 1502 220 1541 Brodae.
247 1502 290 1539 ad
306 1499 516 1538 Anthol.1r.
544 1509 621 1546 cap.
642 1508 700 1541 47.
736 1507 814 1544 pag.
836 1505 921 1539 252.
948 1494 1079 1533 Burin.

112 1547 583 1602 525.thueparumstabili.]
613 1547 782 1584 Maevius
799 1546 912 1582 Po'e'ta
924 1545 1081 1582 Atheni·

63 1603 162 1641 enses
181 1602 591 1642 carminelaceraverat,
619 1597 639 1634 a
665 1597 792 1646 quibus
820 1597 857 1632 in
897 1606 1078 1633 carcerem

63 1652 250 1700 conjectus
280 1650 398 1688 inedia
426 1651 521 1687 mori
550 1647 695 1686 coactus
726 1647 785 1684 est.
837 1645 1079 1684 INTERPRES.

60 1703 178 1742 vetus
198 1704 392 1748 interpres,
421 1701 458 1737 ὅ(
483 1712 530 1738 ex
555 1711 602 1736 eo
625 1698 737 1736 Lilius
759 1695 924 1733 Giraldus
947 1696 1076 1734 Dialo-

61 1764 112 1802 go
131 1765 183 1791 IV.
207 1753 254 1791 de
285 1753 482 1790 Poetarum
519 1749 664 1788 historia
681 1776 691 1791 ‚
728 1748 803 1784 hoc
835 1745 1009 1783 distichon
1031 1747 1077 1785 de

58 1804 215 1842 Maevio
236 1810 446 1851 exponunt,
472 1800 535 1849 qui
558 1812 642 1838 curn
663 1798 826 1835 Athenas
844 1797 1078 1843 petulanriffi-

59 1865 127 1892 mo
146 1853 304 1891 carmine
324 1849 542 1901 proscidisset
555 1878 565 1894 ‚
592 1850 636 1888 ab
648 1846 926 1887 Atheniensibus
945 1849 981 1884 in
995 1849 1076 1885 vin-

59 1903 140 1941 cula
157 1903 342 1951 conjectus
357 1902 477 1940 inedia
497 1902 592 1938 mori
604 1899 750 1937 coactus
770 1898 830 1936 est.
888 1899 1076 1936 Domitius

59 1952 339 1998 Aristophanem
368 1951 551 2000 quendam
577 1949 678 1997 fingit
700 1977 710 1992 ,
755 1950 923 1996 quicum
953 1948 1076 1986 laudes

58 2003 289 2040 Athenarum
312 2001 355 2038 ab
372 2001 586 2038 Oratoribus
598 2000 709 2036 editas
722 2026 730 2040 ‚
756 1998 871 2039 libris,
884 1998 946 2045 qui
960 2004 1078 2034 Pana-

57 2052 209 2090 thenaici
226 2051 481 2094 inscribuntur,
507 2048 931 2090 carmineinseciaretur,
959 2048 1079 2085 inedia

56 2101 238 2140 extinctus
259 2103 307 2139 est
325 2102 469 2148 publico
490 2099 651 2137 decreto.
704 2098 866 2135 Alciatus
883 2096 987 2133 lib.v.
1001 2108 1078 2145 cap.

60 2152 119 2191 18.
146 2150 325 2199 Parergon
337 2152 429 2195 Juris
448 2178 458 2193 ,
485 2150 681 2197 legendum
697 2147 856 2183 Athenin
878 2146 969 2184 &de
983 2147 1076 2195 Hip-

57 2201 214 2250 ponaaete
234 2201 511 2248 intelligendum
525 2197 662 2241 asserit,
691 2198 754 2244 qui
767 2199 920 2244 primus,
934 2198 1076 2244 inquit,

56 2251 224 2300 Jambum
252 2251 451 2288 claudicare
479 2250 599 2292 fecit,
637 2250 674 2284 ὅ(
695 2249 873 2285 Scazonta
900 2249 935 2282 in
960 2247 1074 2295 Βηρι-

55 2304 132 2342 lum
161 2303 200 2339 &
228 2301 392 2338 Athenin
415 2298 645 2346 composuit,
673 2307 713 2335 ut
741 2298 788 2334 est
800 2295 895 2343 apud
911 2296 1074 2341 Strictim,

57 2360 99 2391 ut
115 2352 210 2389 reete
230 2351 388 2390 Ovidius
410 2359 536 2397 parum
555 2348 676 2395 stabile
692 2375 702 2390 ,
739 2347 775 2384 id
797 2347 868 2390 est,
904 2346 1074 2385 claudum

61 2413 204 2439 carmen
240 2403 273 2439 ei
302 2400 436 2438 tribuit.
490 2399 637 2436 Alciato
672 2397 851 2435 subscribit
895 2397 1074 2436 Adrianus

59 2450 249 2490 Turnebus
268 2450 566 2489 Adversariorum
588 2449 649 2487 lib.
670 2460 720 2485 xx.
749 2458 826 2495 cap.
847 2458 904 2494 25.
934 2447 1075 2484 Videtur

57 2503 168 2546 enim,
195 2502 313 2550 inquit
332 2528 342 2545 ‚
381 2500 422 2537 de
442 2500 646 2545 Hipponacti:
663 2498 831 2544 intelligi,
859 2497 919 2547 qui
938 2497 1072 2534 claudi-

57 2563 153 2590 cante
187 2562 231 2591 &
255 2560 383 2600 parum
402 2550 521 2597 stabili
548 2551 672 2596 versu,
701 2549 738 2585 id
756 2549 992 2593 estScazonte‚
1032 2549 1071 2585 in

53 2602 221 2649 Bupalum
240 2613 282 2641 <9⁴
301 2600 461 2638 Athenin
484 2601 639 2638 invectus
666 2599 708 2641 esi
731 2597 978 2647 Athenienses,
1006 2613 1071 2648 quo

53 2653 90 2691 in
108 2652 259 2689 carmine
277 2665 316 2688 ne
338 2651 487 2688 Athenis
503 2650 848 2698 quidem-pepercerat.
903 2649 1002 2696 Qud
1013 2651 1071 2686 ‘ta-

55 2701 169 2748 mensi
185 2728 194 2744 ,
210 2711 268 2749 pro
290 2701 471 2745 Athenas,
497 2700 658 2737 Athenin
671 2700 842 2747 legamus,
870 2713 969 2748 quem
981 2699 1024 2735 ab
1036 2713 1069 2736 eo

49 2751 178 2802 probris
197 2761 372 2787 oneratum
394 2752 589 2800 accepimus.
626 2758 677 2787 Ne
694 2751 785 2786 hanc
804 2750 940 2796 quidem
961 2749 1071 2786 leotzo-

54 2815 132 2839 nem
163 2799 380 2847 improbarim
400 2829 411 2845 ,
447 2801 506 2849 etsi
532 2801 680 2838 alteram
717 2801 823 2836 delere
852 2813 920 2835 non
948 2799 1068 2847 ausim.

53 2849 218 2890 Sanctius
237 2849 276 2886 δε
297 2849 460 2887 Valerius
479 2851 558 2898 ipfis
578 2850 825 2888 assentiuntur.
876 2851 1068 2897 Etegolu-

53 2902 141 2940 bens
158 2901 195 2937 in
217 2910 346 2936 eorum
376 2898 586 2937 sententiam
616 2901 764 2948 pedibus
784 2913 855 2941 eo.
883 2902 982 2948 quod
1007 2912 1069 2938 ve-

54 2950 200 2990 risimile
222 2948 262 2986 fit
285 2947 470 2985 Nasonem
494 2949 744 2995 duosJarnbici
763 2952 1069 2987 carminisinven-

56 3011 172 3043 tores,
201 2998 427 3046 eosdemque
438 2998 633 3035 maledicos
644 3001 679 3035 &
694 3001 970 3043 obtrectatores,
981 3001 1067 3048 jun-

56 3062 139 3100 gere
157 3047 306 3086 voluisse
318 3076 326 3091 ‚
339 3047 655 3096 quemadmodum
670 3050 842 3089 Horatius
871 3060 1067 3100 utrumque

59 3100 245 3148 conjunxit
265 3098 386 3147 Epod.
406 3099 441 3136 6.
462 3099 499 3135 in
510 3098 584 3134 his:

109 3167 232 3216 Qalis
250 3168 416 3217 Lycambe
432 3168 564 3217 spretus
582 3165 684 3216 infido
699 3179 818 3217 gener,

159 3222 237 3258 Aut
257 3232 332 3258 acer
350 3217 447 3268 hostis
466 3217 606 3268 Bupalo.

1124 146 1146 202 I
1292 147 1344 203 S.

2082 164 2172 210 133

2070 319 2167 374 Ut-

1151 486 1246 524 Item
1263 486 1398 523 Cicero
1417 484 1478 523 lib.
1491 495 1553 522 m.
1579 482 1624 521 de
1641 484 1780 521 Natura
1794 482 1964 520 Deorum
1978 509 1988 524 ,
2017 492 2094 530 cap.
2108 482 2170 531 38.'

1149 543 1268 588 Neque
1287 537 1379 573 enim
1398 549 1498 583 quem
1523 535 1736 583 Hipponarc‘tt's
1747 533 1900 579 Jambus
1912 532 2076 580 laeserat,
2103 544 2166 568 aut

1149 588 1210 637 qui
1234 598 1311 626 erat
1340 585 1544 623 Archilochi
1565 587 1667 632 versu
1693 585 1899 620 vulneratus
1920 610 1931 626 ‚
1965 581 1990 618 ὰ
2011 587 2078 617 Deo
2098 582 2167 618 im-

1146 639 1282 687 miffum
1302 638 1447 674 dolorem
1460 665 1470 680 ,
1498 648 1566 672 non
1587 644 1776 682 conceptum
1799 633 1824 670 ὰ
1840 634 1934 681 seipfiv
1950 631 2165 676 continebat,

1144 690 1216 725 &c.
1245 686 1520 735 Hipponac‘tem
1555 687 1651 722 enim
1676 684 1860 721 Scazontis
1881 683 2071 720 authorem
2094 681 2165 720 effe

1144 737 1344 786 Dionysius
1373 735 1658 773 Halicarnafleus
1683 735 1743 772 lib.
1770 734 1815 771 de
1837 733 2163 780 Interpretatione,

1145 787 1319 825 Clemens
1343 787 1607 823 Alexandrinus
1629 786 1852 822 stromatum
1882 783 1983 820 lib-r.
2009 781 2163 820 Rufinus

1145 838 1190 875 de
1212 838 1338 874 Metris
1362 837 1547 877 Comicis,
1575 834 1744 878 tradunt,
1780 844 1818 871 ut
1841 835 1877 871 &
1900 833 2046 881 Sulpitia
2066 833 2164 876 Poe<

1143 890 1228 932 tria,
1257 887 1382 935 Satyra
1402 886 1447 924 de
1467 885 1700 933 Reipublicae
1720 885 1807 922 statu
1822 911 1832 929 ,
1859 884 1911 921 his
1934 883 2109 921 versibus:

1190 976 1267 1058 Νεὲ
1291 971 1447 1009 trimetro
1475 969 1610 1016 Jamho
1633 996 1644 1014 ,
1682 982 1740 1006 nec
1762 969 1822 1019 qui
1846 969 1926 1018 pede
1953 969 2084 1006 traslus
2110 981 2161 1006 eo-

1267 1035 1319 1058 em

1189 1073 1335 1109 Fortiter
1355 1070 1456 1121 irasci
1471 1070 1592 1108 didicit
1611 1070 1692 1107 duce
1712 1069 1947 1108 Clazomenio.

1132 1151 1362 1200 Hipponacti
1382 1151 1550 1189 notabilis
1579 1150 1732 1189 foeditas
1755 1149 1873 1186 vultus
1893 1156 1990 1193 erat,
2018 1149 2065 1186 ait
2086 1149 2157 1187 Pli-

1132 1203 1212 1238 nius
1252 1202 1314 1239 lib.
1341 1214 1471 1240 xxxvr.
1510 1213 1587 1250 cap.
1610 1215 1644 1246 ς.
1680 1199 1920 1249 quamobrem
1954 1200 2155 1247 imaginem

1133 1251 1209 1299 ejus
1228 1252 1368 1290 lascivia
1390 1253 1561 1300 jocorum
1593 1252 1747 1299 Bupalus
1771 1252 1807 1287 ἃ
1827 1250 1980 1286 Athenis
1999 1249 2156 1298 sculpto-

1132 1313 1186 1339 res
1197 1302 1320 1340 fratres
1334 1303 1554 1350 proposuere
1566 1301 1762 1339 ridentium
1774 1299 2158 1347 oculisquodffippo-

1132 1363 1204 1389 nax
1220 1353 1427 1401 indignatus
1449 1352 1731 1390 amaritudinem
1753 1350 1957 1387 carminum
1980 1349 2158 1388 distrinxit

1132 1403 1168 1440 in
1191 1412 1359 1448 tanturn,
1386 1412 1426 1440 ut
1456 1402 1620 1440 credatur
1642 1401 1817 1449 aliquibus
1837 1399 1880 1436 ad
1902 1400 2073 1447 laqueum
2092 1411 2158 1438 eos

1132 1452 1371 1502 compulisse,
1396 1453 1500 1502 quod
1522 1452 1646 1490 falsum
1667 1452 1727 1488 est.
1781 1450 1983 1497 Complura
2005 1451 2155 1488 enimin

1131 1503 1296 1541 finitimis
1316 1504 1436 1541 Infulis
1458 1503 1644 1541 simulacra
1678 1500 1800 1549 postea
1829 1501 1950 1537 fecere
1972 1527 1982 1542 ‚
2011 1499 2098 1537 ficut
2117 1501 2156 1538 in

1133 1554 1231 1591 Delo
1245 1582 1255 1598 ,
1283 1555 1413 1603 quibus
1435 1553 1662 1600 subjecerunt
1683 1562 1827 1588 carmen
1842 1561 1918 1587 non
1940 1549 2157 1587 vitibustan-

1132 1611 1212 1641 tum
1235 1605 1370 1642 censeri
1393 1604 1528 1641 Chium
1544 1631 1554 1647 ,
1581 1602 1640 1640 sed
1659 1612 1703 1638 ex
1717 1601 1885 1648 operibus
1899 1599 2157 1637 Athenisfilio-

1132 1664 1225 1692 rum.
1280 1655 1385 1691 Haec
1401 1654 1559 1695 Plinius,
1587 1652 1715 1701 quibus
1747 1653 1819 1687 fere
1839 1649 2078 1687 consentanea
2101 1661 2157 1687 re-

1131 1705 1200 1742 fert
1221 1705 1358 1744 Suidas.
1411 1702 1911 1753 HincelegansEpigramma
1930 1700 2158 1739 lib.1ri.An·

1133 1755 1276 1805 tholog.

1232 1837 1283 1875 Ω.ζ
1305 1838 1399 1887 ξεῖνε
1415 1838 1532 1887 Φεύγε
1555 1839 1618 1876 ’τὸν
1637 1836 1842 1886 χαλαζεπῆ
1860 1834 1978 1881 τάφον
1991 1863 2001 1879 ,

1231 1891 1306 1927 Τὸν
1325 1892 1475 1935 Φρικτὸν
1489 1919 1499 1932 ,
1522 1884 1829 1933 Γππώνκκτος,οὗ
1849 1900 1890 1924 τε
1904 1888 1944 1934 χ’
1968 1885 1991 1922 ἁ
2012 1883 2131 1931 ’τέφρας

1230 1942 1435 1989 Γαμβιοὲζει
1456 1943 1671 1978 Βονπάλειον
1692 1942 1726 1979 ἐς
1750 1942 1870 1984 §⁶7⁰9-

1134 2013 1176 2050 Id
1195 2014 1266 2058 est,
1294 2013 1310 2050 ὂ
1332 2015 1442 2061 hospes
1461 2015 1542 2061 fuge
1568 2011 1785 2060 Hipponactis
1799 2010 1996 2059 sepulcrum
2016 2010 2156 2047 horren-

1135 2064 1220 2099 dum
1240 2091 1250 2106 ‚
1285 2064 1467 2101 verborum
1497 2062 1666 2110 grandine
1695 2063 1859 2105 refertum
1884 2089 1894 2104 ,
1933 2062 2025 2108 cujus
2046 2062 2153 2098 etiam

1134 2113 1218 2149 cinis
1236 2115 1383 2160 Jamhos
1401 2114 1575 2161 intorquet
1592 2113 1630 2148 in
1652 2112 1767 2147 odium
1788 2110 1920 2160 Bupali.
1974 2111 2073 2147 Hinc
2092 2123 2156 2148 na-

1133 2173 1211 2200 tum
1231 2164 1464 2210 proverbium
1498 2164 1762 2209 Hipponaeleum
1780 2160 1997 2209 praeconiam
2014 2187 2024 2203 ,
2051 2159 2071 2197 a
2092 2162 2156 2198 Ci-

1132 2224 1266 2250 cerone
1291 2214 1496 2260 usurpatum
1523 2213 1630 2249 lib.v.
1657 2211 1910 2258 Epittoiarum.
1964 2211 2074 2247 Certe
2087 2211 2157 2249 Za·

1130 2271 1246 2301 rottus
1268 2264 1366 2301 hunc
1393 2264 1519 2300 locum
1551 2261 1595 2298 de
1626 2262 1886 2299 Anaxandride
1907 2262 2018 2298 Poeta
2042 2262 2155 2298 inter-

1130 2321 1289 2360 pretatur
1311 2341 1321 2358 ,
1357 2324 1468 2362 quem
1489 2314 1587 2350 fame
1607 2313 1644 2349 &
1665 2311 1785 2349 inedia
1806 2312 1849 2348 ab
1874 2310 2155 2349 Atheniensibus

1130 2373 1301 2401 necatum
1319 2363 1389 2400 efle
1412 2363 1521 2407 dicit,
1550 2361 1652 2410 quod
1669 2373 1731 2399 eos
1752 2362 1979 2399 sanctissimas
2001 2361 2152 2408 quidem

1127 2413 1223 2460 leges
1252 2414 1381 2451 habere
1406 2441 1416 2457 ,
1461 2413 1672 2460 praviffimis
1709 2422 1832 2448 tamen
1870 2413 1921 2448 uti
1953 2409 2153 2457 scripfiffet.

1127 2464 1244 2511 Quod
1266 2466 1376 2501 etiam
1397 2467 1506 2500 refert
1534 2463 1578 2498 t..
1597 2463 1793 2510 Gregorius
1830 2461 1995 2499 Giraldus
2022 2462 2152 2499 Dialo-

1126 2526 1175 2561 go
1197 2514 1230 2550 6.
1268 2514 1450 2551 Historiae
1481 2515 1692 2550 Poetarum.
1748 2512 1874 2549 Ambo
1903 2524 1948 2548 ex
1973 2511 2150 2549 Eustratio

1129 2564 1184 2601 vel
1209 2564 1412 2601 Eustrathio
1431 2565 1577 2601 Graeco
1604 2563 1804 2600 Aristotelis
1826 2563 2023 2609 interprete
2041 2561 2150 2599 inlib.

1127 2626 1198 2651 vix.
1226 2615 1457 2652 Ethicorum.
1511 2614 1626 2659 Quod
1662 2613 1687 2650 ss
1717 2616 1764 2650 ita
1792 2613 1825 2650 se
1855 2612 2005 2654 habeat,
2032 2623 2148 2658 quae-

1123 2665 1234 2702 renda
1255 2665 1423 2713 profecto
1444 2676 1521 2702 non
1552 2662 1599 2699 est
1628 2663 1773 2701 aliunde
1796 2663 1949 2701 Nasonis
1970 2664 2147 2709 interpre-

1122 2718 1227 2753 tatio.
1280 2716 1348 2752 Sed
1377 2715 1422 2751 ita
1457 2726 1517 2751 me
1546 2713 1646 2750 Deus
1675 2722 1793 2756 amet,
1830 2712 1854 2749 si
1876 2711 2069 2748 Eustratius
2091 2713 2146 2748 A-

1121 2766 1384 2803 naxandridem
1403 2764 1523 2801 inedia
1544 2761 1683 2810 periiffe
1696 2764 1864 2811 scriptum
1887 2773 2145 2810 unquampro-

1122 2816 1240 2860 didit,
1266 2817 1301 2852 in
1329 2826 1369 2852 ea
1392 2814 1513 2852 saltem
1540 2814 1704 2851 editione
1724 2841 1733 2856 ,
1772 2824 1881 2861 quarn
1905 2812 2027 2848 videre
2050 2813 2143 2850 mihi

1123 2867 1305 2912 contigit,
1341 2874 1381 2903 ut
1408 2864 1600 2902 verifirnile
1622 2863 1663 2900 fit
1687 2864 1823 2901 Lilium
1854 2862 2043 2899 Giraldum
2063 2875 2141 2900 non

1121 2916 1220 2954 adito
1241 2915 1419 2953 Eustratio
1436 2916 1510 2952 hoc
1528 2912 1682 2951 retulisse
1704 2942 1713 2959 ,
1742 2926 1786 2951 ex
1809 2913 1880 2950 fide
1903 2913 2143 2959 Christopho·

1121 2967 1149 3003 ri
1171 2967 1334 3010 Zarotti‚
1361 2966 1423 3014 qui
1443 2976 1519 3002 rem
1541 2963 1613 3001 fine
1635 2964 1748 3002 dubio
1769 2972 2003 3001 commentus
2025 2963 2072 2999 est
2085 2964 2143 3000 O·

1124 3017 1289 3054 vidianae
1321 3017 1437 3053 menti
1463 3015 1892 3052 accommodatissimam.
1945 3014 2140 3050 SALVAGN.

1120 3066 1208 3105 Vid.
1236 3068 1274 3104 &
1303 3066 1442 3104 Schott.
1463 3078 1508 3102 11.
1527 3063 1680 3102 Observ.
1705 3075 1762 3112 32.
1787 3077 1863 3102 non
1897 3062 2036 3111 poffum
2065 3075 2141 3099 non

1123 3118 1398 3154 communicare
1420 3127 1503 3152 curn
1520 3114 1636 3152 doctis
1656 3115 1737 3153 viris
1756 3114 2004 3159 coniecturam
2022 3113 2140 3148 Hein-

1125 3167 1162 3205 fii
1177 3195 1187 3211 ,
1212 3168 1269 3205 sed
1287 3169 1344 3204 cui
1364 3166 1434 3213 ipse
1455 3177 1532 3202 non
1558 3166 1715 3203 multum
1740 3164 1849 3203 fidisse
1871 3164 2033 3204 videtur,
2055 3162 2141 3209 quia

1128 3220 1282 3268 margini
1303 3217 1437 3257 codicis
1458 3214 1668 3303 adscriptafin
1692 3217 1812 3264 postea
1833 3216 1872 3253 in
1899 3224 1996 3252 curas
2018 3211 2144 3298 [eadn-

1677 3276 1698 3315 3
2112 3273 2149 3300 as
