2547 3708
370 136 464 186 140
883 112 1945 169 DEDICATIONESET

359 216 537 276 dicam,
572 231 687 281 quae
718 217 768 263 in
791 214 861 263 his
891 213 1044 262 insunt
1069 210 1161 259 una
1185 227 1293 258 cum
1318 210 1451 258 variis
1471 208 1735 267 affectibus,
1769 208 1962 272 quibUS‚
1986 208 2065 273 qui
2092 224 2272 273 amant,
2306 230 2470 267 excru-
2521 246 2528 267 ὲ.

362 281 570 342 ciantur,
607 283 788 342 optime
827 281 876 327 &
912 276 1255 344 prudentiffime
1293 274 1540 339 expressis?
1577 276 1633 321 ln
1668 273 1832 335 quibus
1855 274 1967 319 haec
1993 279 2149 323 omnia
2169 279 2232 323 ita
2254 279 2401 328 efficta
2424 284 2471 332 ὃς
2522 320 2523 324 ,

361 346 565 409 expressa
600 347 845 411 leguntur,
893 347 971 392 vix
1005 356 1059 390 ut
1096 342 1216 404 apud
1247 358 1331 388 nos
1364 340 1478 387 liber
1512 338 1595 397 fit,
1631 339 1709 401 qui
1742 354 1849 383 cum
1881 338 1952 383 his
1988 342 2153 386 merito
2186 344 2470 396 conferatur:

360 413 568 475 quamvis
604 429 698 458 non
732 413 910 458 bonum
939 410 1069 473 plane
1093 407 1237 453 fatum
1262 406 1444 452 sortitae
1466 404 1551 450 effe
1578 403 1832 448 videantur.
1900 401 2024 448 Cum
2054 406 2176 451 enim
2203 410 2352 469 pueris
2385 412 2470 472 (li-

362 491 439 523 cet
463 475 489 523 a
511 476 674 523 fabulis
706 492 818 522 cum
845 476 999 539 priscis
1024 473 1109 519 illis
1130 470 1391 518 auetoribus
1416 467 1728 531 incipiendum
1754 466 1838 512 effe
1859 464 2076 524 sentiam)
2113 471 2291 518 Latinis
2314 474 2473 524 litteris

361 556 550 604 operam
584 541 751 587 daturis
784 542 830 586 in
861 539 956 604 ipso
992 539 1149 584 limine
1185 536 1358 597 exponi
1392 534 1546 580 solitae
1571 531 1658 578 {int
1682 566 1697 591 ,
1733 531 1831 576 leve
1854 531 2070 595 quiddam
2098 550 2148 580 ac
2175 540 2470 600 nugatorium

360 606 448 652 esse
470 608 613 669 vulgo
633 606 963 651 existimantur.
1035 605 1090 648 ln
1115 617 1268 647 errore
1294 600 1403 645 huic
1432 597 1663 644 fimillimo
1687 598 1718 642 ii
1741 596 1878 641 etiam
1905 598 2166 658 versantur,
2203 605 2281 662 qui
2307 605 2470 670 Acsofn
2532 639 2534 645 .

367 670 565 730 fabulas,
612 686 727 732 opus
763 670 861 715 sane
898 665 1310 731 elegantissimum,
1345 664 1543 720 nullius,
1578 675 1656 707 aut
1690 661 1816 724 parvi
1848 661 2097 708 admodum
2131 670 2357 714 momenti
2389 672 2471 718 else

367 749 564 796 putent,
602 734 726 795 quod
751 737 860 780 item
889 733 1066 796 pueris,
1104 732 1181 793 qui
1210 731 1399 776 Graecis
1424 728 1586 773 litteris
1611 725 1818 772 tradendi
1842 726 1973 783 sunt,
1995 729 2310 790 explanantur.
2349 733 2474 791 Quas

364 813 518 845 tamen
542 803 567 845 a
592 801 812 858 Platone,
847 799 894 844 &C
922 797 1197 854 Aristotele,
1232 795 1411 840 duobus
1436 793 1483 837 ὃς
1506 790 1751 854 loquendi,
1786 789 1834 836 &
1859 790 2077 838 sentiendi
2103 796 2328 857 magistris
2350 814 2474 860 prae-

361 862 636 923 clariffimis,
672 864 748 927 qui
782 880 936 909 earum
959 862 1232 909 testimoniis
1260 856 1616 921 frequentiffime
1639 868 1861 914 utuntur,
1896 857 2083 919 plurimi
2106 858 2243 906 factas
2270 861 2355 907 effe
2378 879 2474 911 cer·
2532 891 2533 896 =

365 942 466 975 tum
500 942 637 991 atque
660 928 954 991 exploratum
978 927 1055 973 est.
1125 926 1221 971 Has
1245 938 1399 970 autem
1422 921 1658 984 epistolas,
1694 920 1859 983 quibus
1880 922 1935 966 ab
1956 921 2048 967 hoc
2071 923 2226 969 nostro
2250 927 2352 972 cive
2373 930 2475 976 nul·
2530 962 2532 964 .

361 993 461 1040 lum
487 994 792 1053 elabmatius,
828 993 877 1039 δί
901 993 1101 1039 limatius
1127 989 1309 1035 fortass'e
1333 1004 1448 1051 opus
1474 987 1652 1032 editum
1681 985 1810 1031 fuiss'e
1829 985 2017 1047 judico,
2052 984 2078 1033 a
2101 1004 2173 1034 me
2197 1003 2401 1039 veterum
2423 995 2474 1041 li-

360 1057 552 1106 brorum
588 1075 677 1123 ope
702 1058 985 1117 emendatas,
1022 1057 1070 1102 Sc
1103 1053 1499 1102 observationibus
1533 1050 1771 1097 illustratas
1806 1050 1890 1095 tibi
1926 1051 2161 1114 inscriptas
2194 1055 2280 1101 esse
2315 1059 2473 1120 volui,
2536 1046 2547 1106 ’Ξ

359 1124 468 1186 qui,
502 1124 558 1170 de
581 1125 760 1170 meliori
785 1137 895 1169 nota
916 1123 1092 1185 scriptis
1116 1120 1278 1165 litteris
1301 1118 1356 1164 ad
1382 1119 1532 1164 virum
1568 1113 1916 1160 immortalitate
1941 1115 2253 1179 digniffimurn
2272 1154 2287 1179 ‚
2322 1125 2398 1169 cui
2422 1137 2474 1171 tu

361 1189 538 1236 SC1P10
565 1190 811 1253 agnatione
835 1184 1226 1251 conjunctiffimus
1249 1199 1318 1242 es,
1352 1183 1526 1229 virtute
1553 1180 1838 1237 simillimus,
1864 1179 2248 1230 VESPA81ANUM
2273 1202 2473 1237 GONZA-

362 1269 479 1300 GAM
514 1253 705 1301 effecisti
723 1287 738 1312 ,
773 1266 824 1299 ut
844 1253 897 1299 ad
921 1249 1234 1297 eruditissimas
1261 1265 1312 1294 ac
1343 1244 1704 1309 prudentissimas
1729 1244 1847 1290 illius
1871 1260 1996 1291 aures
2021 1262 2192 1294 nomen
2217 1255 2476 1312 pervenerit
2531 1277 2535 1289 ι

361 1334 537 1365 meum.
607 1318 717 1379 Qa
757 1334 814 1363 ex
840 1334 886 1363 re
914 1317 1030 1363 nihil
1058 1315 1261 1378 gratius,
1296 1309 1770 1375 nihilquejucundius
1796 1308 1887 1372 ipse
1909 1326 2126 1374 umquam
2153 1313 2277 1361 senfi.
2349 1318 2473 1366 Inte-
2532 1363 2535 1372 ,

361 1385 451 1430 rim
487 1383 647 1446 quaeso
685 1397 766 1441 te,
812 1396 948 1444 atque
984 1380 1217 1438 obtestor,
1252 1391 1302 1424 ut
1331 1394 1456 1435 eam,
1492 1392 1605 1438 quae
1637 1389 1714 1421 tua
1750 1376 1935 1438 propria
1957 1410 1973 1434 ,
2021 1392 2226 1442 quaeque
2259 1384 2475 1433 omnibus
2532 1383 2534 1408 r

361 1450 573 1495 omnium
597 1461 826 1505 aetatum,
849 1461 986 1510 atque
1013 1445 1229 1491 ordinum
1254 1443 1301 1488 in
1315 1443 1447 1488 Urbe
1476 1441 1582 1487 viris
1608 1439 1805 1485 summae
1830 1440 2149 1501 admirationi,
2184 1443 2475 1511 summaeque
2533 1486 2539 1500 „

361 1513 559 1561 laetitiae
581 1513 674 1571 est,
711 1513 1041 1558 humanitatem
1066 1510 1181 1555 mihi
1206 1521 1432 1571 perpetuo
1459 1507 1720 1563 conserves,
1746 1517 1883 1567 atque
1910 1505 2072 1551 harum
2100 1507 2471 1560 observationum

359 1595 459 1626 non
496 1578 639 1640 magis
675 1576 1042 1635 dedicationem,
1090 1590 1223 1637 quam
1258 1573 1507 1636 gratiarum
1542 1570 1800 1627 aet-ionem,
1835 1571 2058 1632 accipias,
2095 1585 2265 1636 tuaque
2298 1574 2471 1625 summa
2534 1583 2535 1594 ¹

363 1642 635 1691 auetoritate
655 1657 708 1688 ac
734 1641 893 1689 favore
918 1655 1148 1705 protegas.
1217 1637 1362 1697 Vale,
1397 1637 1637 1693 Venetus,
1671 1650 1756 1682 vu.
1780 1635 1887 1683 Kal.
1914 1634 2090 1682 octob.
2116 1654 2173 1684 M.
2197 1655 2248 1685 D.
2278 1656 2429 1690 Lxxx.

529 1762 1418 1829 HERCULIS
1541 1759 2306 1837 CIOFAN1‚

1246 1859 1559 1913 Sulmonensis
1575 1894 1591 1919 3

1391 1942 1411 1987 I

658 1958 2216 2074 ‘ROVIDIIHNASONIS

889 2101 967 2147 De
991 2113 1086 2146 arte
1109 2097 1289 2144 amandi
1312 2096 1452 2144 libros
1478 2096 1571 2142 111.
1595 2093 1951 2142 observationes.

361 2184 1877 2251 ILLUSTRISS.JUVEN1KAROLO
1938 2160 2539 2254 BELPRATQ}

1020 2275 1265 2326 Amversae
1288 2276 1591 2339 Pelignorum
1620 2273 1817 2319 Comiti.

2533 1652 2537 1697 i

2467 2329 2469 2332 ⁴
2542 2326 2547 2357 ι

367 2398 543 2510 HIS
574 2396 758 2455 diebus,
794 2395 871 2458 qui
906 2396 1120 2457 proxime
1153 2393 1512 2457 praeterierunt,
1547 2408 1653 2438 cum
1689 2392 1735 2436 in
1762 2390 1941 2437 Urbem
1969 2405 2057 2436 una
2078 2406 2185 2437 cum
2210 2368 2508 2442 VIRmNiA',
2531 2361 2547 2446 i

522 2462 763 2520 Unum,
799 2459 1056 2519 lectiffima‚
1090 2476 1141 2505 ac
1176 2457 1518 2522 prudentiffima
1551 2457 1746 2514 femina,
1781 2469 1925 2501 matre
1956 2467 2063 2511 tua,
2099 2468 2145 2501 te
2180 2459 2475 2519 contuliffes,
2544 2451 2546 2484 ἶ

367 2543 581 2590 egoque,
615 2541 732 2590 quae
765 2540 890 2570 meae
922 2527 1169 2587 praecipue
1191 2535 1338 2586 partes
1362 2534 1517 2579 erant,
1552 2523 1726 2584 quippe
1749 2521 1827 2583 qui
1853 2520 2010 2566 multis
2033 2519 2204 2565 abhinc
2227 2523 2352 2569 annis
2374 2525 2479 2569 uni·
2538 2514 2546 2571 ];

366 2591 514 2638 versae
549 2591 745 2637 familiae
777 2603 880 2637 tuae
915 2588 1120 2635 addictus
1159 2599 1389 2649 perpetuo
1424 2585 1617 2644 fuerim,
1651 2602 1703 2631 ac
1738 2601 1859 2630 nunc
1893 2584 2044 2631 multo
2077 2584 2221 2648 magis
2249 2584 2360 2645 fim,
2394 2603 2478 2635 vos
2538 2628 2539 2634 ,

369 2656 562 2703 domum
599 2654 743 2702 officii
775 2653 904 2700 causa
934 2653 1176 2699 salutatum
1213 2650 1456 2710 venissem,
1491 2666 1545 2695 co
1585 2652 1785 2712 primum
1811 2649 2076 2707 comitatis,
2114 2649 2161 2695 &
2183 2649 2479 2700 humanitatis
2538 2648 2539 2692 ἶ

368 2737 537 2786 genere
568 2719 594 2766 a
634 2719 766 2766 vobis
803 2731 1025 2781 exceptus
1057 2717 1181 2775 sum,
1216 2729 1268 2762 ut
1307 2715 1423 2761 nihil
1458 2713 1794 2777 vobismetipfis
1829 2714 2064 2760 amabilius
2099 2714 2154 2759 ab
2190 2713 2272 2774 iis,
2307 2717 2387 2779 qui
2413 2716 2476 2763 ibi
2538 2717 2539 2728 ¹

370 2787 554 2832 aderant
589 2783 802 2846 (aderant
827 2797 979 2829 autem
1005 2782 1221 2845 plurimi,
1257 2779 1309 2826 &1
1327 2778 1588 2826 nobiliffimi
1613 2781 1730 2836 viri)
1765 2779 1849 2826 effe
1868 2780 2124 2841 judicatum
2156 2777 2226 2825 fit.
2297 2780 2479 2828 Deinde

372 2866 446 2898 me
477 2850 533 2897 ab
565 2850 642 2895 illa
672 2846 1057 2895 ornatissimorum
1092 2848 1333 2892 hominum
1372 2861 1541 2891 corona
1564 2844 1618 2890 ad
1644 2858 1690 2890 te
1714 2843 1907 2890 seorsum
1939 2841 2254 2889 humaniffime
2278 2845 2477 2905 vocasti,
2538 2863 2539 2873 ³

371 2915 518 2977 deque
540 2914 702 2960 harum
726 2911 982 2959 litterarum
1005 2927 1201 2975 genere,
1237 2908 1401 2972 quibus
1424 2922 1618 2972 uterque
1640 2909 1847 2955 nostrum
1875 2907 2184 2965 delectamur,
2212 2908 2341 2969 loqui
2370 2925 2476 2956 coe·
2538 2930 2541 2945 ι

369 2980 504 3044 pisti:
530 2976 585 3023 de
610 2978 772 3039 quibus
798 2977 1024 3038 praeclara
1050 2975 1195 3021 multa
1218 2991 1324 3020 cum
1348 2974 1716 3031 dixiss'es,divini
1740 2988 1884 3036 prope
1908 2973 2081 3036 ingenii
2105 2987 2299 3017 acumen
2324 2974 2475 3021 osten-
2539 2972 2541 3031 ξ

369 3043 502 3090 disti:
539 3043 618 3105 qui
654 3041 686 3089 fi
717 3055 762 3088 te
795 3042 1036 3087 immatura
1070 3040 1209 3102 patris
1243 3039 1340 3097 tui,
1369 3039 1594 3098 JoANle
1623 3041 2003 3096 BERNARmNt,
2037 3036 2123 3082 viri
2161 3029 2487 3097 eruditiffimi,‘
2540 3045 2541 3084 ἔ

372 3112 425 3155 ac
451 3105 841 3172 praestantiffimi,
876 3107 954 3166 qui
978 3107 1125 3152 totius
1154 3119 1373 3150 APRUTH
1398 3120 1605 3150 PROREX
1633 3106 1721 3165 jam
1749 3117 1842 3150 erat
1865 3101 2150 3165 defignatu8‚
2174 3116 2323 3160 mors,
2351 3114 2476 3148 tuae·
2540 3108 2541 3157 j

374 3188 464 3238 que
494 3172 684 3223 ditionis
705 3171 842 3221 status
864 3170 919 3220 ab
943 3170 1106 3221 eodem
1130 3168 1279 3218 studio
1299 3171 1395 3233 jam
1417 3184 1514 3216 non
1539 3162 1813 3219 deturbaffet
1828 3201 1844 3227 ‚
1880 3180 2024 3230 tuque
2046 3164 2169 3212 idem
2193 3164 2390 3214 studium
2413 3164 2475 3277 1es·
2540 3180 2541 3189 ¹

2432 3245 2475 3278 es
