2547 3708
82 158 89 165 ·
831 152 854 210 1
1002 153 1048 210 B

1198 155 1219 211 Ῑ
1365 157 1416 214 S.
2100 185 2198 236 115

431 261 647 320 Saucius
670 261 870 334 ingesta
893 260 1278 317 contumuleris
1303 261 1486 318 humo.

216 344 318 412 465
359 339 500 401 Aut,
538 350 596 392 ut
620 335 974 398 Abantiade8‚
1011 348 1101 393 aut
1125 334 1472 416 utCygne'i'us
1497 334 1678 398 herOS,

428 410 647 465 Clausus
672 409 727 464 in
752 425 1040 480 aequoreas
1067 408 1433 479 praeeipiteris
1460 426 1632 479 aquas

71 622 231 664 lexandri
249 649 260 667 ,
297 620 335 658 δε
362 620 479 658 haeres
507 616 648 666 paterni
679 613 780 663 regni
804 640 825 671 ,·
843 622 968 662 eoque
989 619 1100 669 etia-m

73 675 248 713 dominus
278 670 533 709 Macedonum
561 674 655 711 erat,
681 675 797 702 annos
812 674 889 712 jam
909 670 1013 701 natus
1036 675 1104 700 cir·

73 737 115 764 ca
136 723 432 775 quatuordecim.
485 716 635 756 Occidit
663 722 787 753 autem
823 714 923 771 idem
956 712 1103 751 Caffan-

74 777 138 814 der
157 777 269 814 etiam
294 773 446 811 alterum
466 766 665 807 Alexandri
685 765 799 803 filium
814 792 824 809 ,
853 763 1017 820 ejusdem
1032 775 1102 801 no·

73 828 182 865 minis
202 837 286 863 cum
309 831 432 873 patre,
460 832 505 858 ex
532 820 715 857 Rhoxane
739 824 868 854 natum
885 842 895 859 ‚
921 825 995 864 pari
1008 815 1103 852 frau—

72 878 146 922 de,
173 885 213 915 ut
241 876 338 914 idem
360 872 514 918 Justinus
541 869 622 913 ait,
657 866 753 919 quast
780 879 922 915 regnum
944 865 1104 923 Macedo-

74 928 174 970 niae,
201 927 289 977 quod
307 921 514 973 affel‘t'abat,
535 919 638 957 aliter
670 930 777 970 quam
798 917 919 965 [celere
947 916 1102 973 consequi

74 992 143 1015 non
155 979 263 1027 poffet.
315 972 422 1012 Licet
440 982 527 1020 ergo
544 970 605 1008 vel
625 969 670 1007 de
689 970 787 1012 hoc,
814 968 874 1005 vel
894 967 940 1006 de
960 966 1023 1004 illo
1046 979 1102 1005 in-

74 1030 235 1078 telligere
256 1055 267 1072 ‚
305 1025 371 1064 nifi
392 1023 497 1073 quod
520 1021 567 1059 de
598 1020 689 1059 illius
716 1018 919 1068 sepultura,
948 1018 985 1054 &
1008 1025 1099 1056 terra

74 1079 221 1128 corpori
249 1076 382 1125 ingesta
406 1102 416 1120 ,
447 1073 578 1122 apertis
616 1070 733 1108 verbis
771 1069 936 1125 traditur.
959 1118 967 1125 ·
986 1068 1100 1125 Porro

73 1130 175 1180 quod
197 1131 234 1167 in
263 1126 400 1165 eodem
428 1124 531 1162 versu
559 1122 716 1171 sequitur
734 1148 746 1165 ,
783 1126 863 1158 Non
885 1119 1100 1177 nnnorzlla,

74 1180 120 1218 ad
140 1180 282 1218 Ibidem
301 1177 444 1219 refero,
474 1183 514 1212 ut
540 1172 581 1211 fit
606 1172 752 1210 sensus:
776 1171 842 1208 Tu
861 1169 935 1214 lbi,
963 1169 1100 1209 saucius

74 1230 208 1279 ingesta
237 1225 498 1267 contumuleris
515 1225 634 1262 humo
648 1250 659 1267 ,
687 1221 841 1270 perinde
860 1229 900 1259 ut
920 1220 1096 1260 dominus

70 1278 277 1324 Cassandri,
305 1289 383 1315 non
415 1276 540 1314 mitior
564 1273 627 1312 illo
646 1301 657 1318 ,
681 1274 756 1310 hoc
779 1272 850 1316 est,
878 1270 1100 1317 Caffandro,

68 1331 235 1369 existens.
286 1330 340 1366 Ut
361 1327 460 1365 enim
484 1325 544 1363 ille
566 1323 719 1362 crudelis
748 1324 786 1360 in
805 1323 979 1379 dominos
997 1322 1100 1368 suos,

67 1382 117 1420 ita
132 1389 172 1420 tu
191 1382 228 1419 in
247 1391 330 1424 me,
356 1378 429 1419 &c
457 1377 635 1414 Micru..
687 1372 879 1411 Cassandra
898 1373 1072 1411 Potidaea
1086 1402 1097 1418 ,

67 1432 187 1482 inquit
213 1439 317 1468 vetus
346 1429 524 1477 Interpres
543 1454 553 1471 ‚
588 1423 795 1464 Thessaliae
820 1435 898 1481 pars
925 1424 973 1462 est
989 1451 999 1468 ‚
1028 1424 1099 1481 ‘ubi

69 1481 298 1520 Caffandrus-
320 1479 553 1517 dominatum
583 1476 715 1526 dicitur
744 1472 904 1513 habuiffe
930 1502 940 1518 ‚
973 1487 1036 1524 qui
1062 1487 1098 1513 in

67 1533 149 1571 suos
166 1533 272 1571 nimis
287 1531 469 1574 saeviens,
497 1528 541 1566 ab
562 1529 612 1565 eis
632 1527 719 1565 saxis
746 1526 897 1564 obrutus
913 1525 974 1563 est.
1018 1527 1099 1565 Nu-

64 1595 134 1632 gae
151 1583 251 1628 sunt‚
280 1583 317 1620 &
339 1581 471 1619 Naevii
495 1578 682 1617 butrubata
697 1605 708 1622 ,
737 1577 928 1615 Domitius
949 1577 1098 1623 Harpo-

67 1642 202 1672 cratem
223 1633 308 1684 agit.
359 1632 502 1669 Verum
525 1629 720 1679 Micyllus,
747 1627 934 1669 Sanctius,
961 1628 1097 1685 &Ya-

64 1683 170 1723 lerius
189 1686 239 1722 ita
269 1682 465 1732 legendum
487 1690 616 1729 putant
630 1709 640 1725 ‚
669 1683 750 1716 Aut
771 1688 810 1716 ut
831 1678 1017 1736 caffandft
1037 1680 1096 1716 do-

65 1734 206 1779 minus,
233 1743 274 1772 ut
292 1735 352 1772 ille
373 1733 416 1771 sit
448 1731 628 1770 Hercules
658 1729 752 1768 filius
783 1729 983 1767 Alexandri
1013 1731 1096 1768 Ma—

61 1787 149 1834 gni,
177 1787 301 1823 haeres
317 1784 457 1832 paterni
480 1783 622 1831 Regni,
650 1780 882 1831 proindeque
914 1780 1097 1818 Macedo-

62 1847 154 1875 num
176 1837 214 1874 &
236 1834 419 1874 Cassandri
447 1834 643 1877 dominus,
669 1829 1011 1888 quem-Cassander
1031 1837 1095 1869 Re-

60 1886 121 1934 gni
139 1887 315 1931 aemulus,
344 1898 385 1922 ne
401 1887 530 1932 favore
544 1884 680 1933 paterni
709 1895 859 1920 nominis
877 1894 915 1918 m
937 1888 1092 1929 Regnum

64 1936 287 1974 Macedoniae
305 1946 510 1980 vocaretur,
537 1935 638 1971 occidi
659 1935 762 1971 tacite
781 1946 858 1969 cum
878 1944 992 1969 matre
1005 1939 1092 1969 Bar-

55 1984 132 2035 fine
146 1985 259 2035 juffit,
289 1995 486 2033 corporaque
513 1997 628 2022 eorum
657 1995 750 2021 terra
770 1983 889 2024 obrui,
918 1996 959 2019 ne
980 1984 1093 2039 caedes

53 2037 235 2084 sepultura
263 2036 486 2079 proderetur:
524 2046 566 2074 ω’
594 2033 691 2084 quast
714 2042 841 2081 parum
861 2033 1030 2088 facinoris
1054 2047 1092 2070 in

59 2085 124 2134 ipso
140 2081 295 2135 primam
316 2093 418 2134 Rege,
446 2098 526 2121 mox
543 2085 581 2121 in
602 2094 714 2120 matre
739 2085 808 2131 ejus
829 2083 1033 2132 Olympiade
1051 2097 1090 2119 ac

53 2135 129 2184 filio
147 2135 352 2185 admifisset,
379 2137 530 2171 alterum
561 2147 691 2184 quoquo
710 2133 852 2179 filium,
879 2146 956 2168 cum
978 2144 1090 2171 marre

58 2192 198 2225 Roxane
210 2189 289 2237 pari
294 2187 427 2232 fraude
442 2185 612 2229 interfecit
628 2211 637 2227 ‚
666 2182 765 2231 quasi
783 2190 934 2230 Regnum
970 2189 1086 2220 Mace-

59 2238 199 2283 doniae,
229 2237 319 2287 quod
337 2235 517 2286 affebiabat
532 2262 541 2278 ,
570 2234 671 2271 aliter
689 2233 842 2282 consequi
863 2247 971 2281 quam
986 2236 1087 2280 scelea

60 2302 95 2325 re
121 2302 187 2326 non
212 2289 321 2338 peffet.
378 2288 429 2324 Ut
461 2285 587 2323 iisdem
620 2283 737 2321 verbis
774 2283 894 2320 retulit
931 2284 1086 2330 Justinus

57 2338 120 2375 lib.
140 2352 200 2377 xv.
225 2338 412 2376 Pausanias
430 2344 552 2375 autem
576 2335 779 2377 Boeoticis‚
809 2345 892 2382 pag.
912 2333 999 2380 287.
1029 2335 1081 2371 O-

58 2387 278 2437 lympiadem
292 2389 440 2437 quidem
451 2387 627 2435 lapidibus
644 2384 810 2422 obrutam
824 2413 832 2428 ,
853 2384 909 2422 sed
926 2385 1084 2423 Alexan-

61 2437 112 2476 dri
138 2438 229 2477 filios
260 2439 458 2477 Herculem
480 2444 526 2485 ‘ex
553 2435 695 2474 Barsine
715 2464 726 2481 ,
755 2435 1010 2474 Alexandrum
1039 2449 1085 2474 ex

58 2487 213 2527 Roxane
254 2501 398 2528 veneno
433 2488 587 2526 sublatos
628 2485 699 2525 effe
729 2486 901 2535 prodidit.
955 2489 1083 2535 Quare

57 2545 198 2578 tantum
229 2541 345 2585 abest,
372 2548 412 2578 ut
429 2539 585 2587 Micyllo
613 2539 650 2575 &
669 2537 880 2585 sequacibus
900 2537 1080 2576 calculum

57 2598 184 2628 meum
201 2591 338 2629 tradam
353 2619 363 2634 ,
390 2599 430 2628 ut
446 2591 557 2627 etiam
587 2599 718 2626 eorum
735 2588 949 2625 sententiam
970 2589 1082 2637 longe

59 2637 165 2676 aliam
189 2641 231 2678 ab
255 2642 440 2679 Ovidiana
458 2640 683 2678 existimem:
712 2650 835 2687 neque
864 2641 963 2677 enim
986 2641 1082 2677 Her-

61 2687 157 2725 cules
180 2690 356 2730 Alexandi
381 2690 473 2730 filius
494 2691 680 2729 crudelem
711 2700 873 2738 unquam
890 2690 924 2727 se
943 2689 1080 2739 geffiffe

59 2735 213 2785 legitur,
237 2748 277 2777 ut
297 2753 378 2779 cum
406 2743 673 2791 Hippomene,
703 2740 804 2789 cujus
833 2741 952 2787 priore
981 2741 1077 2779 dilli-

59 2786 133 2824 cho
149 2790 374 2828 mentionem
392 2793 518 2830 habuit
537 2792 694 2830 Ovidius
709 2819 719 2835 ,
747 2791 903 2829 conferri
925 2790 1077 2837 debeat,

57 2836 191 2875 scilicet
207 2839 280 2876 hoc
299 2839 529 2887 significatur,
553 2843 606 2880 liis
622 2842 739 2879 verbis
753 2870 763 2885 ‚
791 2855 858 2877 non
881 2842 999 2879 mitior
1009 2842 1079 2880 illo.

59 2889 315 2936 Quamobrem
344 2901 435 2938 ego,
483 2892 602 2930 donec
635 2893 765 2930 melius
781 2891 871 2942 quid
891 2902 1084 2937 occurrat,

57 2937 157 2980 hunc
175 2940 300 2978 locum
321 2940 365 2978 de
385 2940 577 2979 Cassandro
602 2943 666 2980 illo
695 2945 952 2990 interpretor&
979 2944 1082 2993 cujus

59 2989 214 3029 Ovidius
234 2991 307 3040 ipse
334 2991 507 3028 meminit
531 2992 591 3028 lib.
611 3004 657 3028 11.
681 2993 726 3030 de
749 2994 896 3039 Ponto,
924 2995 1026 3043 Eleg.
1046 3009 1083 3044 9.

107 3089 189 3122 Non
219 3084 284 3122 tihi
311 3083 521 3135 Caffandrus
539 3090 635 3131 pater
654 3080 696 3128 est
715 3107 726 3126 ‚
751 3082 924 3134 durusque
944 3084 1085 3136 Capha-

218 3149 293 3172 reus
305 3165 314 3180 ,

102 3188 103 3191 ’
158 3186 298 3237 Qique
315 3195 514 3236 repertorem
535 3183 662 3222 torruit
682 3192 756 3221 arte
771 3184 852 3231 fita.

61 3249 128 3291 Ad*
142 3263 251 3303 quem
272 3255 399 3294 locum
423 3254 724 3293 Bartholomaeus
742 3249 916 3297 Merula,
944 3253 1088 3303 caffan'

2020 458 2214 541 vini!

1158 611 1264 649 cirum
1278 640 1288 658 ,
1317 612 1460 663 inquit,
1488 613 1513 650 ἰι
1531 627 1596 664 quo
1617 615 1828 666 Caffimdrea
1847 617 1989 656 Colonia
2010 618 2049 656 in
2073 625 2193 657 Mace-

1158 664 1261 700 donia
1281 664 1454 712 appellata
1468 693 1477 708 ‚
1508 679 1594 714 quae
1617 666 1697 704 olim
1729 668 1892 705 Potidaea
1913 668 2091 706 dicebatur
2105 698 2113 713 ,
2133 675 2194 716 fe-

1158 724 1245 751 runt
1262 715 1366 751 vivos
1393 714 1547 752 homines
1572 718 1730 769 Wuhffe,
1759 720 1848 756 unde
1877 719 1983 767 postea
2006 719 2115 768 asnis
2133 722 2193 758 de-

1149 765 1256 812 foffus
1273 765 1387 802 eodem
1401 779 1517 813 genere
1538 770 1658 806 mortis
1685 770 1794 817 periit·
1852 770 2014 810 Ovidius.
2047 778 2126 808 Aut
2140 770 2192 820 fi-

1159 814 1231 851 curi
1244 815 1347 862 periit
1363 825 1478 864 pereas
1507 818 1740 866 Cassandreus
1768 820 1826 858 ille
1849 849 1860 864 ‚
1900 835 2001 872 quem
2025 822 2092 869 sua
2109 834 2191 870 gens

1157 865 1269 902 multo
1288 866 1437 915 disperiit
1457 866 1576 905 cinere,
1631 870 1720 912 Sed,
1750 871 1908 917 amabo,
1934 872 2077 910 Merula
2104 884 2194 921 pro-

1156 915 1257 954 ferin
1283 917 1406 964 primis
1426 917 1557 956 somnii
1580 920 1631 957 rui
1662 922 1853 959 authorem
1870 950 1880 966 ‚
1907 923 2040 961 deinde
2060 924 2189 962 locum

1157 967 1388 1006 Ovidianum
1411 996 1421 1012 ,
1467 970 1564 1006 unde
1599 978 1702 1008 tuum
1736 972 1911 1010 distichon
1939 975 2120 1021 inelegans
2147 976 2188 1012 &

1156 1017 1262 1065 plane
1283 1018 1427 1057 Ovidio
1451 1020 1642 1068 indignum
1669 1023 1908 1071 prompseris:
1944 1035 2065 1072 neque
2086 1025 2187 1062 enirn

1156 1068 1244 1106 illud
1263 1080 1334 1118 ego
1358 1069 1494 1118 uspiam
1519 1075 1722 1120 comperio.
1767 1074 2049 1112 lmoneminem
2070 1074 2188 1112 lecto-

1156 1130 1236 1157 rum
1259 1131 1306 1158 eo
1324 1122 1551 1168 ignorantiae
1571 1122 1755 1161 devenisse
1776 1124 1928 1163 arbitror
1947 1153 1956 1169 ‚
1984 1134 2023 1163 ut
2041 1125 2188 1173 putidos

1156 1177 1240 1208 tuos
1261 1172 1377 1209 versus
1409 1184 1572 1221 unquam
1604 1175 1739 1211 Nasoni
1771 1175 1946 1213 tribuerit.
1998 1176 2188 1213 Praeterea

1156 1221 1315 1259 viderint
1337 1221 1491 1267 eruditi,
1520 1236 1608 1261 num
1630 1225 1724 1262 forte
1742 1226 1994 1273 Apollodorus
2034 1225 2185 1264 Caffan-

1158 1270 1242 1309 drae
1265 1273 1465 1321 Tyrannus
1497 1275 1740 1323 intelligatur,
1770 1279 1816 1313 de
1835 1288 1911 1325 qno
1931 1277 2116 1314 Pausanias
2145 1279 2185 1315 in

1156 1321 1388 1367 Messenicis‚
1414 1323 1473 1361 lib.
1495 1337 1550 1361 iv.
1581 1338 1657 1374 cap,
1682 1340 1713 1373 ς.
1751 1327 1849 1364 hunc
1880 1327 2036 1365 modurn
2061 1340 2071 1365 :
2100 1331 2187 1363 Aca-

1162 1371 1275 1418 φθορέι
1297 1373 1445 1419 ἐγένετο
1465 1378 1527 1419 ’τῆς
1545 1377 1802 1422 Απολλοδώρου
1823 1378 2024 1422 ’τυμιννὶδος
2044 1406 2054 1421 ,
2082 1378 2119 1421 ’ές
2142 1391 2186 1414 τε

1157 1426 1227 1467 τίις
1243 1424 1428 1471 συμφορὰς
1448 1425 1483 1461 εὖ
1507 1430 1634 1474 πολλῷ
1658 1428 1724 1464 τίνι
1751 1428 1893 1465 ἀποδέοι
1918 1424 1936 1471 r]
1968 1430 2000 1467 οἱ
2019 1433 2187 1466 Κασσαν-

1154 1473 1246 1519 δρεῖς
1264 1477 1468 1513 πεπόνθασι.
1527 1483 1567 1514 In
1592 1478 1792 1527 Apollodori
1826 1480 1966 1529 quidem
1997 1480 2186 1528 tyrannide

1154 1525 1307 1563 tollenda
1322 1555 1332 1570 ,
1354 1526 1414 1576 etsi
1442 1540 1547 1578 neque
1569 1530 1708 1565 tamdiu
1738 1543 1844 1580 neque
1873 1541 1972 1567 tanto
1994 1532 2107 1568 animi
2126 1545 2185 1567 ar-

1153 1577 1233 1614 dore
1250 1578 1417 1614 bellatum
1441 1579 1484 1625 est
1497 1607 1506 1622 ,
1534 1579 1837 1630 Caffandrenstum
1856 1593 1973 1618 tamen
1992 1581 2185 1618 calamita-

1151 1636 1204 1664 tes
1214 1628 1323 1674 facile
1335 1629 1573 1678 Messeniorum
1587 1632 1784 1677 infortunia
1803 1631 2058 1682 adaequarunt.
2086 1633 2187 1680 Qui-

1151 1678 1216 1716 bus
1243 1680 1361 1716 verbis
1391 1680 1667 1728 Apollodorum
1693 1679 1713 1718 a
1745 1680 2188 1720 Cass‘andrensibusinter-

1151 1738 1318 1777 emptum
1341 1730 1528 1769 Pausanias
1557 1733 1688 1769 innuit.
1741 1733 1774 1770 ls
1803 1735 1901 1771 enini
1920 1743 1996 1771 tam
2017 1743 2182 1771 atrocem

1151 1780 1385 1828 tyrannidem
1411 1783 1598 1827 exercuit,
1629 1792 1669 1821 ut
1691 1794 1774 1821 cum
1801 1785 1988 1822 Phalaride
2016 1786 2184 1821 confera-

1151 1839 1220 1868 tur.
1273 1832 1412 1869 Seneca
1433 1833 1573 1871 lib.vi1.
1601 1833 1646 1871 de
1669 1833 1879 1873 Beneficiis.
1907 1847 1984 1884 cap.
2004 1848 2054 1882 ¹9-
2083 1836 2183 1883 Qid

1146 1880 1175 1929 fi
1195 1895 1263 1918 non
1284 1893 1429 1920 tantum
1452 1883 1568 1921 malus
1585 1887 1706 1930 fabius
1732 1886 1774 1926 esi
1789 1913 1799 1929 ,
1821 1887 1880 1934 sed
1892 1889 2011 1932 serus,
2035 1886 2094 1932 sed
2115 1889 2182 1922 im-

1148 1934 1265 1970 manis
1287 1961 1297 1977 ,
1336 1934 1449 1984 qualis
1481 1935 1707 1980 Apollodorus
1733 1947 1797 1972 aut
1822 1937 2006 1981 phalaris,
2036 1949 2080 1976 εν
2101 1935 2181 1973 huic

1148 1982 1344 2031 beneficium
1359 2012 1368 2027 ,
1396 1985 1487 2034 quod
1502 1986 1682 2029 acceperis,
1696 1987 1822 2023 reddes.
1853 1987 1954 2024 Idem
1977 1988 2036 2024 lib.
2058 2000 2102 2025 11.
2131 1988 2178 2023 de

1149 2033 1202 2069 Ira
1218 2061 1227 2076 ,
1257 2046 1336 2081 cap.
1353 2046 1390 2078 4.
1416 2035 1464 2071 Hi
1485 2035 1657 2082 quivulgo
1673 2036 1843 2084 saeviunt
1864 2048 1907 2076 (φ’
1923 2039 2089 2086 sanguine
2108 2037 2179 2074 hu-

1146 2095 1249 2119 mano
1271 2084 1420 2132 gaudent
1435 2112 1444 2128 ,
1473 2097 1520 2120 an
1537 2086 1757 2133 irascantur,
1786 2100 1863 2123 cum
1881 2102 1931 2124 eos
1951 2089 2106 2125 occidant
2121 2115 2130 2130 ‚
2152 2090 2178 2127 ιὶ

1145 2133 1267 2181 quihus
1286 2148 1343 2171 nec
1361 2144 1554 2182 acceperam
1566 2136 1732 2183 injuriam
1749 2164 1759 2180 ,
1787 2139 2050 2187 necaccepiffese
2063 2139 2180 2183 existi-

1144 2195 1269 2228 mant,
1298 2185 1410 2231 qualis
1424 2187 1500 2229 fidit
1520 2186 1765 2233 Apollodorus,
1795 2200 1857 2224 aut
1880 2188 2056 2226 Phalaris.
2094 2191 2177 2228 Plu-

1140 2234 1412 2277 tarchuslibro,
1441 2247 1518 2284 quo
1550 2236 1662 2273 docet
1691 2238 1954 2286 Philosophum
1980 2241 2037 2278 vel
2059 2245 2178 2278 maxi-

1141 2294 1202 2320 me
1230 2296 1313 2322 cum
1338 2286 1562 2335 Principibus
1584 2288 1666 2324 viris
1693 2288 1870 2337 disputare
1902 2290 2053 2328 debere:
2084 2293 2178 2335 Τιῦς

1137 2333 1177 2370 δὲ
1202 2336 1455 2379 Δπολλοδώρσυ
1477 2339 1542 2374 ’τοῦ
1564 2340 1752 2383 τυράννου,
1781 2340 1844 2377 καὶ
1863 2341 2084 2386 Φαλάριδος,
2112 2344 2176 2381 καὶ

1138 2387 1311 2422 Διονυσίου
1345 2386 1478 2433 φίλους
1498 2416 1508 2432 ,
1558 2389 1619 2425 καὶ
1659 2390 1808 2432 συνήθεις
1845 2391 2174 2440 ἀπετυμπάνιζον,

1139 2437 1334 2483 ἔςρέβΜυν
1353 2438 1416 2474 καὶ
1437 2439 1720 2484 &venifica-paam.
1751 2440 1948 2482 Apollodori
1969 2454 2085 2480 autem
2108 2449 2176 2492 Ty-

1137 2490 1246 2526 ranni
1260 2516 1270 2533 ,
1298 2488 1500 2527 Phalaridis
1523 2518 1533 2534 ‚
1570 2503 1610 2528 ac
1634 2490 1790 2540 Dionyfii
1811 2492 2003 2532 familiares
2021 2506 2063 2533 <J
2081 2495 2176 2531 ami-

1138 2552 1188 2576 cos
1208 2543 1413 2578 maclarum
1427 2567 1437 2583 ‚
1466 2539 1659 2589 torserunt,
1674 2543 1861 2590 inusserunt
1874 2571 1884 2588 ,
1914 2556 1954 2583 (9⁶
1974 2544 2177 2582 execrabiles

1137 2603 1178 2626 ac
1200 2591 1338 2629 devotos
1360 2591 1597 2629 reddiderunt.
1632 2593 1757 2631 Suidas
1779 2595 1890 2631 etiarn
1911 2595 1956 2632 de
1980 2595 2174 2644 Hierony-

1137 2652 1203 2679 mo
1232 2642 1418 2691 Tyranno
1438 2640 1608 2681 differens
1626 2644 1676 2681 ait
1697 2671 1709 2690 ,
1741 2656 1865 2694 neque
1887 2645 2051 2683 Phalarin
2067 2674 2076 2690 ,
2106 2658 2173 2683 ne-

1135 2704 1209 2741 que
1232 2692 1507 2742 Apollodorum
1521 2721 1532 2738 ‚
1560 2704 1682 2742 neque
1698 2695 1811 2733 alium
1832 2695 1936 2733 fuiffe
1958 2696 2071 2734 ullum
2085 2697 2175 2746 Ty-

1134 2754 1291 2781 rannum
1319 2743 1382 2782 illo
1410 2743 1627 2783 saeviorem.
1681 2745 1792 2784 Unde
1822 2746 1921 2783 Naso
1952 2746 1997 2783 de
2024 2748 2175 2796 Hippo-

1135 2805 1247 2832 mene
1274 2794 1480 2832 saevissimo
1509 2795 1658 2835 locutus
1676 2825 1687 2840 ‚
1735 2797 1871 2834 merito
1902 2797 2094 2846 subjecerit
2121 2798 2172 2837 de

1136 2843 1374 2892 Apollodoro
1393 2873 1404 2889 ‚
1443 2858 1511 2882 non
1529 2847 1648 2884 mitior
1667 2847 1737 2884 illo.
1790 2846 1825 2884 Si
1846 2855 1971 2885 tamen
1992 2849 2173 2888 Hercules

1136 2895 1337 2934 Alexandri
1360 2897 1490 2944 Magni
1509 2895 1600 2935 filius
1624 2897 1901 2947 intelligendus:
1931 2910 1997 2947 pro
2017 2913 2085 2937 non
2104 2902 2172 2937 mi-

1138 2947 1204 2984 tior
1226 2946 1305 2990 illo,
1336 2946 1562 2985 scribendum
1578 2976 1590 2993 ,
1618 2961 1685 2985 non
1718 2950 1836 2987 matius
1858 2949 1945 2995 illa,
1974 2962 2068 2999 quae
2090 2963 2174 2988 ver·

1139 2997 1181 3035 ba
1219 2997 1263 3034 ad
1306 2998 1513 3035 Limonem
1550 3000 1767 3037 referuntur.
1831 2999 2032 3038 SALVAGN.
2070 3001 2172 3039 Libri

1141 3047 1249 3086 multi
1277 3057 1417 3087 veteres
1443 3075 1453 3091 ‚
1487 3048 1712 3098 Caffandrae.
1746 3049 1922 3100 quidam,
1958 3053 2171 3102 Cassandrus

1143 3098 1281 3136 domino
1308 3113 1377 3137 non
1403 3099 1523 3137 mitior
1550 3100 1634 3143 illo,
1661 3101 1747 3146 vel,
1787 3101 2011 3151 Caffizndrus.
2040 3111 2078 3140 ut
2118 3103 2174 3138 A·

1142 3150 1378 3198 pollodorum
1415 3149 1647 3202 Cassandriae
1666 3153 1889 3199 Tyrannum
1911 3154 2099 3199 intelligat.
2125 3151 2173 3189 de

1142 3211 1220 3248 quo
1236 3200 1344 3291 Ροιῖτ.
1364 3201 1387 3238 1.
1405 3213 1450 3240 11.
1478 3200 1654 3251 Eleg.1x.
1681 3203 1743 3242 ubi
1774 3206 1990 3245 monuimus
2017 3203 2174 3242 scriben-

1145 3251 1234 3290 dum
1250 3252 1391 3291 viteri:
1439 3251 1445 3254 ’

1636 3304 1663 3342 P
1691 3316 1712 3343 2
2094 3308 2177 3343 Aa?
