2547 3708
925 86 949 140 I
1090 85 1136 141 Β

1286 85 1309 143 Ι
1457 89 1508 147 S.

269 203 332 255 35
408 183 482 241 Et
509 202 646 242 nova
672 186 908 241 fraterno
936 186 1115 241 veniet
1142 189 1434 243 concordia
1458 191 1609 246 fumo
1628 190 1648 253 ς’

474 259 656 330 Quem
685 274 833 314 vetus
858 259 1073 314 accensa
1098 259 1298 330 separat
1325 264 1398 317 ira
1422 266 1578 334 pyra3

402 330 474 385 Et
503 332 616 387 Ver
643 335 953 394 AutumnO,
990 332 1217 386 Brumae
1239 334 1544 388 miscebitur
1570 333 1776 397 AEsta33

469 406 653 477 Atque
680 405 869 459 eadem
893 405 1043 475 regio
1069 403 1273 475 Vesper
1299 407 1353 460 δε
1380 406 1548 461 Ortus
1575 421 1757 461 erunt:

401 476 580 549 Quam
605 477 734 531 mihi
760 478 818 530 sit
847 491 1027 530 tecum
1053 476 1260 547 pofitis,
1299 496 1434 551 quae
1460 479 1759 541 sumsimus,
1795 477 1951 532 armis

255 568 324 618 40

473 550 684 611 Gratia,
723 548 1036 612 commiHiS,
1074 549 1350 621 improbe,
1389 566 1545 624 rupta.
1574 553 1691 606 tuis.

398 622 574 694 Quam
593 622 747 675 dolor
772 621 858 675 hic
886 639 1139 693 umquam
1164 622 1329 693 spatio
1356 626 1667 678 evanescere
1694 623 1879 697 possit‚

471 694 693 755 Leniat,
732 708 821 747 aut
847 693 1269 765 odiumtempus
1294 696 1347 748 &
1374 697 1503 750 hora
1528 715 1725 751 meum.

400 768 510 822 Pax
538 767 637 819 erit
665 766 795 820 haec
820 767 1004 831 nobie,
1042 767 1219 821 donec
1249 768 1378 823 mihi
1408 769 1516 822 vita
1542 769 1801 834 manebit,

473 837 616 893 Cum
654 855 851 911 pecore
877 840 1090 896 infirmo
1115 858 1251 913 quae
1277 843 1406 897 solet
1430 842 1533 896 esse
1558 842 1707 913 lupiS.

168 1052 285 1101 Sensus
303 1049 382 1098 inest
399 1049 506 1099 igitur
526 1049 657 1088 nebulis
670 1077 680 1095 ,
709 1061 796 1101 quas
813 1050 917 1101 exigit
935 1051 1049 1102 ignis,

214 1101 401 1150 confilium
415 1100 559 1149 fugiunt
579 1111 685 1138 cetera
705 1111 808 1150 paene
829 1116 958 1142 meum.

163 1152 350 1202 confilium
364 1169 374 1188 .·
403 1165 577 1189 commune
596 1154 736 1201 sacrum
757 1165 833 1189 cum
847 1152 918 1201 fiat
937 1155 974 1192 in
996 1166 1059 1192 ara

216 1203 397 1240 Fratribus
411 1231 422 1247 ,
449 1202 586 1239 alterna
607 1203 667 1252 qui
684 1202 808 1251 periere
825 1217 946 1241 manu.

160 1253 237 1302 'Ipsa
249 1253 316 1303 fibi
333 1254 477 1298 discors,
505 1265 689 1304 tamquam
711 1254 899 1291 mandetur
918 1255 964 1292 ab
984 1255 1078 1302 illis,

218 1304 395 1341 Scinditur
414 1304 450 1340 in
469 1313 583 1351 partes
603 1315 683 1340 atra
694 1304 833 1351 favilla
855 1305 954 1344 duas.

163 1361 234 1392 Hoc
261 1355 435 1403 (memini)
465 1355 640 1405 quondam
655 1354 732 1401 fieri
753 1369 819 1392 non
835 1357 916 1405 posse
933 1356 1121 1407 loquebar,

216 1411 261 1442 Et
281 1419 334 1442 me
350 1405 529 1442 Battiades
547 1406 659 1451 judice
674 1406 786 1454 falsus
805 1417 894 1446 erat.

113 1470 243 1510 Statius
260 1471 319 1510 lib.
341 1472 473 1509 ultimo
496 1471 681 1510 Thebaid.

166 1528 249 1560 Ecce
267 1523 390 1559 iterum
405 1523 532 1569 fratris
550 1524 678 1580 primos
693 1534 732 1560 ut
753 1524 891 1573 contigit
913 1536 1014 1564 artus

167 1574 260 1621 Ignis
282 1575 370 1610 edax
383 1602 392 1618 ,
420 1584 586 1610 tremuere
600 1587 669 1621 rogi
682 1602 690 1617 ,
705 1587 747 1614 (9*
767 1588 877 1612 novus
896 1578 1036 1615 advena
1048 1577 1150 1626 bustis

164 1624 313 1662 Pellitur
326 1652 335 1668 ‚
349 1624 532 1661 exundant
555 1625 665 1671 diviso
683 1625 809 1662 vertice
829 1625 996 1674 flammae
1009 1645 1021 1666 .-

164 1675 393 1725 Alternosqae
418 1675 524 1725 apices
545 1675 694 1725 abrupta
714 1676 785 1713 luce
803 1679 991 1727 coruscant.

111 1740 295 1780 'Ausonius
315 1755 357 1780 ex
380 1744 546 1782 Graeco:

163 1799 234 1830 Nec
255 1795 378 1842 Stygiis
398 1794 483 1832 lucis
503 1795 706 1844 ineuntsua
719 1797 860 1843 foedera
876 1798 1012 1844 fratres

214 1845 516 1893 Oedipodionidae‚
546 1847 586 1882 de
606 1848 747 1895 mistero,
774 1848 845 1892 ah,
873 1849 998 1897 miseri.

165 1900 327 1942 Namque
346 1897 452 1933 etiam
475 1911 516 1933 ex
536 1911 602 1934 uno
616 1898 791 1948 surgentes
810 1912 925 1950 aggere
942 1898 1109 1949 flammae

218 1951 258 1980 ln
275 1946 412 1991 diversa
430 1948 486 1993 sui
507 1948 672 1995 diffiliunt
693 1950 824 1986 cineris.

165 1995 332 2040 Infandos
345 1997 510 2043 juvenes,
540 2012 621 2046 quos
641 2012 699 2034 nec
719 2000 888 2037 discordia
911 2001 1008 2050 casfhs

218 2051 327 2086 Luce,
357 2058 415 2080 nec
436 2046 473 2081 in
488 2048 594 2091 semet
615 2047 746 2097 linquit
765 2058 869 2086 atrox
890 2053 1042 2087 animus.

164 2099 286 2141 Atque
303 2094 443 2130 utinam
465 2105 508 2133 (9³
529 2095 659 2131 Thebas
670 2097 813 2144 quiffi’nt
827 2101 992 2146 partirier
1014 2101 1120 2149 ipsas,

214 2150 404 2193 Regnorum
421 2155 464 2184 ω’
483 2154 615 2189 metas,
642 2156 681 2182 ut
699 2147 850 2183 cinerum
872 2149 1024 2184 nebulas.

113 2210 285 2260 Hyginus
304 2221 381 2259 cap.
404 2223 523 2249 inix.
560 2209 731 2258 Polynices
752 2210 930 2259 Oedipodis
943 2209 1040 2258 filius
1059 2223 1152 2247 anno

105 2264 241 2312 perafi‘o
259 2274 402 2310 regnum
429 2262 472 2299 ab
501 2262 631 2299 Eteocle
651 2262 770 2309 fratre
792 2262 931 2311 repetit:
960 2261 1018 2298 ille
1037 2261 1149 2298 cedere

115 2313 237 2351 noluit.
291 2319 410 2363 Itaque
441 2312 636 2362 Polynices,
665 2313 814 2360 Adrasto
836 2326 906 2361 rege
925 2313 1148 2360 adjuvante,

115 2377 194 2400 cum
221 2366 344 2412 septem
375 2364 570 2401 ductoribus
608 2363 738 2401 Thebas
768 2372 999 2413 oppugnatum
1039 2364 1151 2400 venit.

116 2413 170 2451 Ibi
190 2421 367 2462 Capaneus
383 2444 392 2459 ,
421 2416 510 2463 quod
534 2426 654 2452 contra
683 2415 791 2460 Jovis
821 2415 1042 2451 voluntatem
1064 2414 1148 2451 The-

115 2465 176 2502 bas
193 2468 226 2512 se
254 2474 433 2514 capturum
463 2467 587 2503 diceret
608 2494 618 2510 ‚
662 2478 739 2502 cum
762 2479 904 2502 murum
935 2465 1147 2511 ascenderet,

107 2516 262 2563 fulmine
280 2517 322 2563 est
336 2518 520 2567 percuffus:
553 2516 793 2566 Amphiaraus
816 2528 908 2553 terra
931 2517 973 2562 est
996 2517 1146 2552 devora-

115 2575 194 2604 tus.-
226 2568 368 2604 Eteocles
398 2580 441 2607 (5¹
472 2569 640 2617 Polynices
668 2567 759 2604 inter
780 2567 815 2614 se
840 2577 1031 2616 pugnantes
1055 2567 1147 2604 alius

119 2616 227 2654 alium
248 2620 500 2665 interfecerunt.
557 2619 617 2654 His
644 2631 721 2654 eum
744 2618 863 2655 Thebis
882 2629 1145 2666 parentaretur,

120 2667 180 2714 etfi
199 2682 323 2705 venius
347 2671 528 2707 vehemens
556 2670 629 2718 effet
652 2684 662 2712 3
700 2679 820 2706 tamen
841 2673 965 2715 fumus
992 2672 1027 2717 se
1045 2683 1148 2705 num-

121 2730 228 2765 quam
249 2719 285 2754 in
307 2733 414 2757 unam
432 2732 568 2769 partem
595 2722 788 2764 convertit,
809 2720 869 2770 sed
895 2720 984 2756 alius
1006 2719 1073 2755 alio
1099 2722 1150 2765 fe-

120 2766 274 2822 ducitur.
300 2770 487 2809 Haecille.
519 2772 707 2819 Euripides
727 2783 837 2814 vero,
866 2783 978 2819 quem
998 2771 1150 2818 Apollo-

124 2817 232 2854 dorus
253 2817 312 2854 lib.
333 2831 395 2857 111.
422 2822 579 2870 sequitur
601 2850 611 2865 ‚
647 2821 865 2870 Polynicern
899 2822 944 2858 de
974 2822 1150 2860 sententia

121 2867 284 2905 Eteoclis
314 2870 527 2917 insepultum
557 2870 659 2909 fuiffe
680 2873 729 2909 ait
755 2874 791 2910 in
823 2872 1020 2910 Phoenissis
1044 2900 1054 2916 ,
1089 2872 1150 2910 sed

120 2918 220 2955 idern
256 2920 504 2965 Apollodorus
532 2922 632 2959 addit
653 2950 664 2966 ,
708 2923 923 2971 Antigonen
948 2951 957 2965 ‚
992 2934 1086 2971 quae
1108 2934 1153 2960 ex

124 2969 262 3017 Oedipi
283 2969 435 3007 filiarum
459 2970 531 3008 sola
562 2972 728 3018 superstes
760 2983 856 3015 erat,
884 2973 987 3022 quod
1010 2972 1154 3012 occulte

123 3031 209 3057 eum
239 3021 469 3058 humandum
503 3020 651 3058 curasset
673 3049 684 3065 ,
718 3022 739 3060 a
769 3024 933 3061 Creonte
953 3024 1155 3070 deprehen-

120 3069 192 3107 sam
208 3099 218 3115 ,
247 3071 369 3108 vivam
392 3074 428 3109 in
452 3072 681 3120 sepulchrum
703 3075 908 3122 conjeetam
935 3073 1049 3112 fuisse.
1077 3074 1155 3112 Ali·

119 3129 174 3158 ter
189 3123 282 3159 hanc
303 3134 380 3159 rem
402 3131 521 3160 narrat
537 3121 734 3169 Sophocles
753 3124 789 3160 in
804 3126 991 3173 Antigone
1005 3137 1158 3172 ,quam-

2127 912 2242 969 Prie-

1208 1054 1271 1093 clis
1303 1055 1341 1093 &
1371 1055 1590 1105 Polynicis}
1630 1054 1767 1104 Oedipi
1798 1054 1837 1092 &
1867 1053 2028 1100 locastae
2058 1051 2246 1098 filiorum}

1207 1106 1387 1144 discordia
1409 1114 1530 1145 morte
1551 1105 1644 1144 finiri
1667 1119 1744 1144 non
1765 1106 1910 1154 potuit,
1937 1105 2127 1153 postquam
2143 1105 2246 1142 enim

1209 1158 1346 1195 mutuis
1376 1158 1446 1196 sese
1478 1158 1685 1195 vulneribus
1713 1155 1974 1200 confecissent,
2004 1153 2181 1202 conjetf'tis
2205 1155 2246 1192 in

1205 1208 1362 1245 eandem
1385 1220 1512 1255 pyram
1543 1208 1776 1246 cadaveribus
1804 1235 1813 1250 ,
1853 1207 2001 1244 flamma
2031 1217 2115 1243 cum
2137 1205 2247 1243 fumo

1206 1257 1319 1297 divisa
1343 1259 1447 1297 fuiffe
1469 1259 1642 1297 traditur:
1670 1270 1715 1296 ex
1736 1257 1880 1296 Ovidio
1901 1257 1976 1306 ipso
1996 1255 2055 1294 lib.
2076 1268 2112 1293 v.
2135 1255 2246 1294 Trist.

1205 1308 1308 1357 Eleg.
1327 1321 1379 1347 vt.
1406 1311 1465 1348 ubi
1489 1310 1757 1347 Callimachum
1780 1309 1974 1346 authorem
1997 1306 2143 1350 laudat,
2171 1306 2247 1343 Hi·

1204 1371 1307 1409 gyno
1331 1362 1400 1398 fab.
1428 1359 1490 1400 63.
1519 1360 1693 1408 fausania
1714 1361 1749 1397 in
1771 1359 1980 1402 Boeotius,
2010 1359 2166 1395 Lucano
2186 1356 2250 1395 lib:

1205 1424 1232 1449 1.
1261 1412 1415 1460 Papinio
1443 1412 1505 1450 lib.
1538 1423 1594 1449 12.
1627 1411 1813 1449 Thebaid.
1833 1422 1907 1459 qua
1937 1409 1982 1446 de
2014 1420 2052 1446 re
2082 1407 2244 1445 Bianoris

1205 1461 1444 1511 Epigramma
1469 1463 1600 1511 legitur
1628 1463 1690 1499 lib.
1709 1462 1916 1509 Antholog.
1943 1461 2046 1498 item.
2077 1458 2245 1514 Ausonii.

1205 1513 1310 1551 Hinc
1342 1514 1492 1552 acerbae
1528 1514 1678 1551 fratrum
1711 1513 1929 1550 inimicitiae
1951 1539 1962 1554 ,
2005 1516 2246 1548 contentiones

1206 1565 1377 1601 Eteocleae
1397 1564 1566 1602 dicuntur
1582 1563 1742 1612 Apulejo
1761 1563 1819 1599 lib.
1836 1572 1893 1600 10,
1923 1563 2016 1598 Met.
2045 1560 2247 1596 SALVAGN.

1206 1615 1297 1653 Hoc
1329 1615 1507 1653 distichon
1539 1617 1576 1653 in
1607 1615 1680 1653 Ms.
1701 1613 1931 1664 postponitur
1959 1611 2136 1661 sequenti.
2174 1620 2245 1648 nec

1204 1666 1343 1714 inepte.
1370 1666 1520 1704 Bmsm.
2153 1712 2160 1719 .
2207 1712 2215 1718 ·

1260 1717 1321 1766 36.
1348 1719 1470 1766 {Quam
1491 1715 1632 1765 vetus]
1682 1718 1798 1763 §Luem
1830 1726 1875 1752 ex
1907 1721 2066 1763 quatuor
2098 1713 2248 1759 scriptis.

1204 1769 1351 1807 Heius.
1379 1771 1480 1818 Quas
1499 1780 1603 1805 unus.
1630 1767 1719 1817 quod
1739 1766 1889 1804 Moreti.
1917 1765 2049 1813 accenfh
2071 1777 2144 1811 rogo
2166 1763 2242 1799 duo

1202 1819 1293 1858 libri.
1312 1820 1446 1869 separet
1467 1819 1641 1858 totidem.
1665 1817 1798 1867 accenso
1813 1819 1950 1868 separat
1971 1816 2046 1866 igne
2060 1823 2146 1865 pyra
2169 1813 2243 1851 MS.

1201 1870 1426 1909 Bersmanni.

1255 1931 1318 1970 37.
1351 1921 1538 1971 Brumae]
1568 1925 1613 1958 Et
1636 1919 1780 1957 brumae
1801 1919 1890 1956 Mss.
1909 1917 2044 1954 Bersm.

1254 1973 1314 2022 38.
1343 1975 1456 2021 Vesper
1477 1984 1520 2012 ω·
1541 1982 1635 2008 ortus
1655 1970 1761 2015 erin]
1813 1974 1928 2004 Erunt
1956 1977 2039 2003 cum
2061 1965 2176 2011 Juteti
2194 1965 2241 2013 Ii-{

1201 2022 1268 2060 bro
1283 2050 1295 2067 ,
1326 2024 1364 2060 ὅ(
1386 2023 1550 2070 quinque
1573 2029 1633 2056 aut
1653 2020 1711 2056 sex
1730 2017 1818 2055 aliis.
1844 2017 1991 2054 Herus.

1254 2099 1317 2138 40.
1347 2086 1576 2134 Commiffis.]
1608 2085 1808 2120 promeritis
1828 2084 1916 2120 alter
1934 2084 2244 2133 Puteaneus.post

1205 2141 1305 2174 hunc
1327 2138 1470 2173 versum
1496 2135 1671 2182 plurimae
1703 2134 1884 2171 editiones
1906 2134 1945 2171 δε
1970 2134 2089 2181 scripti
2110 2135 2244 2173 insere-

1205 2187 1292 2225 bant
1320 2186 1498 2224 distichon
1521 2213 1530 2229 ,
1577 2184 1679 2234 quod
1708 2185 1866 2222 occurrit
1898 2184 1979 2222 infr.
2007 2184 2060 2227 ils.
2094 2197 2174 2235 133.
2203 2187 2244 2224 δε

1208 2238 1381 2286 Micyllus
1398 2246 1503 2274 notat
1522 2236 1586 2275 hic
1606 2235 1753 2275 disticha
1775 2235 1850 2274 duo
1875 2236 1999 2274 omitti
2017 2236 2054 2273 in
2075 2235 2151 2274 aliis
2178 2248 2243 2275 co-

1204 2289 1356 2328 dicibus.

1255 2362 1318 2399 41.
1346 2353 1468 2402 (Quam
1497 2350 1588 2389 dolor
1619 2349 1676 2387 hio
1705 2362 1876 2401 umquam
1901 2349 2012 2397 spatio
2046 2351 2242 2400 evanescere

1203 2403 1317 2452 poffit‚
1349 2403 1471 2439 Leniat
1501 2414 1563 2440 aut
1591 2403 1708 2438 odium
1740 2412 1868 2449 tempus
1897 2412 1939 2439 &⁶
1969 2400 2052 2437 hora
2083 2404 2237 2454 meum.]

1207 2457 1295 2492 Hoc
1319 2454 1492 2491 distichon
1516 2465 1593 2490 non
1626 2453 1672 2489 est
1699 2454 1735 2489 in
1768 2453 1830 2489 lib.
1860 2451 1965 2488 Maff.
1989 2453 2026 2487 &
2057 2452 2160 2499 plane
2180 2454 2242 2492 hic

1204 2506 1362 2543 otiosum
1386 2505 1476 2541 mihi
1500 2503 1568 2540 effe
1589 2504 1743 2541 videtur.
1771 2503 1811 2540 ln
1837 2502 2007 2540 omnibus
2025 2502 2120 2542 libris
2142 2504 2245 2552 paul-

1201 2557 1240 2595 lo
1261 2557 1409 2594 inferius
1431 2555 1573 2602 legitur.
1598 2553 1771 2602 apposite.
1799 2554 1969 2591 Croesu.

1256 2626 1319 2665 43.
1347 2622 1426 2652 Pax
1452 2616 1517 2653 erit
1546 2615 1626 2652 haec
1652 2615 1789 2664 vobis]
1845 2617 2005 2663 Ruptam
2034 2617 2128 2654 inter
2146 2617 2181 2655 se
2201 2619 2241 2657 &

1205 2667 1284 2705 Ibin
1305 2668 1503 2704 amicitiam
1530 2677 1719 2716 nunquam
1751 2664 1849 2715 posse
1884 2667 2014 2703 iterum
2035 2668 2134 2704 coire
2154 2667 2244 2707 affe-

1206 2720 1274 2761 rit‚
1305 2716 1454 2755 inducta
1475 2718 1671 2755 multarum
1694 2729 1813 2754 rerum
1837 2718 2244 2768 comparatione‚quae

1207 2769 1410 2807 convenite
1436 2770 1531 2807 inter
1558 2768 1592 2805 se
1622 2767 1723 2805 nullo
1756 2768 1873 2805 modo
1903 2766 2066 2816 poffunt:
2096 2768 2169 2807 sive
2188 2783 2244 2808 re-

1207 2831 1287 2857 rum
1309 2818 1437 2856 ordine
1460 2827 1636 2868 pugnent.
1665 2820 1716 2856 Ut
1736 2819 1937 2856 Lunaeum
1954 2819 2039 2856 Sole
2057 2847 2067 2863 ,
2091 2819 2242 2870 Zephy-

1207 2883 1264 2908 rus
1284 2882 1366 2908 cum
1391 2870 1514 2914 Euro,
1542 2869 1682 2918 Aquilo
1704 2880 1787 2908 cum
1813 2871 1916 2907 Noto
1931 2897 1941 2914 ,
1970 2870 2046 2907 Ver
2058 2882 2142 2908 cum
2158 2874 2238 2908 Au-

1207 2931 1366 2964 tumno;
1403 2919 1477 2958 five
1508 2918 1658 2963 natur-5,
1689 2928 1728 2957 ut
1761 2920 1851 2968 ignis
1879 2931 1964 2957 cum
1995 2932 2110 2968 aqua,
2141 2922 2238 2969 Lupi

1206 2984 1291 3020 cuin
1310 2972 1411 3019 agnis
1435 3000 1445 3015 ,
1481 2972 1586 3009 Plato
1615 2971 1834 3015 λυκοφιλίαν
1860 2979 1969 3008 vocat
1998 2971 2107 3019 Epist.
2128 2985 2172 3009 11.
2195 2971 2240 3008 ad

1206 3024 1387 3060 Dionem.
1424 3022 1493 3059 Sed
1515 3024 1614 3059 enim
1638 3022 1880 3060 admiratione
1902 3022 2054 3069 dignum
2079 3023 2166 3059 mihi
2187 3023 2241 3058 vi-

1208 3075 1313 3112 detur
1333 3071 1436 3121 quod
1455 3072 1500 3110 de
1522 3077 1708 3110 Rorametz
1723 3101 1732 3117 ,
1760 3073 1795 3111 id
1817 3072 1864 3110 est
1878 3100 1886 3115 ,
1913 3086 1997 3120 agno
2015 3073 2132 3119 planta
2152 3071 2242 3120 Scy·

1211 3126 1307 3162 thica
1327 3123 1512 3172 proditum
1535 3123 1598 3162 est.
1634 3123 1734 3161 Illam
1757 3124 1933 3161 nimirum
1953 3123 2047 3170 apud
2068 3122 2242 3160 Tartaros

124 3173 178 3208 vis
197 3173 233 3209 in
262 3184 334 3210 una
363 3185 400 3209 re
434 3184 518 3211 cun*¹
547 3174 610 3211 illo
643 3174 839 3210 conveniat
863 3202 873 3218 ‚
911 3176 1086 3213 nimirum
1111 3176 1157 3214 de
1212 3177 1250 3213 in
1272 3173 1493 3212 Zavolhensi
1523 3175 1674 3223 regione
1708 3175 1801 3212 inter
1830 3173 1989 3219 Volgum
2024 3176 2059 3208 &z
2081 3171 2156 3208 lailt
2175 3172 2243 3210 flu-

120 3220 302 3272 Poiynicis
325 3223 500 3262 cadavere
522 3237 598 3264 non
610 3223 832 3272 sepeliendo.
850 3225 1016 3266 Ciorau.
1044 3227 1159 3276 Ete03

300 3279 395 3313 Tem.
425 3281 480 3313 W.

1214 3227 1295 3265 vios
1311 3253 1323 3273 ,
1348 3225 1432 3274 agni
1455 3224 1567 3274 figura
1588 3225 1769 3272 crescere,
1798 3226 1835 3263 &
1867 3223 1887 3261 a
1906 3223 1997 3271 lupis
2018 3229 2158 3261 tantum
2182 3235 2246 3279 ap-

2150 3283 2245 3322 peti,
