2547 3708
324 183 417 249 ηπ
717 148 1358 230 Ῥ.Ον11)11

1432 160 1967 226 NASONIS

618 263 894 344 Quodque
920 268 1038 321 suae
1062 265 1198 339 passa
1222 266 1296 321 est
1318 266 1492 338 pellex
1518 267 1679 323 invita
1706 266 1907 333 sorori,

472 363 572 414 540

688 341 914 410 Excidat
941 355 1061 394 ante
1093 339 1259 410 pedes
1286 340 1459 409 lingua
1484 337 1678 393 resec‘ia
1709 352 1846 392 tuos

608 416 880 470 Conditor
906 427 962 466 ut
991 414 1206 472 tardae]
1242 411 1449 473 Blaesus
1476 411 2115 483 cognomine,Cyrrhae,

689 487 847 542 Orbis
874 486 927 539 in
957 487 1248 540 innumeris
1271 485 1540 538 inveniare
1566 483 1709 537 locis.

613 561 776 628 inque
806 562 906 611 tuis
943 560 1158 627 opifex,
1219 559 1325 608 vati
1357 557 1501 626 quod
1531 555 1657 610 fecit
1684 554 1941 619 Achae0‚

694 632 869 686 Noxia
898 630 1182 682 luminibus
1209 628 1403 699 spicula
1429 629 1625 681 condat
1650 632 1786 699 apiS‚

474 726 572 775 545
597 703 779 758 -Fixus
806 703 856 755 δέ
884 703 937 755 in
962 702 1107 755 duris
1135 702 1361 772 carparis
1386 700 1582 754 viscera
1608 700 1736 755 saxis
1758 737 1775 762 ‚

323 885 522 921 SALVAGN.
554 880 671 927 Invisa
700 878 865 916 nonnulli
899 878 1016 926 scripti
1039 878 1076 915 δε
1106 876 1212 916 editi.
1239 878 1351 916 Sorori

324 937 434 972 etiam
449 931 734 975 Quidamzreete.
756 930 853 966 vide.
874 941 927 967 vr.
955 929 1210 966 Metamfioaea

376 977 470 1034 54r.'
486 983 648 1032 cognitor
669 993 706 1018 ut
730 980 870 1028 tarda]
903 981 1065 1028 Cynaras
1098 980 1276 1027 Myrrhae
1300 991 1360 1027 pa-

325 1043 380 1073 ter
399 1064 408 1079 ,
434 1047 518 1072 eum
548 1045 619 1081 qua
644 1032 782 1070 incesto
799 1030 832 1067 se
851 1031 993 1078 polluit.
1048 1030 1241 1067 imfirma.
1270 1030 1360 1068 Pau-

325 1086 363 1124 lo
389 1085 589 1134 Leopardo
621 1082 791 1120 affentior
817 1108 826 1125 ‚
863 1083 925 1128 qui
954 1082 1093 1118 lib.111.
1131 1080 1362 1118 emendatio-

329 1149 445 1180 num,
476 1148 552 1184 cap.
579 1147 633 1170 rr.
670 1133 806 1181 primus
838 1132 937 1169 hunc
968 1132 1094 1169 locum
1124 1130 1297 1175 restituit,
1326 1133 1364 1170 &

332 1189 378 1224 de
401 1189 507 1225 Batto
534 1186 698 1233 Cyrenes
720 1182 912 1221 conditore
945 1184 1198 1231 interpretatus
1219 1182 1288 1225 est,
1318 1183 1365 1220 de

327 1250 404 1286 quo
428 1238 552 1284 justini
575 1235 681 1272 verba
694 1234 963 1271 Commentarii
983 1234 1063 1270 vice
1081 1233 1271 1270 referenda
1284 1234 1363 1271 sunt

331 1301 376 1326 ex
399 1289 458 1326 lib.
483 1299 571 1325 x111.
599 1292 729 1334 Cyrene
753 1294 871 1320 autem
890 1284 1026 1321 condita
1040 1284 1118 1330 suit
1130 1283 1172 1319 ab
1187 1283 1364 1330 Aristaeo,

330 1339 385 1376 cui
407 1352 530 1376 nomen
550 1344 699 1379 Battus,
722 1344 854 1384 propter
866 1335 1004 1382 linguae
1024 1334 1260 1383 obligationem
1277 1335 1364 1380 fuit.

329 1403 400 1429 επ.
443 1390 495 1426 Ex
511 1388 640 1437 quibus
678 1394 792 1435 patet,
825 1397 886 1422 cur
908 1386 1088 1423 Aristaeus
1105 1412 1114 1428 ‚
1138 1395 1286 1433 propter
1298 1386 1365 1423 ob-

334 1441 550 1489 ligationem
572 1439 717 1487 linguae
750 1443 896 1479 eamus,
927 1436 1000 1473 five
1034 1435 1196 1481 Blaesus,
1226 1448 1369 1485 cogno-

333 1492 508 1532 minatus,
523 1492 659 1539 Cyram
682 1499 847 1525 montem
869 1487 904 1523 in
926 1488 1048 1524 Africa
1064 1514 1073 1530 ,
1103 1486 1161 1523 ubi
1180 1486 1367 1535 Cyrenem

335 1542 549 1580 conditurus
583 1548 656 1577 erat
677 1567 688 1582 ,
722 1537 822 1575 tarde
844 1539 1073 1584 cognoverit.
1130 1536 1247 1584 Quod
1266 1537 1370 1584 Justi-

335 1605 402 1631 nus
430 1591 595 1638 expreffit
616 1591 681 1628 illis
705 1589 842 1626 verbis:
876 1589 1050 1637 Interjec‘io
1070 1587 1190 1624 deinde
1214 1592 1374 1636 rempore.

334 1643 410 1681 Sed
437 1643 595 1680 Ovidius
615 1640 737 1684 addit,
766 1639 910 1676 Battum
934 1640 1031 1675 varia
1052 1639 1147 1675 orbis
1166 1638 1248 1676 loca
1270 1649 1373 1686 pera-

338 1692 475 1742 graffe,
504 1703 699 1740 antequam
735 1690 884 1727 oraculo
912 1689 1129 1727 satisfatf'tum
1161 1687 1280 1733 effet3
1309 1701 1374 1726 ne·

345 1756 420 1793 que
432 1745 532 1781 enirn
557 1745 613 1780 uhi
635 1753 807 1780 terrarum
832 1739 917 1778 esset
936 1741 1061 1778 Africa
1082 1750 1212 1788 gnarus
1225 1747 1376 1784 erat,ut

339 1794 512 1842 scriptum
534 1794 679 1842 reliquit
701 1792 918 1829 Herodotus
944 1791 1004 1829 lib.
1029 1802 1080 1828 iv.
1111 1790 1169 1827 ubi
1191 1791 1286 1828 hanc
1300 1791 1377 1828 Co-

338 1845 465 1884 loniae
486 1845 749 1883 deduettotern
776 1842 929 1890 operose
953 1842 1189 1890 prosequitur.
1244 1842 1303 1878 Sic
1316 1852 1379 1878 au—

338 1905 416 1934 tem
441 1896 542 1934 malo
567 1895 756 1932 Nasonem
779 1893 1027 1940 interpretari,
1055 1903 1165 1940 quam
1192 1903 1275 1929 cum
1289 1891 1376 1929 San-

341 1947 416 1984 eno
445 1947 568 1996 legere
591 1974 600 1989 ,
640 1944 804 1991 σος-Λίνον
829 1956 866 1979 ut
892 1944 1016 1979 tardae
1028 1943 1165 1989 Blaesus
1184 1943 1378 1990 cognomine

339 1996 522 2046 Myrrhae.
574 1997 628 2032 Ut
661 2007 722 2041 per
759 1995 898 2031 tardam
943 1994 1134 2041 Myrrham
1161 1993 1380 2041 intelligatur

345 2048 525 2095 Silphium
549 2075 558 2091 ‚
598 2045 767 2093 Hispanis
789 2044 911 2080 Benivi
941 2044 1079 2088 didium
1095 2071 1105 2087 ,
1143 2043 1247 2089 quod
1270 2044 1380 2080 nimi-

345 2111 428 2136 rum
451 2098 551 2136 tarde
573 2097 720 2140 crescit,
749 2094 922 2144 cujusque
942 2094 1064 2131 Battus
1083 2093 1275 2131 ditiffimus
1288 2094 1380 2137 fuit,

340 2149 441 2186 unde
477 2147 715 2196 proverbium
740 2173 750 2189 ,
793 2146 890 2181 Batti
945 2144 1127 2193 silphium.
1181 2143 1385 2181 Historiam¹

342 2199 442 2237 Batti
482 2206 625 2246 praeter
665 2195 904 2235 Herodotum
938 2195 975 2231 δε
1006 2195 1185 2240 justinum
1222 2195 1382 2240 prodidit

345 2249 596 2286 Callimachus
623 2247 667 2284 ab
701 2246 833 2283 eodem
859 2245 1032 2283 oriundus
1056 2251 1192 2293 Hymno
1211 2243 1251 2280 in
1272 2245 1383 2294 Apol-

346 2300 476 2342 linem,
504 2300 567 2348 qui
588 2298 732 2335 Battum
757 2309 830 2334 non
862 2295 1062 2333 Aristaeum
1080 2323 1089 2338 ‚
1117 2295 1176 2332 sed
1206 2295 1383 2332 Aristote-

348 2351 421 2388 lem
445 2359 554 2386 vocat
571 2377 581 2392 ‚
617 2347 815 2396 quomodo
838 2348 947 2384 etiam
970 2346 1142 2383 Pindarus
1171 2357 1205 2382 v.
1231 2346 1382 2394 Pythio-

348 2412 453 2445 rum,
491 2400 700 2437 Heraclides
724 2400 802 2442 περῖ
826 2397 1019 2437 πολιτείας
1041 2396 1251 2433 nominant.
1306 2397 1383 2442 lpse

348 2463 439 2488 vero
461 2450 616 2488 dedu6³m
633 2452 709 2497 jam
732 2450 880 2497 Cyrene
907 2447 1067 2484 Colonia
1087 2448 1187 2484 vocis
1201 2447 1383 2484 medelam

346 2503 479 2548 reperit
510 2504 581 2538 hoc
613 2501 742 2537 modo.
796 2500 896 2536 Dum
925 2499 1110 2545 Cyrenaei
1145 2499 1181 2533 in
1216 2506 1382 2534 extrema

349 2553 499 2589 Africae
532 2551 667 2588 deserta
702 2557 922 2593 excurrunt,
960 2550 1110 2585 leonem
1151 2547 1275 2584 Battus
1295 2560 1384 2585 con-

350 2603 476 2650 spexit.
534 2603 588 2638 Re
612 2601 804 2648 improvisa
828 2602 968 2637 territus
994 2610 1167 2647 magnum
1193 2600 1228 2635 &z
1249 2599 1385 2636 clarum

351 2654 561 2691 necessitate
584 2660 743 2697 cogente
767 2650 898 2687 sustulit
922 2650 1121 2686 ciamorem
1138 2676 1146 2691 ‚
1176 2659 1214 2685 ut
1239 2661 1388 2686 memo-

352 2707 425 2740 riae
453 2703 613 2752 prodidit
633 2701 817 2739 Pausanias
836 2704 870 2737 in
896 2701 1036 2737 Attitis.
1068 2701 1270 2737 SALVAGN.
1300 2707 1389 2736 Con-

356 2755 447 2790 ditor
470 2766 507 2790 ut
525 2756 647 2790 tardae
674 2754 782 2798 laesus
803 2751 1001 2797 &.scrip1i.
1055 2753 1199 2788 Herus.
1229 2751 1391 2786 Traditor

351 2805 476 2851 legunt
509 2805 698 2841 Domitius
730 2806 766 2839 δί
795 2803 975 2839 Zarottus.
1002 2803 1123 2836 tardus
1145 2802 1289 2849 plu-inii
1309 2802 1390 2838 scri-

357 2855 417 2901 pti.
448 2865 564 2900 raptae
579 2855 728 2891 More-ti.
758 2854 865 2898 Lusus
890 2853 1010 2888 Petav.
1039 2853 1217 2888 conamine
1242 2852 1393 2899 Regius.

357 2905 487 2951 &laesas
507 2905 657 2942 Hercul.
672 2908 708 2941 ὅ;
734 2915 825 2941 unus
841 2903 980 2940 Medic.
999 2901 1252 2942 orbureyalter
1267 2903 1393 2940 Pera-r.

359 2954 451 2991 urbis
476 2957 582 3000 prior.
1091 2992 1094 2995 ,

412 3017 492 3051 543.
525 3013 626 3054 Inque
657 3005 727 3042 tuis
749 3003 898 3054 opifex.]
940 3003 1107 3039 Achaeus
1149 3003 1263 3038 Poeta
1293 3003 1388 3046 fnit,

360 3057 462 3105 cujus
485 3068 546 3103 per
560 3057 706 3093 hortum
722 3055 937 3092 ambulantis
962 3055 1068 3102 capiri
1098 3064 1253 3089 examen
1277 3065 1387 3100 apum

357 3107 508 3148 insedit,
537 3107 635 3153 quod
668 3118 751 3143 cum
776 3106 957 3153 erpellere
990 3105 1122 3144 vellet.
1153 3115 1281 3139 eorum
1305 3115 1387 3140 acu-

358 3159 422 3196 leis
444 3157 739 3194 acieoculorum
763 3158 919 3203 privatus
938 3156 996 3192 eli.
1036 3155 1277 3191 lunarum.
1309 3155 1391 3190 Ho-

359 3220 502 3245 merum
528 3208 647 3245 frustra
668 3207 854 3244 Domitius
869 3206 1050 3253 intelligit.
1071 3205 1115 3242 de
1130 3206 1283 3241 Achaeo
1298 3205 1392 3241 Poe·

360 3267 395 3297 ta
420 3267 521 3298 vetus
545 3259 722 3307 interpres
745 3258 921 3305 exponit,
950 3258 1050 3305 cujus
1074 3268 1138 3306 per
1151 3256 1299 3294 hortum
1314 3267 1391 3294 arn-

2364 771 2442 827 Ut

1420 876 1574 914 bulantis
1604 877 1712 925 capiti
1737 888 1892 916 examen
1920 888 2031 926 apum
2055 875 2210 921 insedit,
2235 877 2337 926 quod
2356 890 2446 916 curre

1421 927 1602 974 expellere
1620 928 1754 973 vellet,
1782 941 1906 966 earum
1930 930 2063 967 aculeis
2082 930 2158 966 acie
2168 929 2361 966 oculorum
2377 931 2450 977 pri-

1422 989 1523 1015 vatus
1545 978 1686 1015 dicitur.
1740 980 1883 1017 Eodem
1908 989 2005 1017 certe
2026 981 2181 1017 nomine
2202 979 2352 1027 Tragici
2372 980 2450 1017 duo

1422 1029 1562 1066 Poetae
1586 1039 1841 1067 memorantur
1865 1057 1875 1074 ‚
1913 1042 2004 1067 unus
2035 1029 2244 1068 Eretriensis
2265 1029 2450 1078 Sophocle

1423 1080 1533 1127 paulo
1557 1079 1685 1127 junior
1705 1105 1717 1124 ,
1769 1081 1871 1128 eujus
1918 1082 2168 1118 meminerunt
2212 1081 2453 1126 Athenaeus,

1419 1131 1611 1174 Laertius,
1641 1130 1778 1168 Suidas.
1830 1131 2155 1178 AlterSyracufius
2177 1132 2271 1175 fuit,
2303 1130 2365 1179 'qui
2386 1132 2451 1170 de-

1420 1192 1502 1218 cem
1536 1180 1766 1229 Tragoedias
1790 1181 1922 1230 scripsit
1943 1209 1953 1226 ‚
1982 1189 2022 1219 ut
2042 1181 2086 1219 ab
2098 1181 2232 1219 eodem
2246 1182 2353 1219 Suida
2365 1193 2453 1230 pro-

1420 1233 1537 1269 ditum
1558 1232 1604 1269 est
1619 1259 1628 1275 ,
1644 1239 1782 1270 utvero
1794 1232 1945 1280 quidem
1959 1232 2075 1270 simile
2085 1232 2253 1276 videtur,
2281 1232 2379 1270 hunc
2391 1232 2449 1271 vel

1419 1282 1519 1320 illurn
1537 1282 1717 1319 aNasone
1739 1281 1941 1331 significari.
1968 1283 2166 1321 SALVAGN.
2210 1283 2269 1320 De
2292 1284 2449 1321 Achaeo

1421 1334 1585 1382 Tragico
1615 1334 1652 1371 &
1671 1333 1914 1382 Satyricarum
1937 1333 2138 1371 fabularum
2166 1334 2338 1381 scriptore
2371 1333 2446 1372 vid.

1425 1384 1575 1422 Casaub.
1604 1384 1649 1421 de
1685 1383 1919 1433 Satyr.Poes1
1936 1384 1996 1422 lib.
2020 1397 2045 1422 1.
2061 1396 2141 1433 pag,
2165 1384 2244 1422 181.
2263 1384 2301 1421 ὅ(
2319 1384 2392 1433 seq.

1475 1448 1557 1483 54¹5.
1585 1436 1689 1472 Fixus
1707 1447 1749 1474 v·
1771 1436 1808 1472 in
1828 1433 1963 1485 daria]
1994 1436 2237 1473 Prometheus
2263 1435 2370 1478 frater
2405 1433 2456 1471 E—

1424 1486 1619 1535 pimethei:
1638 1486 1770 1523 Fabula
1783 1494 1882 1524 nota.
1919 1486 2161 1523 INTERPRES.
2191 1486 2457 1528 Prometheus„

1427 1538 1491 1585 qui
1517 1537 1661 1574 fratrem
1687 1536 1811 1574 habuit
1827 1536 2094 1585 Epimetheum
2111 1564 2121 1581 ,
2149 1548 2193 1574 ex
2218 1548 2295 1586 quo
2319 1536 2459 1585 Pyrrha

1423 1595 1519 1625 nata.
1572 1587 1629 1623 De
1662 1588 1796 1624 eodem
1827 1588 1906 1636 jam
1936 1586 2030 1625 faeta
2060 1588 2205 1625 mentio
2243 1585 2288 1624 ad
2312 1586 2457 1624 versum
2524 1628 2528 1629 ⁷

1429 1649 1513 1687 293.
1540 1638 1741 1675 SALVAGN.
2031 1676 2033 1678 ,

1481 1701 1560 1736 547·
1587 1694 1631 1725 Ut
1654 1698 1738 1738 puer
1759 1687 1988 1738 Harpyages]
2027 1690 2243 1737 Harpyages
2272 1687 2461 1735 Thyestae

1428 1739 1518 1778 filius
1543 1741 1635 1783 tuit,
1662 1751 1772 1787 quem
1805 1748 1903 1787 pater
1932 1739 2137 1787 absumpfit.
2191 1739 2387 1776 luuntur.
2415 1743 2464 1776 Et

1429 1800 1511 1840 puer
1540 1790 1771 1840 Harpagidae.
1824 1790 1881 1827 Sic
1908 1792 1945 1828 &
1972 1790 2166 1839 legendum
2192 1817 2201 1833 ,
2241 1790 2276 1826 ὃ(
2298 1789 2345 1826 de
2368 1790 2465 1826 Har-

1435 1843 1514 1889 pagi
1545 1841 1620 1878 filio
1641 1869 1651 1885 ,
1688 1853 1799 1888 quem
1842 1841 2018 1891 Astyages
2056 1840 2256 1877 Medorum
2284 1851 2347 1876 rex
2371 1840 2465 1888 patri

1437 1892 1659 1938 epulandum
1697 1891 1896 1939 apposuit,
1939 1891 2217 1939 intelligendum
2247 1889 2388 1936 Juflino
2426 1891 2466 1928 &

1436 1942 1580 1980 Herod.
1621 1943 1865 1979 Eonwrms.
1904 1942 2113 1990 Harpagides
2137 1969 2146 1983 ,
2174 1941 2210 1978 id
2231 1940 2278 1978 est
2303 1941 2466 1989 Harpagi

1434 1992 1547 2030 filius:
1579 1993 1770 2040 Harpagus
1802 1994 1902 2029 enim
1933 1994 2072 2029 amicus
2104 1992 2173 2028 fuit
2195 1990 2360 2040 Astyagis
2381 1993 2469 2028 Me·

1435 2044 1566 2080 dorum
1590 2045 1705 2090 regis,
1736 2044 1792 2078 cui
1817 2053 1878 2079 rex
1902 2043 2033 2083 iratus,
2063 2042 2165 2091 quod
2194 2042 2336 2090 Cyrum
2358 2052 2401 2078 ex
2425 2040 2469 2078 fi·
2536 2062 2538 2065 v

1434 2094 1480 2131 lia
1511 2103 1687 2141 nepotem
1711 2094 1835 2129 vivere
1850 2092 2107 2140 comperisset,
2126 2104 2237 2141 quem
2251 2093 2314 2135 illi,
2333 2099 2371 2128 ut
2391 2090 2466 2128 fido

1436 2146 1473 2181 &
1494 2154 1712 2181 arcanorum
1728 2145 1905 2192 participi,
1927 2143 2134 2182 necandum
2159 2143 2370 2186 tradiderat,
2390 2142 2468 2187 eius

1438 2195 1551 2232 filiurn
1579 2195 1708 2241 (cujus
1739 2205 1880 2231 nomen
1912 2205 1990 2230 non
2020 2193 2216 2238 proditur)
2245 2193 2470 2240 epulandum

1439 2244 1616 2292 apposuit.
1644 2253 1683 2281 ut
1703 2244 1921 2280 Herodotus
1948 2246 1983 2280 in
2008 2244 2092 2281 Clio
2115 2244 2150 2280 ὅ(
2171 2243 2325 2289 justinus
2346 2244 2382 2280 in
2410 2243 2474 2281 lib,

1441 2308 1468 2332 1.
1493 2295 1603 2332 literis
1625 2294 1904 2332 mandaverunt.
1929 2294 2003 2331 hoc
2023 2303 2146 2331 autern
2171 2296 2475 2342 interpretamen-

1440 2355 1521 2383 tum
1544 2357 1620 2383 non
1647 2346 1736 2382 mihi
1753 2371 1763 2388 ,
1788 2345 1846 2382 sed
1870 2345 2062 2382 Abstcmio
2076 2356 2163 2382 meo
2176 2344 2295 2381 debes.
2323 2344 2476 2383 Cousr.

1443 2396 1539 2432 Fau.
1569 2395 1787 2444 Legendum
1812 2407 1899 2444 ergo
1914 2423 1922 2439 ‚
1952 2401 1994 2431 Ut
2015 2405 2098 2443 puer
2118 2394 2326 2444 Harpagides
2347 2398 2474 2441 referas

1442 2446 1596 2495 exempla
1622 2446 1802 2494 Thyestae,
1828 2446 2047 2483 nominandi
2071 2445 2150 2483 casu
2170 2446 2352 2483 Videlicet.
2380 2454 2419 2483 ut
2432 2444 2475 2482 fit

1441 2497 1577 2534 sensus:
1609 2496 1672 2533 Tu
1698 2498 1912 2545 exemplum
1933 2496 2119 2544 Thyestae
2134 2505 2272 2543 repetas
2287 2522 2297 2539 ,
2326 2495 2483 2542 perinde

1443 2557 1482 2584 ut
1507 2547 1598 2584 filius
1624 2548 1783 2595 Harpagi
1806 2575 1814 2590 ,
1859 2548 1922 2596 qui
1950 2549 1985 2583 δε
2009 2548 2080 2594 ipse
2109 2548 2242 2583 eodem
2268 2545 2407 2588 modo,
2436 2555 2476 2583 ut

1444 2597 1630 2644 Thyestae
1654 2597 1738 2639 tilii,
1767 2597 1786 2634 a
1818 2607 1916 2646 patre
1949 2609 2013 2643 pro
2041 2597 2154 2644 epulis
2186 2596 2394 2642 absumptus
2415 2597 2477 2635 est.

1445 2649 1619 2685 Micrit.
1660 2649 1851 2686 Domitius
1878 2647 2113 2690 Calderinus‚
2142 2647 2198 2682 cui
2224 2647 2403 2683 familiare
2426 2647 2476 2685 est

1445 2698 1623 2748 quidquid
1647 2700 1799 2736 obvium
1822 2698 1871 2735 est
1896 2699 2072 2746 arripere,
2100 2697 2242 2745 legebat
2268 2699 2484 2745 Harpiages,

1447 2752 1483 2788 δὲ
1506 2749 1552 2787 de
1573 2749 1756 2797 Harpiage
1779 2749 1898 2786 nescio
1915 2760 1991 2796 quo
2013 2747 2196 2795 Thyestae
2220 2747 2295 2784 filio
2311 2748 2474 2786 fietitiam

1446 2800 1630 2848 quandam
1656 2800 1809 2835 fabulam
1836 2798 2078 2847 proponebat.
2130 2799 2270 2835 Verum
2283 2799 2477 2843 Zarott-us,

1448 2850 1622 2899 Egnatius
1647 2877 1656 2893 ,
1695 2849 1868 2894 Micyllus
1889 2876 1897 2890 ‚
1936 2850 2099 2886 sanetius
2119 2876 2129 2892 ‚
2159 2849 2349 2891 Valerius,
2376 2859 2414 2885 ut
2437 2850 2474 2886 δε

1450 2901 1666 2938 Laurentius
1705 2899 1909 2937 Abstemius
1949 2901 2129 2937 variarum
2154 2900 2438 2936 annotationum
2461 2927 2475 2947 ,Ἴ

1451 2964 1527 2998 cap.
1547 2962 1582 2997 4.
1610 2949 1837 2988 scribendum
1872 2951 2103 2988 contendunt
2128 2978 2138 2995 ,
2180 2949 2407 2998 Harpagides,
2436 2958 2476 2987 ut

1447 3001 1605 3049 Harpagi
1628 3000 1719 3037 filius
1742 3001 1984 3048 intelligatur,
2012 3012 2125 3049 quem
2150 3000 2323 3048 Astyages
2341 3000 2477 3038 Medo-

1444 3065 1524 3091 rum
1541 3053 1618 3088 Rex
1632 3053 1665 3088 in
1682 3052 1860 3088 ultionem
1875 3052 2001 3089 servati
2017 3051 2104 3100 Cyri
2119 3052 2261 3097 nepotis
2282 3051 2476 3094 interfecit,

1447 3105 1483 3140 &
1505 3103 1592 3150 patri
1615 3102 1834 3149 epulandum
1855 3101 2039 3150 apposuit,
2069 3109 2106 3137 ut
2129 3100 2341 3138 Herodotus
2360 3109 2476 3138 narrat

1447 3154 1504 3191 lib.
1520 3165 1547 3189 1.
1569 3154 1623 3189 his
1644 3152 1782 3189 verbis:
1800 3154 1982 3197 Α’ςωὲγκς
2003 3154 2063 3187 καῖ
2087 3151 2129 3192 ὥς
2150 3153 2176 3188 ὁι
2193 3151 2378 3188 anascevae
2401 3153 2475 3197 A‘p-

1449 3206 1668 3247 neeman-21⁹3
1689 3199 1839 3250 σφάξεις
1858 3203 1962 3238 αὐτό»
1986 3229 1995 3245 ,
2010 3203 2071 3238 καὶ
2091 3205 2188 3238 aar&
2202 3205 2318 3244 μέλεα
2330 3200 2475 3246 διελὼν,

1448 3260 1496 3293 τὰ
1517 3256 1582 3302 μὲν
1605 3255 1781 3302 diaeum„
1797 3256 1846 3293 τὰ
1867 3254 1906 3290 δὲ
1947 3252 2055 3297 ἔψησε
2087 3255 2153 3290 τῶν
2182 3255 2297 3299 κρεῶν,
2313 3253 2477 3292 {usumve

2435 3303 2476 3340 δὲ
