2547 3708
279 178 375 216 110

777 146 841 204 PL
913 139 1327 203 OVIDII
1401 140 1935 204 NASONIS

569 253 642 310 Et
667 250 858 325 quibus
881 248 1081 319 exiguo
1125 245 1358 302 volucris
1387 246 1585 303 devota
1606 244 1784 302 libello
1808 249 1913 314 est,

277 501 407 541 gamus
423 487 496 525 hoc
515 485 602 524 loco
615 513 625 529 ,
655 482 847 523 Pittheidos
862 511 872 528 ‚
887 494 974 521 cum
985 481 1166 532 aliquibus
1187 481 1324 521 editio:

278 543 384 581 nibus
398 569 408 586 ,
436 547 475 576 ut
497 536 663 576 Theseus
684 536 817 572 Pitthei
839 546 955 583 nepos
973 534 1220 588 intelligatur}
1247 535 1325 571 Pit-

279 594 386 632 theus
407 590 505 629 enim
529 588 689 625 Aethrae
719 595 820 633 pater
842 613 853 630 ,
893 583 1048 622 AEethra
1081 583 1219 620 Thesei
1248 595 1327 640 ma-

279 653 335 683 tet·
370 643 464 684 fuit,
517 639 673 676 authore
702 636 897 674 Plutarcho
935 636 977 689 in,
993 633 1171 676 Theseo,
1201 632 1322 690 Hygi-

279 706 332 733 no
355 692 423 730 fab.
447 703 504 736 14.
536 687 772 737 Apollodoro
793 684 1116 724 lib.111.ssiblioth.
1147 683 1320 741 Pausania

279 746 317 783 in
350 742 598 781 Corinthiacis
624 766 634 783 ‚
682 738 781 775 unde
813 735 976 774 Ariadne
1006 736 1103 785 apud
1135 735 1320 774 Ovidium

278 795 443 833 nostrum
467 791 626 840 Epistola
646 789 691 827 ad
713 788 931 827 Theseum:

335 881 408 913 Nec
429 880 533 910 Pater
555 871 598 919 esl
623 876 755 920 Aegeus
771 899 782 916 ,
811 883 870 908 nec
889 879 928 906 tu
944 869 1138 906 Pittheidos
1169 867 1328 907 Aethrae

386 925 494 962 Filius
507 952 518 970 ,
546 922 707 960 authores
719 921 814 971 saxa
825 923 1028 970 fretumque
1049 920 1114 958 tui.

281 1001 358 1039 Ubi
391 998 553 1039 secunda
600 998 852 1047 patronymici
897 996 1028 1045 syllaba
1074 996 1290 1045 producitur
1317 1026 1328 1044 ,

283 1052 454 1101 quamvis
479 1051 553 1088 hoc
580 1049 668 1088 loco
698 1049 933 1086 contrahatur
954 1076 965 1093 ,
1001 1048 1327 1096 quemadmodum

282 1103 345 1142 lib.
367 1113 431 1140 xv.
460 1100 712 1148 Metamorph.
737 1099 841 1137 versu
855 1099 942 1148 296.

336 1164 394 1210 Esl
409 1173 508 1214 prope
527 1161 722 1200 Pittheiam
741 1159 899 1199 tumulus
917 1165 1103 1200 Troezena.

287 1235 337 1274 Et
361 1233 466 1272 versu
489 1232 574 1281 506,

338 1295 533 1334 Pittheiam
548 1294 688 1344 profugo
710 1305 815 1330 curru
837 1298 1011 1330 Troezena
1032 1290 1195 1342 petebam.

286 1364 455 1404 Theseus
477 1362 729 1411 Hippolytum
760 1361 877 1400 filium
909 1362 992 1400 diris
1016 1363 1055 1400 ὃς
1081 1360 1330 1399 execrationi-

286 1415 353 1454 bus
386 1415 554 1453 devovit.
607 1413 707 1451 Cum
747 1414 846 1450 enim
879 1413 1040 1450 Phaedra
1072 1412 1327 1460 Hippolytum

285 1467 498 1515 privignum
527 1466 708 1513 juvenem
747 1463 977 1501 castiffimum
1010 1463 1132 1501 frustra
1159 1463 1328 1500 sollicita·

287 1525 366 1562 ret,
393 1517 438 1554 ab
458 1529 504 1554 eo
526 1515 561 1553 se
581 1514 848 1562 interpellatam
869 1513 998 1558 finxit,
1028 1514 1173 1563 &apud
1186 1520 1328 1562 patrem

286 1567 481 1606 Theseum
512 1565 706 1604 accusavit.
760 1565 824 1603 Ille
852 1564 968 1603 filium
1006 1566 1094 1602 urbe
1117 1577 1201 1603 cum
1227 1563 1329 1602 dete-

288 1618 502 1656 stationibus
523 1617 661 1665 expulit
685 1644 695 1661 ‚
733 1627 847 1664 quem
872 1617 957 1665 fuga
986 1615 1048 1653 sibi
1071 1616 1328 1653 consulentem

291 1670 379 1718 equi
399 1668 587 1706 horrendo
618 1667 760 1715 phocae
781 1667 800 1704 a
823 1667 915 1704 mari
935 1668 1157 1716 emergentis
1181 1666 1330 1714 aspectu

292 1721 481 1757 conterriti
512 1730 575 1767 per
599 1718 701 1755 invia
720 1726 932 1766 *raptarunn
986 1718 1048 1754 De
1087 1717 1217 1766 quibus
1246 1717 1330 1755 diris

291 1771 395 1819 supra
419 1769 560 1808 dietum
582 1768 630 1806 est
653 1768 697 1806 ad
722 1769 863 1806 versum
886 1781 948 1813 90.
975 1767 1142 1806 Theseus
1163 1769 1272 1816 igitur
1286 1768 1330 1805 ab

291 1833 366 1859 avo
381 1832 550 1859 materno
571 1819 758 1856 Pittheidos
779 1819 907 1857 dictus.
960 1818 1151 1856 Interdum
1176 1820 1274 1856 enim
1293 1820 1331 1855 &

293 1872 338 1909 ab
358 1873 434 1909 avis
456 1871 627 1908 maternis
648 1871 905 1917 patronymica
919 1868 1331 1907 desumitraditPriscia-

293 1934 363 1959 nus
389 1922 449 1959 lib.
471 1933 507 1959 2.
543 1922 598 1958 uti
631 1921 838 1958 Mercurius
866 1920 1121 1962 Atlantiades,
1159 1920 1332 1968 Epaphus

295 1972 501 2016 Inachides,
534 1970 703 2018 appellati
736 1971 827 2008 sunt.
880 1971 1035 2008 Veteres
1067 1969 1248 2007 editiones
1268 1970 1332 2007 ha-

293 2023 382 2061 bent
396 2021 618 2063 Pentheides,
645 2020 747 2070 quod
773 2022 987 2057 Menoeceo
1008 2020 1116 2057 tribui
1138 2019 1239 2068 poffe
1256 2021 1334 2058 Mi-

296 2075 412 2122 cyllus
431 2073 621 2111 existimat.
676 2077 770 2107 Nam
796 2070 940 2108 Penthei
951 2070 1050 2117 filius
1068 2071 1201 2119 Odasm
1220 2071 1335 2107 tradi-

297 2135 380 2165 tur,
408 2125 549 2172 inquit,
577 2119 683 2169 Odafi
704 2128 922 2165 Menoeceus,
950 2121 1052 2169 hujus
1076 2127 1187 2158 Creon
1207 2132 1249 2160 (9¹
1267 2121 1335 2167 Jo-

300 2175 391 2218 casta
405 2201 416 2217 ,
443 2174 601 2211 Creontis
618 2185 699 2208 vero
721 2178 877 2207 Haemon
890 2182 933 2210 (9·
953 2177 1172 2216 Menoeceus,
1187 2172 1245 2222 qui
1266 2173 1336 2210 bel·

303 2225 334 2261 lo
351 2225 496 2273 Trojano
512 2224 549 2272 se
562 2232 621 2270 pro
637 2222 753 2270 patria
771 2221 913 2257 devovit
930 2247 938 2262 ,
967 2231 1009 2259 <9¹
1025 2222 1043 2256 ἒ
1061 2223 1156 2258 turri
1171 2223 1335 2270 praecipi—

302 2277 398 2312 tavit
412 2303 421 2317 ,
451 2285 489 2311 ut
511 2273 636 2312 author
654 2271 699 2319 est
717 2271 909 2316 scholiastes
930 2270 1102 2320 Euripidis
1118 2275 1155 2309 in
1175 2273 1333 2320 Phoenis-

293 2324 354 2374 [ῖς.
408 2326 502 2363 Mihi
523 2325 668 2371 longius
698 2323 810 2368 petita
832 2322 975 2359 videtur
1000 2322 1092 2359 haec
1120 2324 1335 2370 interpreta-

299 2377 378 2421 tio,
406 2388 500 2424 quae
521 2384 646 2413 tamen
667 2374 818 2410 Valerio
840 2385 916 2410 non
947 2370 1106 2420 displicet
1136 2374 1335 2412 SALVAGN.

304 2427 490 2465 Penthides
503 2438 546 2463 ex
561 2425 704 2470 scriptis.
733 2436 798 2472 pro
817 2423 971 2468 fratibus
992 2424 1185 2468 meliores,
1213 2427 1336 2471 defra-

305 2491 372 2515 1re.
395 2490 487 2516 unus
510 2505 520 2522 ‚
556 2475 738 2512 medullae.
784 2474 903 2511 versus
940 2475 1082 2512 nemini
1120 2474 1339 2513 intellectus.

305 2529 448 2567 Herus.
473 2526 636 2577 Spreticles
648 2525 820 2564 Gallicus.
843 2526 884 2562 de
895 2533 998 2574 patre
1014 2525 1139 2564 Petav.
1159 2527 1250 2564 nihil
1276 2527 1339 2566 hic

305 2580 420 2618 intelli
449 2592 486 2617 o.

357 2592 446 2680 449g.
475 2636 660 2677 Fraterque
688 2625 889 2676 Medusae]
930 2627 1021 2665 Non
1049 2628 1174 2665 minor
1211 2636 1337 2666 autern

308 2681 497 2720 difficultas
514 2682 551 2718 &
576 2681 614 2717 in
645 2679 822 2716 hocloco
844 2679 912 2720 est,
943 2679 1007 2725 qui
1028 2678 1200 2728 sequitur.
1237 2679 1336 2717 Nam

309 2744 431 2781 neque
459 2732 523 2780 qui
554 2731 662 2768 frater
685 2728 860 2766 Medusae
883 2729 1012 2772 suerit,
1040 2730 1123 2767 alibi
1145 2730 1250 2777 plane
1268 2739 1338 2768 tra-

309 2782 426 2820 ditur:
456 2784 494 2820 &
514 2783 579 2830 qui
611 2780 657 2818 de
696 2779 902 2827 Apollonio
935 2778 1075 2817 dietum
1115 2781 1336 2828 accipiunt,

306 2834 376 2870 illis
396 2832 494 2871 idem
506 2830 926 2878 difficultatisobjicitur‚
953 2830 1056 2878 quod
1073 2830 1173 2878 supra
1186 2831 1231 2868 de
1245 2832 1338 2879 Hip-

308 2883 467 2932 ponac‘te
488 2883 782 2930 intelligentibus.
836 2881 935 2918 Nam
967 2892 1089 2928 neque
1113 2881 1157 2918 de
1181 2882 1339 2929 Apollo-

306 2935 361 2972 nii
384 2936 479 2972 votis
505 2941 568 2971 aut
586 2931 907 2980 imprecationibus
929 2931 1129 2980 quicquam
1152 2940 1269 2968 extat:
1301 2935 1338 2970 &

309 2996 398 3034 quas
428 2984 673 3021 Callimachus
709 2983 797 3020 fecit
820 3009 830 3026 ,
876 2981 922 3018 de
953 2981 1154 3027 Apollonio
1183 2983 1340 3029 passive,

307 3047 386 3073 non
406 3035 524 3073 acotive
544 3033 790 3083 accipiendae.
842 3032 959 3081 Quod
980 3032 1002 3068 fi
1020 3040 1144 3069 autern
1165 3043 1340 3073 votorum

304 3097 471 3129 nomen,
499 3084 545 3124 de
574 3085 815 3123 amarulentia
850 3095 1002 3132 quoque
1025 3085 1062 3120 ἃ
1085 3085 1263 3120 conviciis
1284 3087 1339 3122 in-

307 3136 547 3185 telligendum
577 3136 704 3185 aliquis
738 3144 840 3183 putet
860 3162 870 3177 ‚
912 3134 948 3171 id
980 3133 1081 3182 quod
1106 3134 1154 3171 illi
1178 3134 1338 3180 faciunt,

307 3189 370 3235 qui
390 3189 572 3236 superiora
591 3187 635 3224 de
670 3185 903 3233 Hipponacte
924 3185 1230 3241 interpretantur,
1258 3198 1336 3223 ina-

305 3238 371 3276 lim
390 3239 566 3286 hocloco
587 3237 854 3277 Archilochum
869 3263 882 3283 ,
918 3244 979 3276 aut
998 3235 1152 3275 similem
1173 3236 1334 3286 aliquem

2278 321 2416 393 Cor-3

1376 485 1554 534 acciperess
1606 487 1718 524 vNam
1756 485 1796 525 &
1839 486 2054 528 Archilochi
2096 489 2354 532 maledicentia
2377 493 2416 532 inv

1376 537 1614 584 proverbium
1639 538 1752 583 abiit,
1779 549 1858 587 quo
1878 539 1989 577 edicta
2011 541 2236 580 Archilochia
2252 571 2262 588 ‚
2297 545 2336 582 &
2351 553 2418 594 pa-

1375 586 1447 622 tria
1480 587 1718 633 Archilochi,
1766 589 1951 628 dicuntur.
2002 590 2073 630 Sed
2103 593 2150 631 de
2179 594 2246 632 hac
2272 605 2310 632 re
2329 595 2420 634 certi

1377 637 1606 689 nihil-habeo
1628 639 1732 688 quod
1752 639 1915 680 afferam.
1970 643 2097 690 Quare
2121 646 2158 682 δε
2179 646 2417 685 hunclocum

1379 687 1536 726 aliorum
1554 689 1696 738 judicio
1710 691 1892 741 relinquo.
1946 693 2124 732 Micnr..
2150 696 2419 736 Archilochum

1379 739 1535 777 innuere
1564 741 1709 778 videtur
1731 769 1741 786 ,
1780 744 1844 793 qui
1874 744 2064 782 virulentis
2096 748 2314 785 carminibus
2336 749 2420 798 Ly-

1380 791 1537 828 camben
1557 791 1602 829 ad
1623 792 1797 840 laqueum
1828 794 1970 843 adegit,
1997 804 2038 833 ut
2067 795 2170 844 supra
2196 798 2354 836 diximus
2374 799 2422 839 ad

1382 842 1470 879 vers.
1496 855 1551 890 54.
1580 843 1723 880 Verum
1747 846 1799 882 illi
1828 845 1990 884 sororem
2024 846 2126 884 fuiffe
2154 850 2311 886 nomine
2333 850 2422 887 Me-

1381 891 1504 930 dusam
1525 893 1690 942 nuspiam
1714 896 1804 933 mihi
1825 896 1976 936 ieeum.
2030 899 2091 935 An
2122 899 2343 948 Eurystheus
2364 901 2422 938 in-

1380 943 1596 992 telligendus
1618 944 1795 984 Medusae
1817 947 1927 986 frater
1948 961 1994 987 ex
2017 948 2192 987 Sthenelo
2214 951 2252 987 &
2275 950 2423 999 Nicispe

1382 995 1593 1044 parentibus
1609 1023 1619 1039 ,
1646 1004 1686 1033 ut
1719 998 1851 1035 author
1874 999 1922 1036 est
1942 1000 2195 1049 Apollodorus
2221 1000 2280 1039 lib.
2302 1014 2347 1040 11.
2386 1001 2421 1041 Is

1384 1047 1485 1084 enim
1515 1047 1630 1084 multa
1661 1054 1749 1084 vota
1777 1047 1910 1086 sinistra
1934 1051 1971 1088 in
2003 1052 2173 1090 Herculis
2192 1053 2345 1091 exitium
2367 1053 2425 1091 fe-

1386 1098 1436 1134 cit
1456 1124 1467 1140 ,
1504 1097 1594 1135 dum
1624 1097 1673 1135 illi
1702 1099 1928 1144 graviffimos
1956 1100 2096 1139 labores
2126 1105 2322 1152 imperavit
2344 1115 2426 1153 per-

1386 1148 1497 1186 dendi
1533 1149 1611 1198 ejus
1643 1148 1835 1188 desiderio.
1889 1151 1950 1188 An
1979 1164 2045 1199 pro
2077 1153 2223 1201 vulgata
2257 1155 2420 1194 leitione

1379 1200 1563 1248 fraterque
1582 1199 1746 1249 Medusae
1767 1201 2038 1241 rescribendum
2057 1232 2068 1248 ,
2094 1215 2273 1255 materque
2296 1206 2424 1243 Medu-

1378 1252 1452 1297 sae.
1506 1250 1617 1288 Certe
1644 1252 1681 1288 in
1709 1252 1932 1292 membranis
1960 1253 2277 1294 San-Victorianis
2316 1256 2422 1296 adesa

1389 1304 1510 1348 priore
1539 1301 1643 1339 litera
1677 1312 1865 1341 exaratum
1894 1305 2020 1343 inveni
2043 1332 2053 1349 ‚
2080 1315 2223 1357 aterque
2245 1306 2425 1356 Medusae.

1383 1352 1451 1389 Per
1470 1352 1664 1390 Medusam
1688 1363 1813 1392 autem
1831 1366 1910 1393 non
1930 1356 2030 1394 illam
2043 1358 2287 1395 intellexerim
2302 1386 2313 1403 ‚
2326 1370 2425 1407 quae

1383 1403 1501 1441 subito
1531 1404 1624 1441 visos
1652 1404 1825 1443 homines
1856 1406 1895 1443 in
1930 1407 2010 1445 saxa
2043 1408 2315 1452 convertebat;
2362 1408 2425 1448 sed

1384 1455 1492 1492 aliam
1510 1456 1634 1502 ,cujus
1648 1455 1812 1494 Priamus
1840 1465 1940 1504 pater
1961 1486 1972 1503 ,
2011 1458 2168 1496 Hecuba
2191 1466 2308 1497 mater
2329 1460 2416 1505 fuit,

1384 1514 1425 1542 ut
1444 1505 1631 1554 proditum
1662 1507 1711 1544 est
1744 1505 1764 1544 a
1786 1508 1958 1545 Pausania
1981 1509 2016 1546 in
2041 1509 2233 1554 Phocicis‚
2262 1510 2318 1547 his
2339 1521 2425 1548 ver·

1385 1556 1456 1595 bis:
1485 1558 1598 1607 ἐφεξῖξς
1616 1557 1635 1607 5
1656 1562 1698 1611 τῇ
1727 1554 1874 1612 Λαοδίκῃ
1907 1557 2080 1603 ὁπως-ρίτης
2100 1577 2135 1600 ’τε
2155 1561 2249 1613 aida,
2278 1567 2310 1614 ’ᾧ
2329 1558 2424 1603 >afin-

1386 1607 1449 1660 310'1’
1466 1609 1531 1661 Ε’,ς-ιν
1551 1616 1613 1651 ἐπὶ
1633 1617 1678 1664 τῷ
1697 1612 1856 1667 §maselan
1865 1618 2032 1664 χαλκοῦν.
2073 1615 2216 1655 Midae-ae
2239 1616 2259 1666 5
2280 1617 2426 1667 κοιἾέχΒ-

1384 1680 1434 1701 ‹roo
1455 1670 1532 1709 ταῖς
1549 1671 1658 1719 χερσὶν
1671 1668 1867 1719 οἷμφοῖέροιις
1884 1668 1914 1708 ὃ·
1932 1667 2116 1710 riwes-airko
2136 1672 2192 1708 ἐπὶ
2221 1674 2282 1708 ’τοῦ
2295 1670 2423 1719 ἐδάφες

1385 1716 1522 1774 κοίθηῖ).
1581 1724 1630 1762 'Er
1658 1724 1677 1772 5
1717 1728 1792 1764 ταῖς
1820 1721 1967 1776 Hgtoc'pets
1997 1721 2212 1775 θυγκθξοῖο-ιν
2241 1722 2423 1775 inquio-ue

1386 1773 1418 1811 ‘t'
1448 1773 1487 1813 Σίν
1522 1789 1572 1818 τις
1604 1782 1637 1830 ⁵9
1668 1774 1805 1816 eale-ao
1842 1776 1941 1816 aare?
1967 1781 2024 1817 τοῦ
2051 1780 2188 1831 xnsgxt‘s
2219 1778 2286 1817 ear>
2325 1776 2425 1829 qidba'.

1388 1829 1462 1873 Posi
1476 1830 1643 1868 Laodicen
1655 1832 1697 1879 est
1706 1832 1860 1870 fulcrum
1873 1832 2060 1881 lapideum,
2069 1837 2122 1870 cui
2133 1845 2276 1871 aeneum
2287 1833 2429 1871 labrum

1387 1879 1581 1928 impofitum
1605 1881 1648 1930 est
1669 1899 1679 1920 .·
1718 1884 1866 1931 Medusa
1895 1893 2042 1933 utraque
2069 1897 2181 1921 manu
2199 1883 2363 1931 fulcrum
2385 1883 2427 1921 id

1379 1930 1552 1978 sustinens
1572 1932 1609 1968 in
1628 1933 1697 1969 imo
1715 1933 1782 1980 solo
1797 1934 1903 1981 sedet.
1958 1941 2059 1971 Hanc
2078 1935 2186 1971 etiam
2206 1934 2298 1971 inter
2320 1935 2426 1972 Pria-

1390 1984 1442 2017 mt'
1442 1979 1538 2025 filias
1551 1985 1806 2028 numeraverit,
1827 1983 2074 2034 quiHimeraei
2086 1988 2212 2022 Po'e‘tae
2230 1985 2425 2022 Canticum

1390 2031 1554 2069 audierit.
1609 2033 1765 2071 Hecuba
1785 2046 1875 2073 vero
1898 2034 2076 2073 Medusae
2104 2044 2244 2080 mater,
2272 2047 2359 2073 cum
2386 2038 2426 2073 in

1391 2080 1591 2120 Thraciam
1617 2086 1761 2129 captiva
1778 2084 2018 2123 abduceretur
2032 2113 2043 2130 ‚
2068 2085 2192 2135 ibique
2202 2097 2286 2132 prae
2306 2085 2426 2123 nimio

1391 2131 1522 2170 dolore
1544 2135 1706 2173 Graecos
1728 2147 1860 2173 omnes
1880 2135 1964 2173 diris
1987 2137 2024 2172 &
2047 2135 2248 2173 maledic‘tis
2267 2136 2428 2183 impete-

1392 2192 1446 2219 ret
1461 2210 1471 2226 ,
1502 2185 1677 2232 lapidibus
1700 2186 1828 2222 obruta
1851 2186 1911 2222 est.
1963 2185 2010 2222 Et
2021 2186 2106 2233 quia
2120 2194 2298 2234 perpetuo
2309 2186 2427 2224 Grae-

1393 2233 1441 2267 cis
1462 2233 1664 2277 allatraret,
1693 2245 1774 2272 eam
1799 2234 1878 2281 post
1899 2233 2044 2273 obitum
2071 2236 2110 2274 in
2129 2247 2261 2274 canem
2281 2236 2424 2276 versam

1390 2280 1584 2321 finxerunt.
1613 2284 1758 2323 Plautus
1781 2286 2038 2323 Menaechmis
2056 2285 2102 2324 de
2123 2287 2220 2336 ipsa:

1442 2347 1573 2383 Omnia
1594 2347 1690 2384 mala
1705 2347 1880 2396 ingerebat
1897 2363 2109 2400 quemquam
2126 2353 2306 2400 aspexerat
2318 2381 2330 2400 ‚

1446 2402 1570 2447 Itaque
1587 2398 1668 2434 adeo
1681 2398 1761 2447 jure
1780 2409 1891 2448 coepta
1911 2400 1955 2448 est
1976 2401 2144 2450 appellari
2163 2403 2270 2441 canis.

1396 2461 1543 2501 Tullius
1568 2463 1711 2501 lib.111.
1749 2463 1948 2503 Tusculan.
2003 2466 2178 2504 Hecubam
2205 2481 2335 2518 quoque
2360 2472 2428 2519 pul

1395 2524 1477 2551 tant
1504 2514 1589 2562 fingi
1613 2524 1746 2562 propter
1775 2516 1890 2552 animi
1915 2516 2139 2554 acerbitatem
2168 2520 2349 2567 quandam
2383 2529 2426 2559 θ’

1394 2564 1525 2602 rabiem
1547 2566 1584 2601 in
1605 2577 1724 2601 canem
1748 2567 1947 2615 conversam
1963 2594 1974 2610 ,
1998 2567 2036 2603 ob
2054 2577 2316 2607 tantaseytam
2332 2569 2427 2606 mul·

1394 2615 1522 2664 tiplices
1547 2615 1765 2653 calamitates
1796 2620 1920 2663 opinor.
1975 2617 2155 2665 Idemque
2195 2619 2425 2666 Lycophron

1393 2666 1429 2703 in
1461 2663 1653 2703 Cassandra
1678 2693 1688 2710 ‚
1739 2666 1835 2705 Naso
1864 2667 1938 2715 ipse
1963 2666 2024 2704 lib.
2044 2679 2133 2704 xxx1.
2171 2669 2426 2718 Metamorph.

1395 2717 1565 2765 Hyginus
1591 2717 1660 2753 fab.
1677 2729 1742 2753 111.
1770 2716 2020 2765 prodiderunt.
2075 2719 2335 2765 Quamobrem
2358 2721 2427 2759 Pa-

1394 2767 1438 2804 ris
1460 2767 1637 2804 Hecubae
1664 2766 1756 2804 filius
1786 2770 1951 2812 ‘rs'uvaesc
1969 2768 2068 2807 ›emb-3
2082 2769 2177 2813 filius
2199 2772 2292 2808 canis
2313 2783 2427 2810 voca-

1393 2825 1450 2855 tur
1467 2816 1650 2855 Dosladae
1672 2818 1708 2854 in
1731 2817 1805 2853 Ara
1827 2817 1994 2856 secunda.
2050 2819 2152 2857 Hinc
2173 2823 2334 2859 tumulus
2346 2823 2426 2865 Ηε-ἐ,

1395 2869 1508 2905 cubae
1528 2869 1626 2907 κυνὸς
1650 2869 1748 2913 citez
1770 2866 1883 2906 dietus
1899 2897 1910 2913 ,
1939 2870 2041 2918 cujus
2070 2872 2275 2908 meminere
2296 2872 2424 2910 Strabo

1394 2918 1453 2955 lib.
1474 2931 1561 2956 xxxi.
1589 2919 1722 2955 Plinius
1750 2918 1809 2955 lib.
1830 2931 1882 2955 iv.
1902 2931 1978 2967 cap.
2008 2932 2061 2958 11.
2101 2921 2244 2958 Solinus
2266 2934 2344 2970 cap.
2369 2924 2426 2962 16.

1397 2970 1498 3007 Mela
1520 2969 1580 3006 lib.
1603 2981 1646 3005 ιι.
1681 2980 1757 3016 cap.
1781 2981 1814 3005 2.
1853 2970 1980 3007 Pollux
2007 2971 2067 3008 lib.
2087 2984 2122 3007 v.
2161 2983 2237 3018 cap.
2260 2986 2291 3018 ς.
2328 2974 2426 3011 Am-

1395 3021 1536 3057 mianus
1566 3020 1800 3057 Marcellinus
1827 3020 1887 3057 lib.
1909 3033 2005 3059 xxxx.
2034 3022 2294 3070 Thucydides,
2324 3024 2427 3062 Sabi-

1393 3083 1460 3109 nus
1482 3070 1645 3119 Sophilla
1660 3097 1671 3115 ‚
1701 3070 1846 3116 Suidas,
1875 3073 1913 3109 δε
1939 3072 2123 3110 Ausonius
2138 3072 2211 3110 hoc
2232 3073 2427 3123 Epigramq

1395 3130 1518 3160 mate:

1445 3192 1546 3240 Quae
1566 3190 1691 3240 Regina
1704 3193 1788 3239 fui,
1815 3206 1903 3242 quae
1921 3192 2011 3230 claro
2031 3206 2118 3231 nata
2141 3201 2346 3245 Dymante,

1493 3243 1595 3291 Qtae
1612 3244 1750 3283 Priami
1768 3245 1914 3294 conjux,
1942 3246 2086 3284 Hectora
2105 3260 2191 3296 quae
2208 3251 2322 3299 genui.

2356 3299 2427 3339 Hic
