2547 3708
701 164 835 211 PER
875 160 920 222 J.
969 162 1027 210 M
1066 162 1103 209 A
1145 165 1175 210 S
1213 163 1241 212 S
1280 167 1326 212 O
1364 166 1433 214 N,
2069 176 2125 240 83

98 277 141 309 z.
176 257 347 307 Eadem
385 252 537 301 nostra
568 251 788 298 sententia
823 249 972 296 valide
1005 251 1088 310 Ep.
1113 252 1251 298 XIII.
1276 256 1375 299 Lib.
1403 256 1484 303 111³.
1519 270 1575 302 ex
1609 256 1765 303 Ponto
1802 258 2130 321 confirmatur,

32 326 112 375 etfi
136 325 210 371 Cl.
238 320 454 369 Norifius
477 317 583 364 inde
604 315 702 363 suae
725 314 878 361 causae
900 314 1146 362 subsidium
1173 330 1314 378 petat.
1384 319 1583 366 Ovidius
1615 323 1736 367 enim
1764 322 1934 369 ibidem
1960 341 2127 379 annum

28 385 424 438 exfiliimanifeste
443 381 649 446 designat
671 396 784 428 vers.
814 393 977 443 3940.
2031 395 2034 401 ·

159 496 254 506 --
288 465 372 511 Sed
392 462 593 523 mejam,
630 463 764 518 Care,
796 461 959 517 nivali,

157 531 296 579 Sexta
318 530 540 589 relngmm
564 525 726 572 bruma
734 525 816 586 sub
841 540 920 569 axe
941 523 1072 568 videt.

30 610 247 674 Superius
282 619 434 654 autem
471 596 626 650 obitus
650 600 856 664 Augusti,
890 616 941 646 ac
972 600 1255 649 successionis
1281 602 1436 650 Tiberii
1470 608 1752 653 mentionem
1787 602 2043 671 injecerat,
2076 609 2133 656 de

27 674 182 722 libello
207 673 426 735 loquens,
460 684 596 731 quem
623 671 669 712 in
693 665 928 728 utriusque
954 664 1132 712 laudem
1149 667 1327 714 Getico
1347 669 1553 716 sermone
1572 670 1832 735 scripserat,
1870 687 1919 719 ut
1944 674 2144 722 inferius,

25 739 79 789 ad
102 739 192 785 An.
215 736 365 788 U.‚C.
390 730 751 781 DCCLXVII.
787 729 1012 792 prolixius
1034 730 1342 779 ostendemus.

90 803 244 867 Igitur
275 800 432 857 hiems,
466 812 603 860 quam
638 794 840 842 Ovidius
864 793 1036 856 fixtam
1070 793 1134 841 sui
1167 796 1312 842 exsilii
1346 812 1513 857 vocat„
1543 815 1594 846 ea
1624 813 1748 859 erat,
1785 817 1897 864 quae
1928 803 2133 866 Augusti

24 880 222 914 mortem
249 864 400 911 secuta
432 861 523 918 est,
557 859 604 905 id
629 857 722 916 est,
756 873 869 921 quae
890 873 946 903 eo
976 874 1098 904 anno
1130 874 1355 919 exeunte,
1392 879 1485 926 quo
1509 863 1746 926 Augustus
1772 865 1915 912 XIX.
1942 868 2129 914 Sextilis

23 932 174 990 obiit,
208 929 393 992 coepit,
427 927 496 972 uti
522 923 644 971 recte
673 921 994 970 Illustriffimus
1020 923 1237 970 Norisius
1260 925 1480 974 observat.
1517 928 1696 974 Verum
1733 930 1847 975 male
1879 930 1940 977 fic
1965 932 2132 978 exinde

24 987 350 1042 ratiocinatur:
386 990 621 1050 „Qare,
655 989 836 1051 inquit,
870 988 1066 1050 primam
1093 987 1291 1035 hiemem
1317 991 1363 1037 in
1387 991 1549 1039 exsilio
1577 994 1779 1040 Pontico
1807 995 1906 1057 egit
1931 996 2134 1043 Ovidius

24 1094 60 1120 „
96 1061 189 1106 An.
209 1058 275 1105 U.
298 1055 355 1102 C.
384 1054 692 1118 DCCLXII.
729 1067 835 1112 cum
877 1051 1223 1114 praecedentem
1261 1055 1457 1102 hiemem
1491 1056 1640 1102 mense
1664 1059 1887 1105 Decembri
1919 1075 1975 1106 ex
2001 1062 2136 1107 Italia

23 1159 58 1185 „
91 1122 353 1181 discedenti,
387 1121 434 1166 in
457 1119 661 1183 longiori
685 1117 848 1164 itinere
867 1116 947 1163 sub
973 1117 1181 1165 custodia
1202 1121 1248 1165 in
1262 1121 1465 1166 Pontum
1488 1120 1786 1183 deportatus,
1822 1123 2135 1172 consumserit.

18 1204 32 1219 ·
88 1186 304 1236 Profecto
334 1201 440 1233 cum
475 1183 653 1231 Noster
685 1181 727 1229 se
759 1198 815 1228 eo
852 1181 1002 1228 mense
1041 1183 1266 1230 Decembri
1300 1184 1514 1247 jaftatum
1537 1188 1760 1233 Adriatico
1796 1189 1906 1233 mari
1938 1187 2133 1245 scribat;

27 1254 138 1300 hinc
163 1251 383 1314 colligere
404 1248 467 1296 fas
480 1248 544 1295 est
558 1263 691 1306 ,eum
716 1264 811 1293 non
831 1245 1028 1310 potuisse
1052 1247 1215 1295 eodem
1240 1249 1389 1295 mense
1406 1251 1559 1296 Roma
1579 1249 1824 1310 discedere,
1837 1251 2133 1300 Brundisium

26 1331 209 1382 petere,
244 1315 292 1361 δε
313 1313 419 1360 inde
441 1313 628 1360 solvere.
696 1312 828 1371 Qun
850 1313 986 1358 etiam
1007 1311 1192 1359 asserere
1214 1313 1325 1360 licet
1341 1348 1355 1372 ,
1389 1329 1494 1361 eum
1514 1316 1610 1378 jam
1636 1316 1682 1360 in
1704 1314 1850 1362 exsilii
1873 1317 1980 1363 loco
2003 1317 2136 1363 fuiffe

27 1381 176 1430 mense
198 1381 426 1426 summum
452 1379 668 1439 Januario
687 1389 913 1435 exeunte,
948 1389 1086 1438 atque
1117 1378 1231 1424 adeo
1262 1379 1458 1441 aliquam
1490 1380 1664 1442 primae
1694 1379 1858 1426 hiemis
1888 1392 2065 1444 partem
2090 1383 2138 1428 in

26 1447 184 1493 Ponto
206 1443 427 1507 exegisse,
463 1459 576 1506 quae
597 1443 644 1488 in
667 1455 905 1488 numerum
931 1441 1110 1489 Ovidio
1135 1444 1293 1491 venire
1313 1443 1489 1490 debuit.
1556 1445 1790 1491 Praeterea
1814 1460 1940 1492 mens
1962 1447 2136 1493 Poetae

27 1511 114 1557 illis
136 1509 284 1558 verbis
316 1508 406 1554 fuit
440 1523 491 1553 ac
524 1506 766 1554 confilium
802 1505 1065 1565 ostendere,
1101 1508 1320 1570 quamdiu
1354 1521 1455 1555 tum
1479 1508 1728 1556 exsulasset.
1797 1510 1947 1572 Atqui
1971 1527 2134 1572 parum

25 1587 130 1638 apte
151 1574 198 1620 id
217 1573 501 1637 designaret,
537 1571 568 1618 fi
593 1570 778 1633 quidem
804 1583 982 1633 praeter
1000 1571 1082 1633 fi’x
1105 1572 1199 1619 illas
1220 1574 1424 1633 hiemes,
1453 1573 1510 1619 ab
1533 1575 1623 1623 An.
1648 1573 1714 1621 U.
1737 1573 1793 1620 C.
1817 1573 2134 1623 DCCLXII.

11 1639 354 1706 praecipitante
375 1640 507 1700 juxta
533 1634 776 1683 Norifium
798 1635 1091 1699 supputatas,
1127 1637 1406 1701 transegisset
1432 1638 1584 1685 adhuc
1619 1639 1668 1684 in
1700 1638 1845 1685 exsilii
1878 1638 1984 1685 loco
2017 1638 2135 1702 ejus·

25 1703 129 1750 dem
164 1703 268 1750 anni
294 1703 622 1760 Autumnum,
657 1699 939 1760 AEstatem,
974 1716 1026 1746 ac
1059 1701 1185 1760 Ver,
1219 1703 1315 1748 imo
1344 1701 1375 1749 fi
1403 1719 1547 1749 unum
1581 1703 1775 1765 amplius
1810 1719 1981 1750 annum
2015 1705 2135 1749 inte-

27 1783 192 1833 grum,
224 1767 281 1814 ab
307 1772 396 1814 An.
422 1765 706 1813 DCCLXI.
732 1765 1015 1823 Decembri,
1048 1765 1174 1812 exsul
1196 1766 1361 1814 fuisset.
1397 1768 1560 1830 Itaque
1585 1767 1736 1814 multo
1762 1766 2048 1829 expeditius,
2081 1783 2134 1814 ac

26 1834 137 1880 huic
170 1833 276 1878 loco
301 1832 646 1885 convenientius
675 1828 740 1876 est
771 1830 950 1890 dicere,
988 1829 1223 1878 Nasonem
1255 1831 1426 1878 ibidem
1455 1830 1747 1896 significare,
1773 1832 1998 1891 hiemem,
2032 1832 2138 1894 post

27 1895 230 1959 >Augusti
251 1895 476 1942 decessum
498 1896 715 1957 proxime
735 1893 1085 1953 succedentem,
1121 1897 1208 1942 effe
1227 1894 1370 1942 exsilii
1382 1897 1578 1959 fhxtam,
1613 1896 1668 1943 ab
1690 1912 1746 1942 eo
1769 1908 2004 1959 tempore,
2039 1913 2134 1960 quo

28 1977 88 2008 ex
110 1960 244 2007 Urbe
257 1961 415 2006 Roma
436 1958 685 2004 discess‘erat
707 1960 881 2017 Poeta,
915 1974 1195 2006 numeratam
1215 1983 1229 2017 3
1267 1974 1403 2022 atque
1428 1960 1604 2007 idcirco
1620 1961 1851 2006 Nostrum
1877 1975 2029 2005 revera
2053 1977 2137 2006 an·

29 2040 91 2071 no
118 2025 179 2070 U.
204 2023 262 2069 C.
295 2022 614 2071 DCCLXIL
639 2021 870 2068 desinente
900 2023 947 2066 in
978 2022 1186 2069 exsilium
1220 2024 1401 2079 abiisse3
1439 2024 1805 2086 quandoquidem
1830 2023 1955 2086 st’xm
1988 2024 2134 2070 hiems

29 2088 87 2147 ab
111 2104 230 2134 anno
256 2087 318 2135 U.
344 2087 401 2151 C:
424 2085 789 2134 DCCLXVH.
825 2099 1023 2132 exeunte
1049 2099 1171 2134 retro
1192 2087 1436 2151 supputata
1459 2103 1568 2134 cum
1593 2087 1667 2134 illa
1694 2090 1799 2134 anni
1823 2087 2138 2134 DCCLXII.

29 2153 270 2200 coincidit.
851 2179 857 2181 —

12 2232 16 2233 ⁷
101 2231 141 2280 3.
179 2217 307 2264 Idem
347 2211 473 2278 patet
504 2229 564 2278 ex
596 2213 782 2259 Tiberii
816 2214 1060 2277 triumpho
1096 2215 1152 2261 de
1189 2216 1435 2261 Pannoniis
1462 2214 1804 2278 Dalmatisque,
1837 2232 1958 2262 anno
1985 2215 2051 2263 U.
2075 2215 2134 2263 C.

7 2280 342 2336 JDCCLXV.
376 2278 660 2342 exspirante,
695 2290 749 2324 ut
783 2276 966 2340 ipsimet
989 2278 1213 2325 Calvisius
1238 2296 1288 2325 ac
1315 2280 1531 2328 Norifius
1556 2281 1615 2343 (a)
1643 2280 1934 2340 concedunt,
1968 2280 2138 2339 dusto,

32 2348 80 2393 δί
105 2348 276 2393 Poetae
296 2357 581 2402 memorato,
616 2359 723 2389 cum
741 2345 835 2405 jam
861 2354 1058 2404 quartum
1079 2343 1224 2391 exsilii
1249 2348 1510 2392 Autumnum
1536 2344 1744 2404 vidiffet,
1779 2362 1829 2392 ac
1855 2355 2007 2407 quarta
2031 2344 2138 2391 fati-

3 2463 10 2466 >
33 2406 161 2476 garet
184 2412 309 2457 hiems
325 2444 341 2468 ,
376 2410 444 2456 uti
471 2407 609 2456 fufius
634 2406 686 2453 ad
712 2423 816 2453 eum
842 2423 1008 2453 annum
1032 2407 1315 2455 docebimus.
1385 2411 1547 2457 Hiems
1568 2423 1751 2469 autem,
1786 2426 1901 2473 quae
1922 2409 2050 2455 illum
2072 2408 2137 2454 se-

32 2489 142 2522 cuta
162 2474 226 2522 est
248 2474 568 2537 triumphurn,
602 2473 693 2518 dici
720 2483 873 2534 quarta
897 2471 1043 2518 exfilii
1065 2474 1502 2538 Ovidianiffiequit,
1535 2473 1618 2521 nifi
1644 2475 1820 2522 Noster
1840 2490 1959 2521 anno
1986 2473 2050 2520 U.
2075 2472 2136 2518 C.

34 2539 343 2588 DCCLXlI.
381 2539 606 2601 relegatus
631 2537 784 2584 fuerit.

98 2621 144 2664 4.
180 2605 394 2667 Denique
422 2604 514 2649 hoc
536 2601 682 2666 ipsum
706 2600 1045 2648 demonstratur
1067 2618 1123 2649 ex
1146 2603 1277 2650 Bello
1302 2603 1586 2650 Germanico
1614 2602 1786 2649 cladem
1815 2604 2052 2651 Varianam
2072 2600 2136 2647 se·

37 2681 150 2714 curo
166 2700 181 2725 ,
214 2671 344 2732 cujus
368 2668 500 2715 Naso
522 2667 734 2714 meminit
759 2664 881 2728 Trist.
907 2668 1006 2713 Lib.
1031 2669 1096 2713 II.
1131 2684 1268 2729 quem
1294 2667 1441 2714 statim
1457 2701 1484 2726 ,v
1508 2685 1560 2714 ac
1590 2668 1644 2713 ad
1668 2668 1813 2714 exsilii
1850 2670 2004 2713 locum
2031 2681 2137 2728 per-

37 2738 253 2790 venerat,
287 2732 501 2795 Augusto
525 2730 731 2795 scripsit,
765 2743 818 2777 ut
840 2731 962 2795 apud
996 2747 1101 2778 eum
1128 2733 1201 2779 sua
1225 2731 1478 2779 vindicaret
1513 2734 1730 2791 crimina,
1765 2747 1960 2795 quorum
1992 2729 2138 2777 caussa

0 2825 16 2857 χ
36 2794 281 2843 exsulabat.
349 2796 527 2843 Ibidem
562 2799 682 2844 enirn
718 2809 829 2844 vota
857 2814 944 2861 pro
981 2797 1073 2843 hoc
1107 2798 1320 2862 Principe
1350 2797 1639 2862 Tiberioque
1674 2797 1893 2856 fiandens,
1928 2797 1990 2842 ait
2025 2809 2139 2842 vers.

9 2895 16 2901 .
44 2858 272 2925 169-178.
557 2923 566 2934 .

167 2940 236 2986 Sic
255 2937 411 2998 affitem
429 2939 514 2983 tuis
525 2937 684 2998 sbmper
703 2939 913 2988 Vi&oria
930 2939 1071 3002 castris

189 3030 199 3035 -
236 3003 385 3048 Nunc
410 3017 559 3062 quoque
570 3002 618 3062 st?
631 3004 836 3063 praestet,
869 3017 1042 3067 notaque
1051 3009 1174 3067 figna
1187 3012 1332 3067 petat:

169 3065 502 3126 Ausoniumque
527 3066 711 3111 Ducem
719 3066 857 3126 fhlitis
880 3073 1142 3117 circumvolet
1166 3073 1271 3119 alis:

166 3138 168 3141 ’
230 3132 374 3178 Ponat
397 3131 452 3184 [9⁹
479 3133 523 3176 in
543 3131 678 3177 nitida
695 3132 846 3179 {aurea
856 3133 975 3196 ftrta
1000 3138 1126 3184 Coma
1140 3157 1159 3195 3
2052 3191 2096 3239 P

1289 3199 1335 3250 L
1371 3208 1400 3246 2,
2098 3208 2142 3242 er

67 3326 71 3331 .
105 3287 164 3342 (a)
192 3284 257 3332 De
274 3287 427 3332 Cenot.
451 3287 526 3333 Pis.
545 3302 631 3347 pag.
653 3301 744 3346 323.
