2547 3708
804 165 828 224 Ι
975 167 1024 222 Β

1169 166 1193 222 Ι
1336 166 1388 222 S·

2079 188 2169 222 121

353 278 499 333 Neve
517 268 778 329 venenato
800 269 965 323 levius
989 266 1191 322 feriaris
1219 266 1281 318 ab
1298 279 1498 335 angue,

196 412 200 415 ,
425 350 604 421 Quam
630 344 762 398 senis
782 341 992 412 ‘Oeagri
1020 339 1394 408 Calliopesque
1421 350 1611 396 nurus3

211 426 316 496 485
356 424 532 495 Quam
561 435 692 489 puer
719 413 1062 487 Hypsipyles:
1103 427 1262 482 quam
1287 413 1377 480 qui
1401 426 1528 463 cava
1552 405 1750 478 primus
1776 406 1929 460 acuta

432 491 666 564 Cuspide
693 485 913 558 suspecti
939 484 1132 538 robora
1156 482 1272 536 fixit
1300 481 1441 552 equi.

64 722 151 762 {inis
168 716 365 758 concubitu
385 710 596 764 peperisset,
628 709 666 745 &
686 706 791 754 Regii
810 705 955 753 pecoris
978 703 1098 742 custo-

71 773 173 811 dibus
195 770 244 807 ob
271 777 413 805 metum
443 763 549 811 patris
570 760 661 796 clam
683 756 912 794 educandum
939 754 1099 792 tradidis-

70 823 144 865 set,
175 818 396 868 negligentia
425 814 604 861 pastorum
626 809 647 845 a
683 806 831 845 canibus
860 806 1096 845 dilaceratum

73 873 185 912 refert
210 869 394 909 Pausanias
414 865 449 901 in
469 862 620 899 Atticis:

456 932 582 972 Viridis
602 944 685 967 nam
708 929 823 979 cespite
840 938 952 965 terrae

127 994 316 1042 Projec‘lum
338 999 484 1030 temere,
512 995 555 1024 ω·
576 981 696 1031 patulo
730 980 856 1017 coelum
883 991 936 1015 ore
956 976 1098 1015 trahen-

180 1054 249 1081 tem

122 1093 216 1135 Dira
238 1103 364 1129 canum
386 1087 496 1126 rabies
515 1083 628 1130 morfic
648 1081 781 1132 depasta
800 1087 938 1117 cruento

127 1143 292 1192 Discidit.

74 1234 118 1265 ut
146 1225 244 1263 canit
270 1223 424 1265 Statius,
451 1218 514 1269 qui
544 1216 748 1254 luculenter
769 1212 953 1252 historiam
978 1211 1101 1259 prose-

76 1278 199 1325 quitur
223 1276 280 1312 lib.
299 1285 326 1311 1.
354 1269 584 1310 Thebaidos.
619 1266 777 1304 Memini
805 1272 929 1301 autem
960 1273 1020 1299 me
1051 1262 1102 1299 le-

72 1337 159 1375 gere
182 1326 327 1362 Linum
353 1321 574 1370 appellatum
590 1344 602 1361 ‚
629 1317 729 1366 quod
768 1313 916 1363 antiqua
936 1312 1100 1361 Argivo-

72 1387 154 1414 rum
172 1373 298 1423 lingua
316 1401 327 1418 ,
363 1374 478 1409 Linus
510 1370 667 1417 spurium
690 1365 873 1415 fignificat.
927 1363 987 1400 Ad
1013 1374 1099 1400 ean-

71 1425 158 1464 dem
180 1425 366 1463 historiam
386 1422 543 1470 pertinet
563 1417 681 1455 versus
704 1428 786 1465 575.
814 1426 897 1453 curn
916 1414 1027 1451 tribus
1047 1414 1100 1451 se·

72 1476 280 1526 quentibus.
335 1473 530 1511 SALVAGN.
558 1468 746 1506 Illustravit
765 1468 836 1503 hoc
856 1466 953 1502 idern
968 1463 1099 1501 (1οᾶ11·-

74 1527 185 1565 fimus
208 1524 361 1564 Loe'nfis
374 1522 510 1560 xMisc.
530 1519 660 1570 Epiph.
673 1530 705 1567 3.
731 1517 824 1555 adde
842 1516 1100 1554 Conon.Nar-

79 1586 145 1616 rat.
163 1589 240 1615 xxx.

124 1627 209 1674 483.
237 1632 336 1665 Neve
350 1620 558 1671 venenato]
584 1619 818 1669 Eurydicen,
847 1627 1002 1655 uxorem
1027 1617 1100 1655 Or-

72 1679 184 1729 phei,
209 1677 253 1716 ab
279 1671 626 1725 anguegpercuffam
644 1699 653 1714 ,
673 1673 802 1718 tangit.
855 1669 1101 1714 INTERRRES.

74 1729 259 1777 Eurydice
285 1738 379 1765 uxor
401 1725 566 1772 Orphei,
594 1733 688 1772 quae
710 1721 833 1758 morsu
856 1720 1026 1767 serpentis
1048 1719 1102 1755 in-

72 1781 171 1818 teriit
184 1807 195 1822 ,
220 1787 262 1816 vut
281 1778 352 1816 late
371 1775 600 1825 prosequitur
620 1771 793 1820 Virgilius
814 1770 878 1807 lib.
899 1782 955 1808 xv.
982 1769 1104 1806 Geor·

73 1833 145 1880 gie.
158 1829 315 1867 Ovidius
337 1826 526 1873 ipselib.x.
552 1811 972 1868 Metamorph.J0annes
986 1820 1104 1857 Tzet-

75 1892 137 1918 zes
164 1881 244 1917 chil.
266 1878 529 1924 11.Histor.54.
555 1876 802 1918 ἓιλληγορικῶς
821 1870 1103 1918 Fulgentiuslib.

78 1942 147 1968 111.
172 1929 384 1978 Mytholog.
412 1929 556 1964 Nurum
578 1926 668 1962 dixit
685 1923 821 1970 Oeagri
845 1921 1077 1968 &Calliopes
1095 1947 1105 1963 ,

77 1990 238 2029 quorum
260 1977 351 2015 filius
371 1977 542 2024 Orpheus
563 1975 767 2022 Apollonio
788 1972 876 2009 teste
895 1972 957 2008 lib.
978 1983 1005 2006 1.
1033 1971 1104 2007 Ar-

77 2037 230 2078 gonaut.
259 2026 490 2074 Apollodoro
510 2026 569 2061 lib.
583 2037 610 2061 1.
638 2023 827 2060 Pausanias
841 2023 877 2058 in
890 2020 1101 2064 Boeoticis,

81 2082 121 2117 &
139 2080 214 2116 aliis
234 2078 370 2126 paffim.
423 2076 624 2112 Simiou.

127 2129 210 2176 485.
239 2130 359 2175 Quam
371 2135 453 2174 puer
476 2122 705 2173 Hypfipyles.]
736 2121 1011 2158 Archemorum
1025 2126 1104 2156 tan-

79 2181 155 2229 git,
177 2179 294 2216 filium
318 2175 504 2223 Lycurgi,
532 2185 642 2222 quem
665 2173 818 2209 nutrivit
835 2170 1062 2218 Hypsipyle,
1088 2169 1108 2206 a

78 2233 241 2279 serpente
260 2227 495 2265 interfectum
510 2251 520 2268 ,
547 2224 649 2273 quod
673 2223 760 2258 dicit
782 2221 927 2257 Statius.
963 2221 1108 2256 INTER·

80 2293 190 2319 pnes.
217 2279 300 2316 Fuit
316 2278 344 2314 is
367 2275 545 2324 Opheltes
569 2274 729 2322 Lycurgi
754 2270 844 2308 filius
862 2298 872 2315 ,
900 2270 1110 2307 Archemo-

80 2343 138 2370 rus
159 2329 279 2380 postea
298 2325 412 2365 dietus
425 2354 436 2371 ‚
461 2336 575 2373 quem
593 2335 718 2371 parurn
734 2322 924 2370 diligenter
957 2320 1001 2357 ab
1026 2320 1110 2367 Hy-

79 2381 216 2430 psipyle
229 2380 370 2417 nutrice
399 2376 620 2414 custoditum
654 2373 803 2410 coluber
829 2372 1041 2413 interemit,
1067 2378 1108 2406 ut

83 2438 225 2470 narrant
244 2427 493 2476 Apollodorus
519 2425 578 2463 lib.
593 2424 838 2472 111.Hyginus
859 2422 929 2458 fab.
944 2432 1000 2466 74.
1016 2421 1107 2457 Pau-

80 2482 240 2520 saniasin
253 2478 516 2519 Corinthiacis,
546 2475 667 2512 &fuse
680 2474 852 2520 Papinius
879 2473 939 2508 lib.
952 2483 987 2507 V.
1001 2471 1106 2507 The-

81 2532 176 2570 baid.
202 2532 238 2568 in
261 2531 337 2579 ejus
357 2529 541 2566 honorem
563 2525 638 2563 ludi
670 2524 807 2562 Nemei
826 2522 988 2561 instituti.
1017 2521 1108 2558 Sar.-

85 2593 205 2620 vasu.

132 2633 216 2680 486.
227 2630 370 2679 Cuspide
383 2626 560 2679 suspecti]
591 2627 774 2664 Laocoon
786 2623 971 2669 Troianus
984 2623 1109 2661 Sacer·

86 2683 152 2720 dos
168 2683 302 2730 primus
325 2681 490 2730 percuffit
508 2691 646 2729 equum
672 2675 818 2713 Palladis
832 2704 841 2719 ,
868 2686 978 2723 quem
994 2674 1109 2711 Grae·

10 2759 14 2762 -
85 2734 120 2770 ci
140 2732 408 2770 construxerant
429 2759 439 2775 ,
468 2732 505 2767 &
533 2730 552 2766 a
574 2727 795 2775 serpentibus
818 2727 1005 2763 dilaniatus
1023 2726 1080 2762 estv
1096 2751 1106 2767 ,

84 2783 174 2821 dum
196 2781 403 2819 sacrificaret
423 2782 504 2818 Diis
529 2782 562 2817 in
585 2777 989 2824 Tene'doinsulajuxta
1004 2777 1106 2813 Tro-

80 2833 173 2884 Jam.
226 2831 421 2869 lunum.
460 2832 643 2867 Laocoon
680 2828 861 2874 Apollinis
907 2827 1101 2871 Sacerdos,

84 2884 149 2932 qui
170 2879 273 2931 quod
293 2881 428 2927 primus
447 2892 583 2929 equum
598 2880 787 2917 durateum
813 2877 942 2914 Palladi
966 2877 1101 2914 sacrum

85 2938 184 2972 terro
212 2931 350 2967 violare
371 2929 470 2966 ausus
491 2928 598 2974 esset,
626 2929 647 2966 a
672 2929 814 2966 duobus
845 2927 1064 2974 serpentibus
1086 2926 1106 2964 ὲ

88 2981 251 3021 Tenedo
274 2979 573 3022 advenientibus,
602 2991 672 3016 una
695 2975 778 3015 cu‘m
802 2978 882 3015 filiis
901 2978 1108 3024 Antiphan-

86 3041 126 3072 te
147 3030 441 3077 &Thymbraeo
455 3056 466 3073 ,
488 3028 682 3066 devoratus
695 3029 756 3065 est.
806 3028 919 3065 Unde
939 3028 1112 3076 Virgilius

90 3084 150 3171 gb.
171 3094 214 3121 xx.
237 3081 386 3120 AEneid.
412 3091 488 3129 quo
519 3077 706 3116 Nasonem
735 3076 925 3125 respexisse
947 3090 1024 3116 non
1047 3077 1114 3116 du—

119 3141 190 3173 lto..

99 3229 108 3234 ,
421 3194 529 3232 Scelus
550 3191 732 3242 expendisse
753 3201 936 3228 merentem

146 3250 331 3285 Laocoonta
348 3247 491 3293 strunt,
511 3246 654 3294 sacrum
674 3244 734 3293 qui
755 3240 885 3289 cuspide
901 3241 1001 3279 robur

2031 551 2182 606 Neve

1206 700 1356 749 Laosbrit
1369 728 1379 745 ‚
1406 710 1450 740 (θ’
1468 709 1558 749 tergo
1572 699 1774 748 sceleratam
1793 698 1962 748 intorserit
1985 698 2135 745 hastam.

1155 771 1313 808 Narrant
1334 770 1423 806 item
1455 768 1646 805 Petronius
1667 769 1701 806 in
1725 769 1914 817 Satyrico,
1943 768 2095 807 Calaber
2113 781 2186 805 παι-

1156 822 1418 865 ρκλειπομένοις
1437 846 1448 861 ,
1476 820 1538 867 qui
1551 818 1730 866 serpentes
1752 820 1891 857 Porcen
1906 821 1943 856 &
1957 820 2184 857 Charibaean

1154 873 1338 908 nominat.
1367 870 1596 918 Lycopiiron
1619 869 1724 906 solius
1736 869 1872 908 Porcae
1884 871 2068 908 meminit.
2094 871 2185 908 Sar.-

1156 934 1248 959 volo.

1205 973 1291 1017 487.
1322 978 1420 1008 Neve
1436 968 1605 1018 gradus.]
1633 969 1794 1018 Elpenor
1819 970 1977 1007 nimium
2009 979 2117 1017 potus
2137 970 2184 1008 de

1156 1023 1256 1061 tecto
1281 1022 1425 1059 cecidit.
1478 1020 1674 1058 insama.
1703 1020 1863 1068 Elpenor
1885 1032 1977 1057 unus
1999 1021 2185 1058 sociorum

1154 1074 1313 1121 Ulyffis,
1351 1083 1435 1109 cum
1468 1071 1564 1118 apud
1592 1071 1723 1107 Circen
1755 1071 1799 1107 ad
1828 1070 2042 1108 ebrietatem
2073 1071 2186 1119 usque

1159 1123 1297 1162 bibisset
1322 1150 1331 1166 ,
1370 1122 1415 1158 de
1448 1121 1545 1158 scalis
1571 1120 1683 1167 lapsus
1706 1121 1825 1158 fractis
1845 1122 2045 1158 cervicibus
2067 1123 2190 1159 extin-

1159 1176 1236 1212 c‘tus
1266 1173 1325 1210 est.
1379 1173 1435 1209 Ex
1468 1171 1642 1208 Homero
1670 1169 1799 1219 Odyss.
1831 1184 1863 1208 κ.
1886 1172 1923 1208 &
1944 1176 1981 1208 λ.
2008 1171 2124 1220 Quod
2148 1172 2187 1208 ὃ(

1158 1225 1316 1263 Ovidius
1338 1223 1458 1270 tetigit
1480 1221 1630 1259 lib.x1v.
1658 1221 2188 1270 Metamorph.&Eleg.4.lib.

1158 1289 1221 1313 111.
1260 1274 1369 1312 Trist.
1406 1283 1482 1321 quo
1512 1272 1597 1308 loco
1626 1271 1784 1309 debilem
1820 1271 1986 1310 umbram
2025 1273 2187 1320 hlpeno-

1156 1328 1201 1365 ris
1222 1325 1310 1363 dicit
1331 1323 1351 1361 a
1374 1322 1545 1360 scalarum
1565 1321 1660 1370 lapsu
1680 1323 1716 1359 in
1737 1322 1815 1359 his:

1205 1406 1262 1439 At
1282 1401 1383 1451 miser
1404 1401 1544 1448 Elpenor
1559 1401 1668 1444 ,reolo
1690 1398 1844 1448 delapsus
1865 1399 1909 1437 ab
1928 1401 2015 1447 alto,

1255 1452 1413 1490 Occurrit
1435 1451 1572 1488 domino
1594 1450 1713 1487 debilis
1733 1451 1857 1488 umbra
1869 1456 1945 1500 suo.

1157 1525 1325 1564 sarvie.
1355 1524 1501 1561 Cautior
1525 1523 1677 1560 Moreti.
1706 1523 1742 1560 &
1767 1534 1858 1561 unus
1878 1522 2030 1561 Heinsii.

1206 1576 1291 1623 489.
1320 1581 1472 1623 Tamque
1497 1572 1644 1622 cadas.]
1682 1573 1829 1621 Dryops
1860 1574 2015 1622 populus
2040 1601 2051 1618 ,
2100 1584 2186 1612 cum

1156 1626 1438 1664 Thiodamante
1474 1625 1577 1672 Rege
1599 1624 1642 1660 ab
1667 1624 1827 1661 Hercule
1850 1624 2071 1672 profligatus.
2126 1625 2190 1662 IN-

1161 1690 1306 1715 respa.
1334 1675 1537 1713 Herculem
1560 1675 1703 1718 ferunt,
1731 1686 1816 1712 cum
1841 1674 2039 1723 aliquando
2060 1675 2188 1723 Dryo-

1158 1740 1247 1777 pum
1271 1728 1461 1776 regionem
1476 1754 1487 1770 ‚
1515 1737 1609 1773 quae
1631 1724 1678 1761 est
1705 1725 1809 1773 juxta
1829 1723 2032 1762 Parnassum
2049 1752 2059 1768 ‚
2088 1736 2192 1773 pera-

1158 1787 1300 1826 graret,
1328 1780 1366 1814 &
1401 1778 1562 1814 maxima
1595 1775 1716 1812 inedia
1751 1784 2001 1823 premeretur,
2031 1776 2127 1813 forte
2150 1776 2189 1813 in

1160 1831 1301 1877 Regem
1326 1828 1646 1866 Thiodamantern
1666 1825 1780 1865 bobus
1808 1834 1941 1864 terram
1961 1835 2122 1864 arantem
2136 1826 2193 1863 in·

1159 1877 1301 1922 cidiffe,
1335 1880 1371 1916 &
1393 1878 1584 1915 modicum
1609 1877 1653 1913 ab
1676 1876 1739 1913 illo
1760 1877 1880 1914 cibum
1904 1875 2066 1925 petiifl'e,
2086 1876 2190 1924 quod

1160 1941 1247 1967 cum
1270 1931 1329 1966 ille
1361 1925 1567 1976 denegasset
1589 1954 1600 1969 ,
1639 1927 1839 1963 Herculem
1865 1939 1978 1964 unum
2010 1927 2056 1963 de
2074 1926 2190 1964 bobus

1160 1980 1359 2017 aratoribus
1391 1976 1624 2025 corripuisse,
1653 1988 1815 2024 eumque
1844 1977 1937 2012 adeo
1961 1978 2101 2024 integre
2124 1976 2189 2014 de-

1160 2027 1322 2071 voraffe.
1351 2037 1389 2065 ut
1409 2040 1455 2065 ne
1468 2027 1617 2076 quidem
1639 2025 1713 2063 offa
1733 2026 1985 2073 superfuerint.
2040 2027 2193 2074 Quain-

1154 2080 1250 2127 juria
1271 2088 1482 2126 permotum
1505 2075 1825 2114 Thiodamantem
1843 2077 2011 2124 Dryopas
2025 2078 2067 2113 ad
2089 2088 2190 2114 arma

1165 2127 1333 2173 vocasse,
1361 2129 1491 2178 quibus
1514 2125 1711 2174 profligatis
1728 2126 1906 2163 Hercules
1927 2126 2042 2173 ipsum
2066 2126 2193 2164 Thio-

1164 2180 1373 2217 damantem
1398 2177 1587 2215 occiderit.
1641 2176 1696 2212 Ex
1720 2177 1922 2224 Apollonio
1943 2177 2042 2214 lib.1.
2068 2177 2192 2225 Argo-

1163 2239 1264 2284 naut.
1290 2229 1331 2271 tls.
1366 2240 1470 2266 1212.
1508 2227 1661 2275 ejusque
1691 2226 1899 2264 Scholiaste.
1961 2227 2094 2265 Obiter
2112 2239 2192 2265 me-

1164 2281 1272 2316 mlnit
1294 2279 1539 2317 Callimachus
1574 2278 1734 2324 Hymno
1767 2280 1802 2314 in
1827 2277 2011 2321 Dianam,
2039 2278 2078 2320 ᾧ.
2107 2280 2191 2316 ¹61.

1164 2329 1415 2377 Apollodorus
1453 2329 1513 2366 lib.
1535 2340 1577 2365 11.
1607 2327 1665 2364 Ab
1685 2330 1757 2365 hoc
1791 2327 1922 2364 deinde
1953 2329 2080 2376 guloso
2103 2329 2191 2366 faci-

1163 2392 1255 2418 nore
1286 2380 1465 2417 Hercules
1493 2378 1702 2426 Raphagus,
1732 2379 1970 2427 Pamphagus,
1999 2378 2192 2427 Addepha-

1160 2444 1222 2479 gas
1243 2431 1290 2468 est
1310 2430 1527 2478 appellatus,
1554 2429 1600 2466 de
1620 2429 1747 2476 quibus
1768 2430 2027 2475 cognomentis
2052 2429 2095 2464 L.
2109 2429 2189 2477 Gy-

1165 2480 1281 2519 raldus
1309 2482 1548 2529 Syntagmate
1573 2491 1627 2516 ro.
1678 2479 1873 2515 SALVAGN.
1901 2479 1998 2517 Vide
2018 2479 2117 2516 Serv.
2144 2478 2190 2516 ad

1167 2532 1268 2580 Virg.
1304 2532 1448 2569 Aened.
1468 2543 1521 2567 xv.
1546 2532 1626 2574 146.
1664 2530 1701 2565 δε
1734 2529 1876 2566 Nonnii
1906 2529 2189 2577 Expositionem

1166 2582 1440 2623 Historiaruma
1462 2581 1701 2618 Nazianzeno
1727 2580 1764 2616 in
1794 2580 1908 2628 prima
1939 2580 2128 2618 invectiva
2150 2580 2191 2617 in

1164 2633 1348 2680 Julianum
1378 2640 1663 2670 memoratarum
1688 2642 1723 2667 n.
1741 2642 1927 2678 4x.p.r4x.
1958 2630 2052 2667 Edit.
2075 2631 2190 2667 Mon-

1161 2682 1686 2731 tacutianae.Thyodamanta,
1698 2689 1736 2717 ut
1748 2681 1878 2717 Noster
1890 2681 2126 2717 'inhumanum
2138 2681 2190 2718 ita

1161 2735 1319 2783 agrestem
1332 2734 1525 2770 hominem
1543 2731 1719 2768 Lindium
1734 2740 1840 2767 vocat
1853 2731 2044 2769 Ammian.
2073 2731 2180 2768 Marc

1160 2786 1220 2822 lib.
1241 2796 1335 2821 xxxx.
1359 2795 1413 2820 12.
1442 2783 1503 2819 ubi
1525 2781 1609 2819 vide
1631 2782 1884 2818 Commentat·
1906 2782 2054 2829 quidam
2086 2772 2192 2824 codij

1163 2847 1221 2873 ces
1252 2834 1314 2871 hic
1335 2833 1487 2876 vitiose,
1516 2832 1819 2875 Therodamanta,
1849 2832 1908 2868 vel
1948 2832 2191 2875 Theodaman,

1163 2896 1201 2921 ta
1229 2885 1378 2922 habent.
1405 2883 1466 2921 sed
1500 2882 1545 2920 de
1574 2881 1879 2919 Therodamante
1904 2882 2004 2930 supra
2039 2883 2080 2925 jis.
2102 2882 2170 2931 385

1164 2938 1247 2983 egit.
1270 2947 1335 2982 pro
1349 2934 1444 2982 juvit
1457 2934 1567 2971 etiam
1578 2931 1746 2981 plurimi,
1774 2932 1892 2969 vidit:
1921 2933 2085 2981 &prima
2104 2926 2191 2970 edi-⁸

1167 2989 1243 3030 tio,
1272 2984 1577 3022 ludieinhumane.
1604 2983 1732 3020 ssuam.

1220 3048 1304 3084 491.
1332 3037 1452 3084 Qum
1471 3032 1602 3081 ferun]
1643 3034 1784 3070 Cacum
1817 3034 1931 3082 tangit
1961 3034 2003 3070 ab
2026 3034 2188 3071 Hercule

1170 3086 1403 3124 interfec'turn
1421 3113 1430 3128 ‚
1459 3092 1607 3132 propter
1627 3095 1775 3128 vaccas,
1803 3096 1889 3133 quas
1903 3086 1935 3121 ei
1957 3085 2091 3122 furatus
2101 3092 2188 3120 erat.

1171 3138 1366 3175 lampa.
1397 3137 1596 3172 Historiam
1621 3135 1708 3171 Caci
1728 3135 1954 3183 prosequitur
1978 3136 2105 3170 Livius
2127 3133 2188 3170 lib.

1172 3201 1200 3225 1.
1225 3190 1262 3226 in
1282 3189 1379 3224 hunc
1398 3185 1575 3223 modurn:
1606 3185 1780 3221 Herculem
1792 3185 1876 3221 inea
1889 3185 1958 3220 loca
1974 3193 2186 3226 memorant,

1172 3250 1213 3275 ac
1241 3248 1336 3287 prope
1369 3235 1524 3285 Tyberim
1544 3233 1701 3284 fluvium
1717 3262 1727 3280 ,
1754 3248 1823 3285 qua
1845 3239 1971 3283 praese
1988 3243 2188 3270 armentum

2092 3296 2192 3332 agen-5
