2547 3708
262 107 335 177 34'

756 94 817 151 P.
893 87 1301 149 OVIDII
1376 87 1913 150 NASONIS

558 186 716 248 Nulla
743 203 892 243 mora
918 184 992 239 est
1014 184 1070 239 in
1095 201 1212 247 me,
1247 199 1498 256 peragam
1523 196 1634 239 rata
1655 197 1780 241 vota
1804 183 2106 254 Sacerdos,

640 259 900 335 Quisquis
926 256 1050 313 ades
1075 257 1255 321 sacriS‚
1276 274 1370 312 ore
1396 256 1602 323 favete,
1629 259 1776 314 meiS.

568 334 826 410 Quisquis
850 329 974 385 ades
1000 331 1176 391 sacris,
1220 329 1462 403 lugubria
1489 330 1656 387 dicite
1682 330 1874 399 verba,

430 426 532 465 100
648 408 720 467 Et
746 405 880 461 fletu
905 404 1131 461 madidis
1158 403 1272 460 Ibin
1296 403 1439 460 adite
1465 403 1644 477 genis,-
1863 404 1867 405 ⁷

2308 480 2428 539 Noe

285 612 398 653 veiint
411 639 421 657 ,
449 621 560 662 quam
582 608 607 648 si
625 619 756 647 verum
775 607 885 647 Ibidis
902 618 1044 646 nomen
1069 607 1330 658 exprimerent.
1384 609 1431 648 &⁹
1448 607 1587 658 quando
1607 607 1736 647 mentio
1757 607 1937 656 ,sacrarum
1966 607 2149 647 literarum
2172 607 2443 656 intervenerint

283 664 435 704 Etenim
464 660 705 701 devovendus
729 671 818 698 vero
846 661 1001 698 nomine
1023 659 1329 708 compellaretur,
1379 661 1504 707 favete
1525 659 1662 709 linguis.
1708 667 1780 696 Hoc
1808 660 1954 699 verbum
1983 674 2051 698 non
2070 671 2109 696 ut
2134 659 2283 712 plerique
2308 662 2426 709 existi-

283 713 427 754 iieceffe
444 721 543 757 erat;
571 712 671 750 secus
692 710 812 749 irritae
823 711 1020 759 futilesque
1032 710 1254 748 devotiones
1266 711 1330 748 lia·
1389 719 1492 748 mant
1512 710 1537 747 ὰ
1549 713 1679 758 favore
1701 710 1859 748 trahitur
1880 739 1893 757 ,
1927 712 1986 759 sed
2010 711 2199 760 imperatur
2217 711 2397 760 filentium
2413 742 2424 758 2

284 767 473 804 bebantur.
501 765 593 812 Quo
613 762 778 803 Romani
800 762 1060 810 respiciebant,
1088 773 1174 800 cum
1200 761 1327 800 urbem

285 817 491 861 devoveri,
521 818 557 852 ὃ(
571 824 712 852 numen
727 813 786 856 ,in
807 812 909 863 cujus
926 813 1039 850 tutela
1057 810 1165 857 effet,
1194 823 1332 852 evoca-

284 869 317 907 ri
344 879 422 905 non
452 863 553 916 poffe
585 865 809 910 crederent,
845 875 1006 913 quorum
1037 874 1165 901 arcana
1188 864 1226 901 &
1245 875 1331 902 vera

283 920 442 958 nomina
473 918 516 955 ab
553 916 711 954 hostibus
737 915 1024 965 imprecantibus
1050 916 1328 963 ignorarentur;

283 969 426 1008 idcirco
456 980 502 1006 ne
526 968 652 1005 Deum
672 965 776 1004 suum
808 966 1002 1004 tutelarem
1031 966 1200 1014 adeoque
1222 965 1330 1014 ipfius

284 1021 382 1058 urbis
400 1021 592 1068 antiquum
616 1028 757 1055 nomen
779 1018 956 1055 Latinum
980 1017 1151 1065 cuiquam
1173 1016 1224 1053 fas
1244 1015 1330 1055 esset

285 1082 500 1119 nuncupare
523 1096 534 1114 ,
570 1068 765 1106 sanxerunt
786 1096 798 1113 ,
835 1076 876 1106 ut
896 1069 1030 1106 author
1052 1066 1099 1104 est
1120 1067 1330 1106 Pliniuslib.

289 1134 355 1160 111.
379 1133 457 1169 cap.
483 1130 512 1169 ς.
539 1121 576 1157 &
595 1119 809 1157 lib.xxv111.
831 1130 956 1168 cap.2.
983 1117 1196 1157 Plutarchus
1210 1118 1331 1157 Probl.

287 1184 367 1222 cap.
385 1174 445 1210 61.
473 1171 618 1208 Solinus
638 1181 715 1216 cap.
740 1182 786 1208 ιι.
807 1169 1020 1208 Macrobius
1039 1169 1100 1206 lib.
1121 1181 1184 1207 111.
1205 1180 1330 1218 cap.9.

292 1224 438 1261 Servius
458 1222 502 1260 ad
520 1222 579 1259 lib.
604 1234 629 1259 1.
658 1219 808 1259 AEneid.
829 1223 868 1259 ὃ(
890 1221 1010 1259 obiter
1031 1219 1151 1259 Festus
1173 1220 1212 1257 in
1232 1221 1331 1258 Indi-

287 1285 374 1323 getes
414 1275 494 1311 imo
507 1271 727 1321 gravissimas
739 1272 838 1310 abiis
856 1283 994 1320 poenas
1013 1271 1228 1320 repetebant
1240 1299 1251 1316 ‚
1266 1273 1330 1321 qui

287 1325 378 1363 illud
399 1321 659 1372 patefecissent.
713 1322 1005 1371 Cuiipropterea
1022 1322 1222 1361 interdifm
1243 1334 1330 1361 cum

285 1374 456 1413 Valerius
475 1375 632 1412 Soranus
653 1385 731 1412 non
763 1372 929 1423 paruiffet
952 1402 975 1420 „
1007 1374 1046 1412 &
1066 1385 1196 1412 arcana
1219 1375 1334 1412 caeri-

285 1428 500 1464 moniarum
525 1423 741 1462 enuntiasset
764 1454 775 1470 ,
813 1425 949 1463 misero
979 1424 1156 1474 supplicio
1184 1425 1335 1464 interfe-

288 1476 366 1515 etus
389 1478 456 1514 est:
487 1477 748 1525 Quamobrem
778 1478 873 1515 inter
897 1476 1160 1526 antiquissimas
1188 1475 1336 1525 religio·

285 1539 351 1566 nes
381 1527 549 1565 sacellum
581 1527 768 1566 colebatur
800 1527 1048 1576 Angeronae,
1077 1539 1173 1577 quae
1205 1527 1327 1573 Diva,

286 1578 426 1626 praesul
445 1577 573 1615 silentii
596 1578 691 1617 istius
705 1606 716 1623 ,
743 1590 929 1627 praenexo
945 1606 955 1623 ‚
984 1577 1251 1627 obsignatoque
1263 1590 1330 1616 ore

285 1628 518 1667 simulacrum
539 1628 662 1666 habet.
691 1631 846 1667 authore
868 1629 996 1667 Solino
1016 1641 1093 1677 cap.
1116 1641 1145 1666 1.
1174 1630 1211 1667 &
1225 1629 1332 1667 Sem-

286 1681 445 1728 pronio,
475 1679 500 1717 fi
520 1686 646 1717 tamen
680 1681 708 1717 is
735 1680 808 1725 est,
837 1679 895 1717 lib.
918 1680 959 1716 de
981 1679 1162 1727 Divisione
1194 1680 1331 1719 Italiae.

287 1731 492 1769 SALVAGN.
518 1730 692 1768 Heinsius
705 1731 819 1769 edidit
835 1759 844 1775 ,
857 1745 943 1768 neve
959 1730 1077 1768 minus
1096 1730 1244 1769 valeant
1257 1760 1268 1777 ,
1280 1731 1334 1777 se-¹

287 1790 392 1829 cutus
414 1781 584 1819 codicem
602 1780 890 1820 Bononiensem.
916 1782 966 1820 ita
987 1782 1082 1820 Met.
1103 1793 1173 1821 vir.
1195 1793 1279 1832 137.

339 1838 441 1869 Neve
458 1841 582 1880 parum
600 1831 749 1869 valeant
769 1844 792 1869 a
820 1834 853 1880 se
874 1832 963 1871 data
977 1832 1143 1882 gramina
1156 1861 1168 1879 ,
1195 1846 1336 1873 carmen

341 1882 532 1920 Auxiliare
555 1883 662 1921 canit.

289 1935 322 1973 3.
343 1934 433 1970 Am.
457 1945 510 1970 iv.
532 1934 593 1977 67.
614 1931 646 1981 si
663 1947 742 1972 mea
760 1944 850 1972 vota
869 1934 1004 1973 valent.
1029 1934 1115 1973 Val.
1134 1935 1228 1974 F1.1.
1249 1938 1334 1986 3412

281 1984 346 2034 sed
360 1982 496 2033 patriae
515 1983 659 2019 valuere
673 1994 796 2033 preces.
814 1985 886 2028 ubii
899 1985 994 2023 vide.
1015 1985 1151 2024 Euam.

302 2068 305 2072 ,
342 2044 413 2083 95..
433 2033 537 2070 Illum
556 2046 610 2082 ego
630 2033 824 2083 devoveo.]
855 2034 962 2072 Illum
979 2035 1138 2080 scilicet,
1159 2037 1261 2086 quafi
1277 2039 1336 2077 in⁴

286 2084 391 2134 Jeeto
412 2083 529 2133 digito
551 2084 590 2121 &
621 2083 895 2122 demonstrante
921 2097 969 2122 ex
996 2085 1171 2124 cautione
1192 2088 1333 2127 rituali:

291 2136 331 2173 in
352 2135 453 2173 sacris
475 2132 575 2171 enirn
599 2135 752 2183 magicis
776 2135 906 2172 omnia
932 2143 1030 2172 certa
1053 2135 1338 2175 demonstratio-

292 2197 340 2224 ne
357 2192 537 2234 aguntur,
564 2195 613 2222 ne
635 2185 674 2222 in
695 2184 799 2222 rebus
812 2213 833 2230 „
850 2193 913 2222 aut
930 2185 1091 2233 personis
1108 2196 1209 2223 error
1229 2198 1337 2224 com-

291 2237 485 2279 mittatur,
509 2235 615 2284 quod
644 2235 841 2274 exitiosum
870 2233 941 2273 effe
970 2235 1072 2274 solet.
1117 2235 1338 2276 Existimant

291 2288 432 2337 alioqui
455 2285 832 2326 demonstrationibusv
854 2294 995 2324 tantam
1026 2288 1104 2325 vim
1131 2286 1267 2332 ineffe‚
1295 2297 1337 2327 ut

292 2338 366 2376 fata
385 2337 566 2377 transeant
586 2338 622 2375 in
645 2348 725 2376 rem
746 2336 1068 2377 demonstrandam
1086 2365 1097 2383 ,
1125 2338 1267 2376 etiamsi
1287 2339 1339 2377 al·

291 2391 361 2428 teri
379 2389 551 2427 destinata
569 2387 694 2427 essent.
740 2389 798 2428 Sic
827 2388 924 2438 apud
945 2388 1153 2437 Vergilium
1171 2390 1208 2427 in
1229 2390 1340 2428 Phar-

295 2442 520 2479 maceutriat
548 2441 670 2478 Limus
685 2449 725 2477 ut
745 2439 799 2477 hic
820 2439 991 2486 durescit,
1018 2451 1063 2479 (9⁶
1094 2439 1176 2477 haec
1196 2451 1236 2478 ut
1264 2454 1339 2479 cera

294 2489 460 2540 liquescit.
511 2489 559 2528 Et
588 2491 698 2539 paulo
728 2491 839 2538 post:
876 2497 950 2528 Has
978 2489 1062 2528 olim
1081 2491 1229 2528 exuvias
1250 2492 1342 2530 mihi

291 2541 441 2591 perfidus
459 2541 518 2579 ille
538 2541 691 2592 reliquit.
716 2541 889 2580 Deinde:
910 2548 983 2579 Has
999 2541 1247 2593 herbasiatque
1259 2542 1341 2580 haec

298 2598 406 2629 Ponto
428 2592 517 2629 mihi
535 2591 930 2638 left'avanenafflmnia
947 2592 1142 2637 δεικτικῶς.
1170 2594 1341 2632 Same.

297 2646 365 2691 Ego
395 2642 493 2682 deest
522 2643 710 2682 nonnullis
734 2644 934 2682 codicibus,
960 2656 1078 2690 mox,
1124 2646 1185 2692 qui
1215 2646 1248 2692 se
1275 2646 1341 2692 scit

298 2704 430 2731 omnes
449 2695 542 2733 sere.
565 2694 630 2731 has
657 2695 808 2744 meruiffie
837 2703 943 2744 preces
970 2696 1086 2734 edidit
1113 2707 1159 2733 ex
1180 2695 1338 2742 pluribus

298 2742 483 2783 Heinsius.
509 2745 645 2792 vulgati
657 2746 773 2791 olim,
803 2744 885 2783 haec
902 2746 1153 2795 meruiffesuis.
1181 2746 1312 2785 Bunm.

351 2806 414 2840 97.
442 2802 612 2844 Peragam
634 2806 714 2833 rata
733 2807 819 2834 vota
833 2797 1028 2848 sacerdos.]
1062 2796 1272 2843 Musarum,
1300 2798 1340 2836 &

299 2843 439 2883 Phoebi
459 2846 660 2884 sacerdotes
684 2847 855 2886 dicuntur
868 2851 1014 2897 poetae.
1044 2848 1140 2886 Vide
1158 2861 1252 2898 quae
1264 2849 1341 2888 col·

297 2894 418 2946 legiin
432 2896 756 2935 Observationibus
775 2899 813 2935 in
833 2898 895 2936 lib.
911 2898 1020 2937 Trist.
1049 2899 1217 2937 CiOFAN.

347 2959 408 2995 97.
439 2948 644 2997 Peragam]
674 2948 866 2997 Exequar,
893 2948 1093 2997 perficiam.
1121 2950 1290 2989 CIOFAN.

350 2997 412 3046 98.
440 3000 549 3034 Sacris
570 3012 621 3035 ore
634 3000 760 3044 favete
781 2999 892 3049 meis]
947 2999 1046 3038 Vide
1082 3012 1178 3049 quae
1209 3002 1339 3040 notavi

299 3048 394 3087 libro
419 3061 481 3087 xv.
502 3048 758 3097 Metamorph.
777 3049 823 3087 ad
843 3049 950 3088 illud:
984 3051 1114 3088 animis
1145 3051 1340 3102 linguisque

290 3101 427 3147 favete.
454 3100 624 3137 Croni-i.
653 3100 779 3138 Utitur
802 3101 868 3138 hac
888 3101 1047 3140 formula
1077 3112 1204 3140 contra
1228 3102 1341 3140 Sene-

298 3163 362 3189 cae
381 3159 546 3189 mentem
561 3178 572 3195 ‚
598 3152 660 3199 qui
684 3159 866 3198 receptam
882 3150 903 3188 a
926 3153 1107 3201 plerisque
1128 3154 1342 3200 interpreta-

297 3203 441 3238 tionem
474 3201 638 3251 explodit
664 3202 718 3239 his
756 3203 891 3240 verbis:
920 3203 966 3240 de
989 3204 1075 3241 Vita
1108 3203 1216 3242 Beata
1238 3216 1343 3241 xxvt.

302 3254 348 3287 Es
368 3252 554 3304 ipsam‚<2·
571 3258 660 3293 Deos
668 3254 857 3307 preftffires
877 3253 947 3304 ejus
968 3253 1206 3303 &Antistius
1226 3255 1321 3309 celita
1331 3271 1343 3301 3

1387 773 1427 799 ut
1449 761 1514 799 rite
1527 762 1644 811 peragi
1659 759 1752 811 poffit
1769 765 1907 807 [acrum
1921 791 1933 807 ,
1960 763 2064 799 nulld
2093 761 2191 800 mala
2211 776 2290 799 voce
2308 764 2429 810 obstre-

1383 821 1481 862 pente
1494 841 1503 857 ,
1530 813 1619 862 quod
1640 813 1751 850 multo
1772 813 1882 863 magis
1900 814 2118 863 neceſjarium
2138 812 2354 862 estsimperari
2365 827 2429 850 vo-

1388 863 1461 907 bis,
1489 874 1529 900 ut
1540 862 1574 913 fi
1595 864 1682 915 quid
1702 877 1745 901 ex
1773 863 1832 901 illo
1859 866 2037 914 preferturv
2062 863 2210 901 Oraculo
2228 865 2357 902 intenti
2382 875 2444 906 ω*

1385 916 1559 963 compreſja
1581 928 1660 951 voce
1679 914 1843 953 audiatis.
1871 916 2006 966 Neque
2027 916 2127 954 enim
2149 914 2331 953 silentium
2356 916 2429 954 im-

1385 975 1530 1014 peratur
1550 965 1594 1003 ab
1616 966 1783 1012 Ovidio,
1810 967 1875 1015 qui
1895 978 1985 1005 mox
2009 967 2174 1016 subjicit,
2201 966 2362 1015 lugubria
2374 966 2430 1004 di-

1385 1016 1448 1053 cite
1469 1016 1589 1056 verba.
1627 1017 1686 1055 Sic
1707 1018 1818 1055 etiam
1837 1017 1897 1055 lib.
1916 1030 1978 1056 xv.
1996 1017 2354 1066 Metamorph.juffi
2374 1018 2430 1069 fa-

1387 1078 1474 1105 vere
1493 1067 1649 1116 linguis,
1682 1068 1791 1106 verba
1814 1068 2018 1107 Sacerdotis
2038 1070 2225 1118 geminata
2245 1069 2431 1114 referunt,

1386 1126 1530 1156 tantum
1551 1118 1646 1157 abest
1667 1126 1708 1157 ut
1730 1118 1909 1157 silentium
1934 1119 2109 1168 praestare
2131 1119 2300 1157 debeant.
2331 1119 2437 1157 Mul·-

1387 1177 1428 1207 to
1453 1170 1573 1207 minus
1603 1170 1746 1218 usurpat
1773 1170 1987 1220 hujusmodi
2019 1170 2220 1209 formulam
2249 1182 2294 1208 ex
2327 1170 2430 1208 sensu

1386 1220 1524 1265 Pauli,
1558 1222 1621 1270 qui
1652 1222 1690 1258 in
1719 1221 1894 1269 Epitome
1924 1221 2014 1260 Festi
2043 1222 2215 1270 Pompeji
2240 1223 2447 1268 faventem>

1388 1271 1526 1310 bonam
1550 1273 1823 1310 ominationem
1846 1273 2101 1321 interpretatur
2115 1300 2124 1311 .
2154 1273 2192 1310 ὅ(
2213 1271 2262 1309 ita
2281 1283 2436 1319 praeco-

1387 1334 1451 1361 nes
1472 1323 1669 1361 clamantes
1687 1323 1864 1372 populum
1887 1323 2064 1362 sacrificiis
2081 1324 2205 1361 favere
2218 1320 2438 1371 juffiffetra-

1391 1373 1443 1412 dit
1465 1401 1475 1417 ,
1512 1374 1615 1424 quod
1641 1375 1766 1412 favere
1795 1374 1858 1420 sit,
1884 1374 1982 1413 bona
2013 1375 2122 1412 verba
2142 1375 2221 1412 fari.
2273 1373 2450 1411 Ovidius>

1392 1426 1493 1463 enim
1521 1433 1599 1464 turn
1630 1425 1793 1475 lugubria
1821 1426 1927 1463 verba
1956 1427 2137 1475 imperat,
2164 1434 2245 1462 tuin
2269 1424 2433 1463 dirarum

1392 1476 1682 1515 obnunciatione
1702 1476 1841 1516 sacrum
1861 1476 1965 1515 suum
1993 1478 2144 1526 peragit.
2173 1475 2436 1525 Quamobrem

1391 1527 1460 1565 hac
1479 1527 1640 1566 formula
1663 1528 1752 1566 nihil
1772 1528 1868 1566 aliud
1889 1528 2079 1577 significari
2098 1527 2218 1566 voluit
2232 1555 2243 1572 ‚
2270 1537 2379 1576 quam
2394 1534 2437 1565 ut:

1386 1579 1511 1628 ii,qui
1530 1579 1679 1621 aderant
1693 1579 1882 1624 ‚favorem
1906 1579 2123 1628 praestarent
2144 1577 2452 1616 execrationibus*

1387 1629 1454 1668 suis
1474 1657 1486 1675 ,
1515 1641 1650 1680 easque
1677 1631 1772 1668 votis
1804 1630 2010 1669 faventibus
2038 1629 2357 1677 comprobarent,
2394 1629 2435 1667 &

1388 1690 1629 1729 praeeuntem
1676 1680 1912 1720 Sacerdotem
1957 1680 2075 1719 verbis
2120 1679 2438 1729 subsequerentur.

1389 1732 1588 1770 SALvAc-m.
1644 1731 1686 1770 In
1709 1732 1822 1770 altero
1855 1732 2058 1770 Petaviano
2083 1739 2187 1776 erat,
2226 1731 2305 1767 ades
2325 1729 2453 1777 fabiis-

1390 1794 1475 1821 cum
1491 1781 1613 1822 Gloffa
1625 1810 1636 1828 ,
1648 1782 1686 1821 id
1704 1783 1749 1828 est
1764 1782 1883 1831 sacris.
1899 1783 2030 1832 virgil.
2051 1796 2128 1820 cum
2142 1781 2280 1831 faciam
2302 1780 2437 1819 vitula,

1392 1834 1484 1871 votis
1505 1847 1559 1871 ore
1580 1835 1706 1882 favete
1734 1835 1884 1883 Regius.
1914 1833 2074 1884 quisquis
2106 1832 2198 1881 adest
2220 1833 2332 1870 etiam
2351 1831 2439 1876 hic,

1388 1885 1427 1923 δί
1446 1885 1613 1935 sequenti
1635 1885 1737 1924 versu
1754 1913 1766 1931 ‚
1792 1884 1901 1924 multi
1922 1884 2089 1929 codices,
2121 1886 2159 1922 ὃ(
2179 1881 2328 1932 quidam
2342 1881 2438 1920 olim

1389 1935 1498 1974 editi:
1518 1937 1643 1983 favete
1663 1950 1737 1986 rogo
1750 1936 1907 1974 Moreti.
1925 1937 2053 1982 faveto
2073 1946 2165 1973 unus
2189 1932 2347 1971 Heinsii.
2367 1932 2430 1972 sed

1390 1986 1442 2024 nil
1464 1986 1700 2026 mutandum.
1716 1999 1778 2025 xv,
1797 1987 1892 2024 Met.
1906 1986 1994 2032 677.
2019 1985 2147 2034 linguis
2164 1983 2361 2034 animisque
2370 1984 2437 2031 fa·-

1391 2047 1493 2082 vete,
1520 2037 1692 2088 Qisquis
1710 2037 1804 2075 ades.
1835 2036 1968 2075 Bunrvi.

1445 2101 1508 2137 99.
1534 2087 1706 2138 §Quisquis
1724 2089 1805 2124 ades
1822 2087 1956 2136 sacris,
1983 2084 2145 2133 lugubria
2164 2084 2267 2122 dicite
2287 2083 2437 2134 verbm]

1393 2138 1590 2186 Quaedam
1613 2137 1711 2184 apud
1733 2145 1874 2173 veteres
1893 2135 1988 2173 sacra
2012 2143 2137 2180 erant,
2158 2146 2253 2185 quae
2283 2146 2361 2173 non
2382 2134 2440 2172 εὐ-

1391 2187 1538 2234 Φημὶᾳ,
1563 2185 1624 2223 sed
1644 2185 1846 2224 malediffls
1875 2186 1915 2222 &
1944 2186 2269 2235 imprecationibus
2291 2196 2441 2236 perage-

1392 2237 1523 2275 bantur
1536 2264 1547 2282 ,
1572 2247 1744 2286 quaeque
1762 2248 1830 2286 pro
1848 2234 1996 2274 violatis
2012 2236 2258 2281 habebantur,
2279 2237 2304 2274 fi
2321 2248 2453 2288 quan--

1393 2288 1443 2326 do
1463 2290 1559 2327 inter
1586 2287 1768 2326 solemnes
1799 2287 1887 2325 ritus
1910 2314 1922 2332 ,
1958 2287 2020 2326 vel
2048 2287 2296 2337 imprudentia
2327 2287 2455 2326 alicui

1391 2337 1578 2378 excidisset
1598 2339 1741 2378 bonum
1763 2338 1915 2376 verbum
1938 2366 1949 2382 ‚
1986 2345 2028 2376 ut
2046 2349 2092 2376 ex
2115 2337 2312 2376 Lactantio
2335 2337 2439 2376 disci-

1393 2402 1474 2428 mus
1495 2390 1556 2429 lib.
1577 2402 1606 2427 1.
1620 2390 1754 2429 Divin.
1776 2389 1888 2427 Instit.
1909 2399 1988 2437 cap.
2008 2398 2073 2428 21.
2108 2388 2318 2439 cujusmodi
2338 2396 2452 2428 erant·

1393 2441 1452 2480 illa
1479 2441 1650 2480 Herculis
1670 2441 1788 2485 sacra,
1815 2451 1978 2490 quorum
1998 2441 2206 2479 meminere
2225 2439 2441 2489 Apollodo-

1395 2503 1454 2531 rus
1467 2520 1477 2536 ,
1503 2492 1565 2529 lib.
1585 2505 1632 2530 11.
1661 2491 1831 2531 Biblioth.
1847 2493 1886 2530 ὅ(
1908 2490 2141 2539 Philostratus
2159 2490 2200 2528 in
2222 2497 2318 2528 leone
2336 2489 2453 2539 Thiag-

1396 2543 1591 2581 damantis.
1616 2543 1817 2582 Sumen.

1449 2607 1511 2643 99.
1536 2594 1653 2632 Dicite
1673 2593 1822 2645 verba.]
1871 2593 2096 2643 Conjecerat
2112 2590 2309 2638 Heinsius,
2338 2590 2450 2642 disci-3*-

1397 2656 1440 2685 te.
1466 2645 1526 2684 sed
1543 2657 1622 2684 non
1641 2657 1746 2695 opus.
1764 2646 1840 2684 vid.
1862 2659 1890 2684 1.
1907 2645 1998 2683 Fast.
2016 2653 2078 2691 72⁴.

1451 2709 1532 2735 101.
1564 2697 1839 2746 Nominibusque
1867 2695 1971 2734 malis
1990 2722 2012 2740 ‚-
2041 2693 2248 2745 pedibusque
2276 2694 2440 2733 occurrite

1396 2748 1538 2798 laevis]
1569 2748 1734 2786 Ovidius
1747 2749 1821 2785 huc
1841 2747 1957 2785 multa
1980 2746 2156 2795 congeffit
2169 2758 2284 2795 ,quae
2302 2746 2439 2784 veteri-

1396 2799 1461 2839 bus
1479 2798 1649 2838 ominosa
1666 2797 1770 2837 fuifl‘e
1788 2796 1947 2836 constat:
1975 2798 2153 2835 nimirum
2173 2797 2282 2836 tristia
2301 2796 2406 2834 verba
2422 2822 2434 2840 ,

1396 2851 1597 2901 lacrymas,
1626 2849 1736 2898 pedes
1763 2849 1913 2893 laevos,
1942 2858 2031 2886 atras
2054 2847 2193 2892 vestes,
2219 2847 2345 2886 ferales
2367 2848 2439 2884 vit-

1399 2910 1473 2940 tas:
1502 2912 1663 2951 quorum
1681 2899 1868 2938 nonnullis
1887 2900 2109 2937 enumeratis
2128 2911 2206 2937 non
2230 2897 2343 2934 video
2372 2908 2437 2936 cur

1398 2952 1573 3000 adiecerit
1585 2978 1595 2995 ,
1623 2950 1861 2998 ominibusque
1881 2950 2002 2995 malis,
2015 2949 2209 2997 statimque
2223 2947 2415 2997 subjecerit
2426 2975 2448 2993 ‚-

1392 3003 1598 3053 pedibusque
1615 3002 1779 3039 occurrite
1793 3001 1904 3038 laevis
1919 3029 1929 3046 ,
1950 3013 2034 3039 curn
2053 2998 2253 3047 hocipsum
2273 2999 2362 3037 mali
2380 2999 2442 3044 iti}

1395 3054 1483 3092 dem
1503 3053 1640 3091 ominis
1657 3051 1756 3092 esset.
1784 3052 1877 3091 Ideo
1898 3053 2030 3103 quovis
2050 3051 2202 3099 pignore
2216 3050 2436 3089 certaverim

1395 3104 1593 3153 legendum
1608 3131 1618 3148 ,
1631 3103 1892 3154 nominibusque
1903 3102 2005 3141 malis
2017 3129 2027 3145 ,
2040 3101 2238 3150 quomodo
2248 3100 2439 3144 edendum

1399 3156 1550 3198 curavi,
1577 3166 1672 3203 quae
1692 3164 1788 3193 certe
1810 3155 1920 3193 leeiio
1940 3165 2019 3190 non
2039 3152 2276 3202 conjefiura‚
2304 3151 2364 3190 sed
2383 3163 2441 3191 res

1399 3205 1470 3253 ipsa
1491 3205 1551 3244 est.
1580 3206 1785 3244 Enimvero
1807 3216 1938 3253 magna
1970 3203 2111 3252 semper
2139 3204 2297 3254 antiquis
2313 3202 2444 3252 religio

1402 3257 1495 3311 suit,
1523 3265 1566 3309 ut
1584 3256 1691 3298 bonis
1712 3256 1927 3297 nominibus
1948 3253 2084 3303 effent,
2111 3256 2176 3306 qui
2198 3254 2443 3295 victimasdw
2483 3301 2487 3305 .

2293 3310 2443 3353 cerent,
