2547 3708
832 107 1515 167 INIBIN.
2163 137 2224 186 23

78 239 170 314 qui
203 254 315 292 eum
351 236 614 291 admodum
637 246 921 307 pauperem
961 233 1200 305 deceffiffe
1236 235 1438 299 trudit,
1465 236 1519 293 t&
1561 234 1890 292 liberalitate
1914 242 2016 307 stru
2051 246 2223 314 quoad

77 311 225 375 vixit
240 311 594 380 sustentatum.
648 309 821 378 Hujus
847 308 1069 362 libertus
1088 311 1209 377 filit
1235 309 1421 375 ,Julius
1448 308 1708 372 Modestus
1735 313 1786 363 iu
1801 311 2014 379 studiis,
2054 329 2211 387 atque

75 377 309 439 dour-inu
336 384 550 455 vestigia
577 383 808 435 Patroni
821 383 1050 450 secutur.
1126 379 1283 434 Haec
1314 382 1424 440 ille3
1467 381 1612 451 cujus
1642 382 1797 435 verba
1828 384 2111 455 diligenter
2151 389 2208 442 &

76 459 180 511 acri
200 457 404 527 judicio
432 452 682 526 perpensa
707 471 816 507 non
854 454 1025 505 levem
1066 453 1342 523 suspicioni
1372 472 1521 507 meae
1549 457 1718 508 aniam
1746 458 1997 525 praebere
2023 459 2209 516 viden-

76 544 178 583 tur.
231 530 372 582 Cum
396 529 536 581 enim
566 527 843 597 Higynum
884 523 1090 578 Ovidio
1126 525 1582 580 familiaris-limum
1606 528 1754 581 fuille
1781 529 1936 592 dicit,
1978 530 2065 584 ubi
2092 550 2210 587 mo-

73 601 147 655 do
176 603 254 655 vel
285 604 337 655 in
363 602 604 654 omnibus
625 599 899 668 utriusque
926 601 1287 653 monumentis
1306 614 1481 654 tantae
1506 599 1902 654 necessitudinis
1934 605 2208 674 vestigium

72 676 248 729 extat?
290 674 512 728 Ovidius
539 671 603 725 ad
630 688 886 734 uxorem,
926 671 991 723 ad
1034 672 1266 734 Carum,
1307 673 1372 726 ad
1412 672 1694 735 perillum,
1733 674 1797 726 ad
1839 673 2098 739 Brutum,
2139 679 2207 734 ad

71 749 404 807 Maximum,
443 744 506 798 ad
531 744 820 806 Rufinum,
858 743 924 797 ad
949 742 1310 806 Graecinum,
1353 745 1417 798 ad
1434 745 1804 809 Mcssatinutm
1842 747 1907 800 ad
1933 748 2209 815 Severum,

70 819 136 873 ad
166 820 442 880 Flaccum,
481 817 546 871 ad
572 816 984 880 Germanicum,
1022 818 1087 871 ad
1113 816 1395 883 Solanum,
1435 818 1498 871 ad
1542 819 1819 882 Atticum,
1860 820 1923 873 ad
1953 821 2208 888 Cottam,

72 891 139 946 ad
175 893 383 952 Coum,
420 890 485 943 ad
525 891 792 951 Suillium,
833 890 900 943 ad
930 890 1323 946 Albinovanum
1350 931 1365 955 ‚
1414 892 1481 945 ad-
1505 890 1840 952 Gallionem,
1881 894 1942 945 ad
1984 894 2222 967 Tuticaf

72 982 199 1021 num
225 963 475 1035 Epistolas
510 963 706 1023 mittit,
747 963 811 1018 ad
849 962 1135 1036 Higynum
1175 982 1309 1019 vero
1346 965 1557 1020 nullam,
1640 967 1728 1018 An
1765 964 1906 1018 forte
1930 967 2014 1019 ille
2041 968 2114 1020 est
2139 969 2209 1025 ad,

70 1055 229 1109 quem
254 1034 519 1109 suppress'o
545 1036 763 1091 nomine
801 1037 960 1091 toties
1002 1037 1213 1091 scribit?
1254 1040 1592 1111 neutiquam:
1634 1036 1916 1109 Higynum
1945 1039 2088 1093 enim
2113 1042 2207 1096 ad-

72 1111 293 1166 modum
329 1126 613 1181 pauperem
650 1108 920 1163 deceffiffe
954 1109 1300 1183 Tranquillus
1335 1112 1405 1165 ait
1435 1138 1448 1175 3
1515 1112 1739 1164 alterum
1776 1111 2000 1165 divitem
2045 1126 2205 1186 atque

71 1184 257 1255 opibus
282 1182 639 1237 abundantem
669 1181 817 1237 fuiffe
841 1222 856 1245 ,
902 1182 1043 1237 Naso
1079 1183 1275 1238 diserte
1312 1183 1553 1255 prodidit
1578 1184 1655 1236 his
1683 1183 1941 1247 verfibuS,
1980 1202 2113 1255 quos
2139 1188 2206 1242 ad

71 1256 301 1313 amicum
327 1256 519 1318 mittit,
558 1254 704 1326 cujus
728 1272 927 1312 nomen
954 1256 1197 1312 consulto
1222 1257 1475 1330 praeterit
1493 1256 1647 1329 Eleg.
1665 1274 1712 1324 5.
1738 1257 1894 1328 λύμᾳ.
1936 1255 2212 1330 Trssiums

364 1403 412 1456 O
435 1402 564 1456 mihi
588 1404 801 1460 dilebffos
826 1407 970 1460 iuter
980 1419 1118 1479 pars
1130 1410 1313 1479 primu
1334 1406 1545 1464 Sedulus
1558 1445 1575 1473 ,

428 1475 606 1530 ‘Unica
616 1479 859 1548 fortunis
880 1498 978 1533 aru
1001 1492 1214 1552 repertu
1236 1483 1379 1537 meis.

362 1549 524 1622 Cujus
546 1549 610 1602 ab
631 1551 877 1622 alloquiis
902 1553 1075 1605 anima
1101 1553 1225 1608 haec
1248 1555 1552 1610 moribunda
1575 1554 1819 1617 revixit,

433 1621 518 1675 ‘Ut
542 1623 686 1694 vigil
710 1623 890 1694 infusa*
913 1624 1144 1680 Pallade
1155 1627 1373 1697 flamma
1393 1630 1548 1697 filet.

362 1694 473 1771 Qti
496 1697 707 1749 veritus
728 1714 823 1749 nou
846 1717 899 1750 es
917 1710 1106 1769 portus
1130 1702 1339 1773 aperire
1350 1700 1558 1771 fideles,

436 1767 676 1822 Fulmiue
686 1775 953 1841 percuffue
976 1773 1364 1846 confugiumque
1392 1776 1519 1828 rati.

361 1840 523 1914 Cujus
547 1860 688 1895 eram
728 1841 873 1913 ceusu
898 1863 993 1898 uon
1019 1863 1096 1899 me
1107 1848 1357 1916 ftusurus
1384 1860 1649 1919 egentem,

437 1913 500 1967 Si
523 1914 716 1985 Caesar
730 1917 950 1986 patrias
973 1920 1237 1989 eripuiffet
1260 1932 1390 1991 opes.

70 2035 290 2093 Deinde
311 2034 365 2088 in
390 2052 449 2088 ea
475 2035 708 2106 Epistola
743 2054 917 2101 uxor,
957 2039 1109 2093 liberi
1149 2041 1202 2093 &
1232 2042 1395 2094 frater
1433 2043 1571 2111 ers‚
1612 2039 1679 2093 ad
1704 2055 1865 2111 quem
1900 2039 2088 2111 scripta
2112 2043 2206 2112 est,

71 2118 590 2165 commemorantur,
627 2125 860 2176 quorum
897 2110 1211 2169 Suetonius,
1255 2112 1567 2178 caeteroqui
1606 2128 1715 2164 non
1739 2110 2049 2175 omissurus,
2090 2116 2207 2170 uul-

70 2182 173 2236 lam
210 2179 537 2235 mentionem
576 2178 749 2232 habet.
826 2177 1008 2232 Unum
1048 2193 1227 2232 autem
1276 2181 1331 2234 &
1374 2183 1612 2237 eundem
1651 2183 1755 2238 effe
1803 2186 2206 2251 animadvertO,

72 2254 140 2308 ad
178 2270 338 2326 quem
387 2251 612 2305 Ovidius
658 2250 822 2305 tacito
858 2249 1075 2306 nomine
1126 2252 1299 2306 literas
1344 2254 1541 2310 iterum
1587 2269 1744 2330 atque
1794 2257 1990 2312 iterum
2037 2259 2204 2316 dedit,

69 2324 292 2397 Ipsemet
329 2327 472 2378 enim
509 2323 648 2377 testis
684 2323 759 2377 est
793 2324 882 2380 lib.
907 2343 953 2389 3·
995 2324 1055 2378 de
1092 2325 1264 2380 Pouto
1293 2325 1443 2400 Eleg.
1473 2333 1523 2383 6.
1563 2330 1654 2385 ubi
1680 2330 1991 2387 familiarem
2016 2349 2206 2404 quem-

72 2398 194 2453 dam
217 2398 296 2453 his
322 2396 490 2451 verbis
515 2396 829 2467 alloquitur:

355 2511 469 2584 Ipse
485 2530 577 2585 -ego
603 2515 740 2586 quod
746 2516 921 2586 primo
930 2515 1128 2586 scripst
1127 2514 1248 2585 stne·
1266 2519 1463 2573 nomine
1485 2517 1661 2583 vobis,

426 2586 537 2641 Vix
560 2588 801 2657 excustzri
814 2592 948 2660 poffe
972 2589 1102 2644 mihi
1127 2587 1325 2646 videor.

72 2703 194 2759 Una
228 2719 403 2764 tamen
443 2709 516 2765 est
561 2728 697 2783 quae
731 2711 797 2766 ad
835 2712 1119 2787 Higynum
1155 2712 1344 2788 scripta
1381 2712 1594 2772 videtur
1618 2756 1632 2780 ‚
1684 2731 1878 2787 nempe
1916 2717 2070 2772 tertia
2109 2716 2206 2775 libs-.-

74 2797 124 2845 4.
165 2777 226 2831 de
258 2782 464 2846 ‘Pout0;
514 2784 950 2842 Amicumenim
984 2788 1273 2862 quemdam
1313 2804 1495 2855 taxat,
1557 2791 1612 2845 &
1648 2806 1772 2844 eum
1811 2794 1937 2843 nota
1975 2790 2207 2848 levitatis>

71 2849 262 2912 inurit,
298 2855 442 2922 quod
480 2874 602 2911 cum
647 2859 675 2911 a
714 2860 910 2913 teneris
948 2863 1093 2916 annis
1133 2862 1309 2916 secum
1351 2862 1636 2918 arfflssi-mo
1661 2861 2058 2917 necestitudinis
2086 2867 2200 2921 vin-

71 2923 193 2975 culo
224 2922 431 2989 junftus
467 2927 622 2983 fuerit
648 2967 663 2992 ,
716 2932 931 2987 tandem
967 2934 1021 2988 in
1056 2935 1270 2990 adversa
1292 2935 1507 2992 fortuna
1537 2954 1646 2990 non
1672 2935 1840 2989 modo
1882 2953 2006 2989 eum
2049 2936 2198 2994 dese-2

72 3006 177 3057 rat,
212 2995 296 3049 sed
325 2998 611 3068 nequidem
635 3005 939 3074 cognovisse
965 3006 1184 3062 simulet.
1266 3009 1398 3078 Ejus
1436 3008 1516 3062 est,
1536 3008 1764 3063 initium.
1803 3008 2107 3079 Conquerar
2129 3030 2197 3064 uu

69 3079 279 3121 taceam.
329 3068 450 3141 Qua
484 3071 702 3141 quidem
731 3074 962 3147 Epistola
990 3080 1142 3135 faci-le
1166 3081 1491 3136 crediderim
1522 3082 1757 3137 eundem
1784 3079 1847 3135 ab
1872 3080 2074 3136 Ovidio
2099 3099 2202 3136 no-

71 3140 193 3207 tari,
230 3141 284 3198 in
308 3159 469 3215 quem
496 3143 603 3215 ipse
629 3162 770 3202 nunc
795 3150 1079 3210 invehitur.
1153 3152 1294 3211 Nam
1302 3153 1474 3281 I{quod
1498 3155 1593 3208 ait:
2098 3225 2142 3281 S
2169 3229 2209 3280 d

1390 3245 1414 3290 3
1994 3261 2064 3271 aa*
2141 3247 2180 3282 e„
