2547 3708
845 159 868 216 1
1009 159 1056 216 B

1204 158 1227 216 t
1373 159 1425 218 S.

2075 189 2169 235 137

428 262 641 336 Sparsus
664 273 726 318 ut
750 261 826 316 est
851 259 1056 316 Thebis
1080 275 1251 329 angue
1278 274 1484 314 creatus
1508 275 1623 313 avo,

350 334 562 408 Perque
587 335 729 389 feros
756 346 966 388 montes
990 347 1143 386 tauro
1170 333 1407 402 rapiente
1434 332 1679 395 trahariS,

429 408 503 464 Ut
527 407 690 463 traeta
715 406 790 462 est
814 406 1015 477 conjux
1040 404 1318 475 imperiosa
1345 403 1500 469 Lyci.

59 631 395 683 &Hephaestione
445 629 511 669 Ille
523 641 608 669 cum
621 627 733 666 multa
745 625 811 663 alia
826 652 836 669 ,
859 632 937 662 tum
959 624 1080 681 vigin-

59 688 88 725 ti
111 684 337 734 Tragoedias
351 681 484 730 scripsit
505 709 516 726 ‚
550 691 637 728 quas
667 684 858 731 enumerat
882 675 979 713 idem
999 677 1080 712 Sut-

58 735 134 775 das.
201 733 314 771 Unde
359 732 602 770 cothurnatus
640 729 683 765 ab
726 726 868 763 Ov1dio
893 736 1081 773 nuncupa-

57 794 140 831 tur,
167 786 345 834 quoniam
377 782 573 820 cothurnus
586 778 831 827 Tragicorum
854 776 1082 813 calceamen-

58 845 137 875 tum
162 845 260 879 erat,
295 842 334 871 ut
367 833 489 870 soccus
517 831 816 867 Comoedorum.
866 826 920 862 Ex
945 835 1001 863 tot
1020 837 1082 863 au·

57 895 134 925 tem
158 887 234 935 ejus
252 883 430 933 opusculis
452 880 658 918 Alexandra
685 878 759 915 sive
780 875 971 914 Cassandra
989 877 1083 913 dun-

57 945 158 975 taxat
169 937 213 974 ad
225 948 290 974 nos
302 932 468 980 superstes
481 931 644 968 enatavit
658 958 668 973 ‚
699 930 740 965 τὸ
756 928 934 965 σκοτεινὸν
947 930 1083 969 ποίημα

58 988 209 1026 summo
225 987 306 1035 jure
327 983 545 1033 appellatum
560 1008 571 1026 ‚
597 980 699 1030 quod
722 980 837 1016 Theo
861 978 1083 1034 Grammati-

58 1050 122 1076 cus
152 1037 290 1076 scholiis
311 1062 322 1079 ‚
358 1045 452 1082 quae
482 1033 769 1073 interciderunt,
796 1029 979 1085 illustravit
1002 1055 1012 1072 ‚
1041 1036 1081 1065 ut

56 1088 153 1127 testis
174 1087 220 1125 est
240 1084 488 1133 Stephanus&
502 1082 820 1123 Isaciustetzes,
850 1078 1080 1134 quus'Com-

58 1137 228 1177 mentarii
249 1135 454 1184 supersunt,
480 1143 520 1171 ut
538 1145 582 1170 ex
595 1132 856 1170 recentioribus
875 1128 1080 1166 Gulielmus

57 1189 258 1231 Canterus,
284 1187 442 1233 Joannes
465 1182 667 1226 Meurfius,
696 1183 733 1219 ὅ(
754 1191 836 1218 ante
858 1182 977 1223 hunc,
1008 1180 1080 1216 Ca-

55 1240 153 1277 rolus
173 1238 381 1286 Salvagnius
408 1234 538 1272 Boeffii
561 1233 801 1280 Topmchus,
831 1241 927 1279 pater
942 1241 1052 1284 ⁴meus
1067 1257 1078 1274 ,

51 1290 192 1326 virnon
210 1290 328 1324 minus
344 1286 530 1322 literarum
552 1294 662 1332 quam
686 1283 851 1319 militaris
864 1279 1074 1327 disciplinae

50 1338 294 1388 peritissimus.
346 1337 488 1372 Verum
510 1334 555 1371 de
569 1342 689 1370 morte
712 1332 970 1386 Lycophronis
985 1343 1074 1369 unus

52 1389 209 1427 Ovidius
232 1389 332 1426 illum
356 1386 479 1434 sagitta
504 1384 714 1422 transfixum
743 1382 868 1420 obiisse
891 1382 1072 1429 prodidit,

52 1441 91 1479 &
112 1440 190 1489 post
208 1450 294 1476 eum
319 1437 463 1474 Faustus
493 1435 732 1477 Andretinus‚
760 1435 821 1482 qui
836 1444 988 1469 avorum
1002 1444 1071 1469 no-

50 1491 202 1529 strorum
217 1489 395 1526 memoria
407 1486 552 1529 floruit,
580 1486 638 1523 ille
657 1487 822 1532 inquam,
844 1483 987 1520 Faustus
1009 1494 1070 1520 cu-

46 1542 107 1592 jus
137 1542 172 1578 in
199 1539 331 1586 scriptis
363 1539 507 1574 unicam
543 1536 712 1585 syllabam
748 1533 865 1571 deesse
887 1562 898 1577 ,
937 1545 1073 1581 nempe

49 1594 146 1634 νοῦν,
181 1590 345 1627 Erasmus
358 1586 682 1626 dictitaresolebat.
736 1585 792 1621 Sic
807 1586 905 1621 enim
932 1584 994 1621 lib.
1013 1597 1074 1622 ιιι.

47 1643 234 1680 Amorum
262 1639 387 1688 Elegia
411 1638 536 1676 ultima
560 1666 570 1684 ,
610 1637 656 1674 de
700 1636 913 1674 infelicitate
941 1635 1074 1672 Poeta.

49 1703 156 1731 rum:

96 1763 145 1796 Et
155 1760 243 1806 sunt
259 1757 386 1807 obscuri
403 1756 575 1805 transfixa
599 1754 839 1806 Lycrophronis
854 1765 958 1799 exta3

149 1810 302 1846 Sicanias
319 1810 421 1858 preffa
435 1811 539 1855 fauce
559 1813 663 1853 Po'e‘ea
681 1808 781 1856 petits

49 1879 148 1916 Nam
166 1881 266 1930 quod
292 1882 423 1919 attinet
448 1881 491 1918 ad
521 1879 808 1918 Theodoretum
824 1907 833 1922 ,
862 1889 974 1927 quern
996 1877 1070 1914 Va·

46 1928 154 1967 letius
180 1932 316 1978 profert
339 1958 350 1974 ,
388 1943 486 1969 mera
517 1932 565 1968 est
583 1930 827 1969 hallucinatio,
884 1930 941 1965 De
965 1928 1069 1965 obitu

50 1981 151 2017 enim
174 1980 431 2028 Lycophronis
452 1994 498 2018 ne
513 1982 661 2019 verbum
675 1981 823 2026 quidem
848 1980 942 2020 apud
958 1979 1072 2015 illum.

47 2028 198 2068 Deinde
211 2030 440 2067 Theodoreti
454 2032 622 2067 locuslib.
637 2042 723 2069 viiiv
754 2030 797 2065 de
810 2029 928 2065 Graec
953 2028 1070 2065 affefft.

50 2089 162 2117 curat.
191 2080 248 2117 ubi
279 2093 322 2117 ex
350 2082 503 2117 Zenone
537 2082 826 2129 Lycophronem
863 2081 898 2114 in
933 2078 1079 2115 Dianae

51 2128 414 2177 Magnesiaetemplo
429 2130 617 2167 conditum
631 2131 760 2171 refert,
789 2129 892 2177 plane
904 2127 1076 2174 deprava-

21 2180 24 2183 *
49 2187 105 2217 tus
125 2181 172 2217 est
193 2207 204 2223 ,
239 2182 276 2217 δί
304 2191 370 2225 pro
402 2180 634 2228 Lycophrona,
665 2179 766 2228 quod
796 2182 905 2215 etiam
931 2178 1073 2215 Parisia-

49 2241 133 2267 nam
153 2230 379 2272 editionem,
408 2228 428 2266 a
449 2230 589 2275 Jacobo
618 2229 817 2267 Sirmundo
845 2230 1071 2274 recognitam

50 2279 178 2318 invasit
196 2308 206 2324 ‚
238 2280 480 2327 proculdubio
493 2281 747 2328 reponendum
771 2306 780 2322 ,
812 2279 1071 2326 Leucophrwze,

53 2331 151 2378 cujus
172 2340 461 2368 monumentum
493 2341 566 2367 erat
596 2331 691 2376 apud
710 2331 901 2376 Magnetes
923 2341 958 2365 in
981 2329 1069 2366 Dia-

54 2390 119 2417 nae
136 2383 300 2430 templo,
327 2390 367 2418 ut
398 2393 440 2417 ex
473 2382 604 2418 eodem
637 2382 792 2421 Zenone
813 2380 921 2416 tradit
945 2381 1066 2416 Arno-

55 2429 128 2468 bius
152 2431 212 2470 lib.
229 2445 282 2469 vx.
309 2432 474 2476 adversa-ts
505 2437 626 2467 Gentes
642 2460 650 2473 ,
677 2434 712 2470 in
736 2432 789 2467 his
814 2429 1070 2478 Leucophrynae

52 2493 310 2519 monumentum
330 2483 367 2518 in
387 2488 480 2518 Fano
508 2483 599 2530 apud
621 2479 833 2530 Magnesiam
859 2486 992 2516 Dianae
1013 2480 1070 2527 effe

49 2533 216 2579 Myndius
238 2531 414 2581 profitetur
443 2546 482 2567 ac
529 2546 698 2568 memorat
746 2538 848 2567 Zeno.
902 2530 1064 2569 Eosdem

49 2583 146 2619 enim
168 2583 351 2620 Authores
366 2610 375 2626 ‚
404 2595 538 2631 nempe
562 2583 757 2630 Myndium
782 2593 823 2619 ac
843 2581 1038 2618 Zenonem
1055 2609 1065 2626 ,

47 2630 460 2677 Theodoretuslaudat,
491 2644 612 2671 utnon
636 2635 798 2671 dubitem
816 2633 903 2679 quin
926 2631 1064 2675 ille,ta-

46 2682 151 2719 metii
172 2683 331 2721 Graecus
350 2684 522 2731 scriptor,
545 2686 618 2721 hoc
646 2686 689 2721 ab
719 2683 886 2720 Arnobio
909 2682 1067 2729 sumpse-

45 2732 108 2769 rit.
158 2732 276 2770 Diana
293 2744 412 2772 autem
430 2736 661 2783 Leucophryne
680 2734 772 2771 dieta
795 2733 889 2779 apud
908 2734 1063 2780 Magne·

45 2789 100 2818 tes
129 2784 291 2819 maxime
321 2785 414 2822 culta
448 2796 555 2828 erat,
594 2786 694 2833 cujus
723 2785 849 2821 fanum
884 2783 1062 2831 Smyrnae

38 2832 112 2869 fuit
130 2858 141 2873 ,
163 2833 410 2878 magnitudine
425 2847 474 2882 qu
492 2836 573 2872 dem
594 2837 630 2872 ὃ(
647 2835 883 2873 donariorum
900 2834 1062 2870 multitu·

42 2881 128 2919 dine
149 2881 305 2929 Ephesio
326 2883 478 2926 cedens,
505 2895 540 2922 at
567 2886 814 2922 concinnitate
836 2885 872 2920 ὅ(
895 2883 1064 2921 artifieio-

45 2932 79 2970 sa
98 2932 232 2970 delubri
257 2932 426 2970 struetura
446 2934 556 2979 longe
575 2936 746 2981 superius.
803 2935 1002 2971 SALvaGN.

94 2992 179 3031 533.
207 2983 375 3031 Periisse.]
405 2983 560 3032 Cecidiffe
591 2997 636 3021 ex
664 2986 821 3034 scriptis:
863 2996 946 3022 narn
963 2985 1066 3033 periit

45 3033 238 3082 praecessit.
267 3034 410 3070 Huius.

96 3094 179 3131 535.
208 3088 286 3120 Aut
306 3082 433 3133 taren]
463 3083 516 3120 Ut
536 3083 727 3120 Pentheus.
763 3084 956 3122 INTEttPR.
985 3087 1065 3123 Rex

46 3130 310 3176 Thebanorum
336 3147 379 3171 ex
401 3138 530 3182 Agave
552 3134 671 3170 Matre
684 3133 814 3170 Cadmi
835 3147 948 3183 nepos
964 3161 975 3182 ,
1002 3138 1064 3183 qui

49 3192 131 3219 cum
154 3185 273 3222 Liberi
290 3185 399 3222 Patris
433 3192 672 3233 contemptor
711 3183 769 3236 in,
795 3183 1058 3224 Cithaeeonem

49 3241 212 3273 montem
239 3235 353 3284 Orgia
381 3235 617 3274 disturbatum
652 3232 800 3271 veniflet
822 3260 832 3278 ‚
877 3235 1012 3274 ibidem
1041 3236 1062 3273 a

1972 481 2165 551 Quodn

1135 631 1250 662 matre
1269 624 1528 662 &materteris
1556 622 1778 668 furentibus,
1801 634 1928 671 aprum
1954 624 2025 663 effe
2052 629 2133 665 ratis
2149 652 2159 667 .

1136 675 1374 712 membratim
1406 675 1601 722 discerptus
1623 677 1669 712 est
1692 703 1702 718 ‚
1741 684 1781 712 ut
1803 677 1900 712 canit
1922 676 2078 714 Ovidius
2101 678 2163 715 lib.

1139 737 1205 762 ιιι.
1241 726 1489 772 Metamorph.
1515 727 1718 772 juvencum
1740 725 1844 763 matri
1868 726 1982 764 visum
2000 726 2070 764 esse
2091 729 2162 766 Ca-

1137 775 1244 812 tullus
1267 775 1384 812 voluit
1405 776 1440 811 in
1461 776 1532 812 his:
1562 782 1647 811 Pars
1665 790 1680 811 e
1695 775 1827 822 divulsi}
1839 776 2041 813 traffrabant
2053 791 2163 815 mem-

1138 823 1202 860 bra
1224 827 1374 871 ¹juvenco
1394 851 1403 866 ,
1440 825 1608 862 Taurum
1642 827 1807 863 Valerius
1839 827 1985 865 Flaccus
2020 829 2080 865 lib.
2099 842 2164 868 111.
2202 852 2213 865 ³

1138 875 1308 912 Vitulum
1339 876 1442 911 Nero
1469 877 1562 922 apud
1594 876 1750 912 Persium
1780 878 1853 914 hoc
1881 878 2003 915 versu:
2033 884 2079 915 Et
2101 894 2160 917 ra-

1137 934 1236 971 ptum
1259 926 1372 962 vitulo
1391 935 1491 974 caput
1512 927 1677 961 ablatura
1693 926 1830 975 superbo
1846 929 2158 969 MaenalisAEabu-

1131 976 1203 1013 lam
1228 985 1412 1023 praeterea
1433 986 1733 1013 commemorant
1757 977 1980 1016 Theocritus
2003 979 2160 1028 Idyllio‚

1135 1028 1237 1075 quod
1252 1027 1448 1064 inscribitur
1484 1030 1605 1066 Λήυκι.
1664 1027 2160 1079 EuripidesBacchis,Apol·

1138 1077 1287 1114 lodorus
1316 1078 1375 1114 lib.
1396 1089 1458 1113 111.
1486 1078 1654 1125 Hyginus
1684 1078 1752 1114 fab.
1778 1078 1858 1122 184.
1887 1079 2159 1121 Philostratusin

1136 1127 1352 1175 imaginibus
1375 1156 1384 1171 ‚
1420 1130 1456 1164 &
1488 1129 1624 1164 Poetae
1648 1129 1784 1176 passim.
1838 1129 1952 1166 Addit
1974 1131 2160 1171 Pausanias

1134 1178 1170 1215 in
1193 1179 1457 1222 Corinthiacis,
1486 1179 1652 1215 arborem
1666 1178 1855 1216 ascendisse
1866 1180 2067 1218 Pentheum
2085 1209 2094 1225 ‚
2115 1195 2161 1222 ex

1133 1240 1202 1276 qua
1224 1228 1444 1266 Baccharum
1467 1238 1593 1276 operta
1620 1230 1708 1265 sacra
1736 1230 1993 1276 specularetur,
2025 1232 2159 1271 Corin-

1132 1281 1215 1316 thiis
1238 1290 1361 1316 autem
1387 1279 1570 1316 redditum
1585 1280 1772 1316 oraculum
1791 1308 1799 1322 ‚
1814 1289 1852 1316 ut
1873 1281 2036 1318 arborem
2059 1283 2157 1322 illam

1130 1340 1346 1377 quaererent
1369 1358 1378 1372 ,
1395 1331 1432 1366 ὅ(
1454 1331 1627 1366 inventae
1641 1329 1785 1366 divinos
1799 1331 1957 1368 honores
1974 1332 2161 1372 haberent.

1129 1381 1280 1417 Penthei
1301 1391 1455 1417 etymon
1470 1381 1574 1416 referi
1590 1380 1798 1426 Euripides,
1829 1381 1922 1429 apud
1934 1394 2045 1430 quem
2065 1384 2160 1422 Dio-

1127 1431 1249 1478 nysius
1268 1431 1394 1468 audito
1425 1432 1570 1467 l‘enthei
1601 1432 1753 1468 nomine
1785 1432 1873 1469 illud
1904 1434 1937 1470 ei
1968 1433 2012 1471 ad
2039 1434 2159 1474 infeli·

1128 1491 1274 1520 citatem
1311 1493 1509 1530 congruere
1532 1481 1636 1518 dicit:

1240 1553 1288 1590 E’›
1312 1551 1502 1602 ἔυςυχῖῡ-οιι
1524 1549 1639 1596 τένομ’
1660 1548 1906 1596 ἔπιτέὸειῶυεῖ.

1129 1629 1220 1676 Quo
1241 1631 1350 1668 etiam
1375 1631 1498 1669 alluc'it
1519 1630 1753 1669 Chaeremon
1775 1632 1848 1669 hoc
1867 1632 2020 1672 senario:

1185 1698 1310 1742 nevos&
1333 1701 1474 1745 ἐσομένης
1496 1704 1673 1753 συμφορεῖς
1694 1699 1894 1752 ε’πῶιυμῶυ.

1128 1776 1255 1816 Πένθος
1281 1778 1381 1813 enim
1415 1777 1564 1814 Graecis
1596 1776 1703 1814 luctus
1727 1777 1787 1814 est.
1842 1777 2036 1818 Caeterum
2064 1780 2157 1818 Pen-

1127 1826 1231 1863 theus
1264 1840 1372 1874 angue
1398 1838 1532 1863 creatus
1557 1841 1625 1863 avo
1641 1828 1793 1872 dicitur,
1824 1829 2018 1868 Cadmoin
2031 1831 2161 1869 draco-

1126 1887 1212 1913 nem
1233 1888 1398 1920 mutato,
1427 1879 1586 1926 utsupra
1607 1878 1747 1915 dietum
1782 1879 1827 1916 est
1848 1881 1885 1916 in
1915 1881 2023 1926 illud,
2057 1896 2156 1931 gene-

1126 1940 1230 1976 roque
1253 1927 1445 1964 draconem.
1498 1930 1696 1965 Samen.

1177 1989 1222 2026 53
1236 1992 1263 2020 ς.
1293 1984 1333 2014 ln
1355 1979 1501 2027 Sitv1s.]
1536 1985 1575 2014 ln
1596 1980 1694 2015 Silva
1711 1980 1848 2017 Sarrav.
1868 1980 2080 2030 &quinque
2093 1983 2152 2020 alii

1127 2027 1165 2065 &
1188 2028 1277 2064 editi
1294 2028 1455 2076 quidam.

1181 2089 1264 2125 537.
1297 2084 1424 2127 perque
1442 2080 1534 2123 feros
1558 2078 1727 2127 montes,]
1766 2079 1878 2117 Dirce
1897 2093 1990 2118 uxor
2036 2083 2154 2132 Lyci,

1128 2138 1238 2174 quam
1263 2128 1398 2165 Zethus
1420 2130 1455 2164 ὃ(
1475 2130 1666 2176 Amphion
1691 2139 1795 2166 tauro
1817 2130 2087 2179 discerpendam
2104 2135 2153 2171 al·

1127 2177 1294 2225 ligarunt.
1351 2178 1588 2216 INTEM’RES.
1615 2179 1726 2216 Dirce
1742 2180 1835 2228 Lyci
1856 2181 2060 2220 Thebarum
2080 2185 2154 2221 Re-

1127 2238 1181 2274 gis
1200 2240 1313 2271 uxor,
1342 2241 1452 2275 quam
1476 2230 1611 2266 Zethus
1634 2241 1677 2269 (φ
1700 2231 1892 2278 Amphion
1914 2233 1948 2268 in
1972 2233 2152 2272 ultionem

1129 2280 1250 2314 matris
1289 2281 1472 2326 Antiopae
1494 2280 1699 2328 injurioiius
1724 2282 1895 2318 tractatae
1915 2283 2028 2321 feroci
2048 2293 2153 2323 tauro

1127 2339 1189 2374 per
1217 2339 1362 2365 montes
1394 2329 1522 2366 misere
1556 2330 1819 2368 distrahendam
1857 2333 2077 2380 alligarunt,
2113 2345 2154 2374 ut

1123 2387 1284 2416 narratur
1312 2380 1355 2415 ab
1384 2381 1620 2426 Apollodoro
1652 2381 1710 2418 lib.
1735 2394 1798 2418 ιιι.
1835 2382 1991 2431 Hygino
2025 2386 2094 2423 fab.
2116 2399 2150 2432 7.

1124 2429 1316 2476 Apollonii
1338 2430 1532 2467 Scholzaste
1553 2433 1587 2467 in
1611 2443 1641 2475 4.
1673 2432 1876 2480 Argonaut.
1905 2434 1941 2469 ὃ(
1966 2437 2148 2473 memine-

1123 2489 1205 2515 runt
1227 2480 1345 2516 obiter
1376 2480 1520 2518 Plautus
1551 2481 1752 2525 Pseudolo,
1782 2483 2149 2532 Aet.1.‚Pr0pertius

1120 2530 1182 2567 lib.
1203 2542 1267 2568 ιιι.
1299 2532 1396 2579 eleg.
1419 2544 1473 2578 ις.
1502 2532 1634 2568 Seneca
1657 2533 1872 2576 Thebaide,
1900 2535 2084 2573 Pausanias
2112 2539 2147 2574 in

1121 2581 1305 2618 Boeoticis
1320 2609 1328 2625 ‚
1357 2583 1420 2630 qui
1442 2583 1568 2620 Dirces
1588 2583 1731 2621 fontem
1746 2585 1788 2620 ab
1808 2597 1849 2621 ea
1869 2584 2147 2626 denominatam

1121 2633 1183 2668 ait.
1224 2633 1423 2669 SALVAGN.

1174 2693 1256 2731 539.
1287 2683 1456 2732 Quidque
1468 2683 1553 2730 suae
1568 2684 1660 2732 passa
1683 2684 1763 2734 eft]
1807 2684 1936 2721 Fabula
1955 2685 2000 2723 de
2022 2686 2149 2724 Philo-

1122 2734 1217 2769 mela
1238 2745 1323 2770 nota
1348 2735 1393 2769 eli
1462 2735 1702 2772 INTERPRES.
1731 2735 2090 2785 deqaesuaepasla
2102 2739 2147 2784 est

1115 2782 1227 2830 pellex
1260 2784 1380 2820 invita
1403 2785 1537 2830 sororis.
1591 2784 1649 2821 Sic
1679 2786 1874 2834 legendum
1905 2788 1977 2823 iioc
1997 2799 2145 2826 carmen

1118 2833 1217 2869 sensu
1245 2834 1454 2881 hujusmodi
1479 2862 1488 2878 ,
1528 2843 1567 2872 ut
1594 2836 1714 2882 lingua
1746 2836 1793 2873 sic
1821 2836 1867 2872 iili
1897 2837 2145 2883 abscindatur,

1119 2883 1439 2931 quemadmodum
1462 2886 1687 2922 Philomelae
1709 2887 1883 2934 contigit,
1913 2899 2005 2935 quae
2027 2891 2144 2928 invita

1120 2934 1236 2979 peilex
1266 2935 1394 2971 sororis
1424 2936 1543 2972 fuerit.
1598 2937 1818 2973 EGNA‘HUS.
1852 2939 1972 2984 Lege,
2012 2939 2145 2977 invifa.

1121 2984 1217 3020 Nam
1245 2985 1447 3022 Philomela
1471 2987 1585 3024 invita
1617 2988 1684 3022 fuit
1708 2987 1822 3034 pellex
1846 2986 2028 3036 Prognes:
2058 2992 2142 3038 quia

1121 3046 1183 3080 per
1205 3035 1278 3072 vim
1311 3035 1402 3083 passa
1431 3036 1476 3072 est
1504 3038 1739 3074 concubitum
1764 3050 1781 3074 a
1804 3039 1943 3076 Tereo.
1997 3040 2148 3077 CousT.

1121 3084 1216 3122 Fau.
1252 3086 1454 3122 Philomela
1491 3088 1619 3123 sororis
1664 3088 1819 3125 Procnes
1856 3091 1969 3126 invita
2001 3092 2141 3137 pellex,

1122 3147 1233 3182 quam
1257 3137 1400 3173 Tereus
1422 3136 1578 3173 Procnes
1599 3140 1746 3175 maritus
1770 3140 1925 3186 primum
1948 3141 2116 3187 pudicitia
2131 3168 2143 3185 ,

1118 3186 1251 3223 dein-de
1283 3187 1406 3224 lingna
1427 3186 1614 3232 spoliavit,
1643 3200 1689 3225 ne
1714 3191 1785 3224 vim
1809 3189 1869 3224 sibi
1895 3190 2035 3225 allatam
2061 3202 2143 3235 pro-

1119 3236 1243 3282 deret,
1266 3248 1311 3274 ex
1323 3236 1532 3274 authoribus
1545 3237 1654 3323 all-arsis
1669 3240 1702 3274 in
1717 3238 1800 3276 iliud
1815 3265 1825 3282 ,
1849 3240 2146 3288 Tert‘imquepxer,

2058 3294 2148 3328 bat-
