<?xml version="1.0" encoding="UTF-8"?>
<!DOCTYPE html PUBLIC "-//W3C//DTD XHTML 1.0 Transitional//EN"
    "http://www.w3.org/TR/xhtml1/DTD/xhtml1-transitional.dtd">
<html xmlns="http://www.w3.org/1999/xhtml" xml:lang="en" lang="en">
 <head>
  <title>
</title>
<meta http-equiv="Content-Type" content="text/html;charset=utf-8" />
  <meta name='ocr-system' content='tesseract 3.04.00' />
  <meta name='ocr-capabilities' content='ocr_page ocr_carea ocr_par ocr_line ocrx_word'/>
</head>
<body>
  <div class='ocr_page' id='page_1' title='image "./publiiovidiinaso04ovid_0193.png"; bbox 0 0 2547 3708; ppageno 0'>
   <div class='ocr_carea' id='block_1_1' title="bbox 945 138 2141 206">
    <p class='ocr_par' dir='ltr' id='par_1_1' title="bbox 945 138 2141 206">
     <span class='ocr_line' id='line_1_1' title="bbox 945 138 2141 206; baseline 0 -16"><span class='ocrx_word' id='word_1_1' title='bbox 945 138 1323 190; x_wconf 24' lang='lat' dir='ltr'>VITA-¹⁴</span> <span class='ocrx_word' id='word_1_2' title='bbox 1750 185 1753 188; x_wconf 89' lang='lat'>.</span> <span class='ocrx_word' id='word_1_3' title='bbox 2085 157 2141 206; x_wconf 81' lang='lat'><em>13</em></span> 
     </span>
    </p>
   </div>
   <div class='ocr_carea' id='block_1_2' title="bbox 45 228 2153 345">
    <p class='ocr_par' dir='ltr' id='par_1_2' title="bbox 45 228 2153 345">
     <span class='ocr_line' id='line_1_2' title="bbox 47 228 2153 297; baseline -0.016 -6"><span class='ocrx_word' id='word_1_4' title='bbox 47 249 122 293; x_wconf 80' lang='lat' dir='ltr'><em>effe</em></span> <span class='ocrx_word' id='word_1_5' title='bbox 150 243 346 297; x_wconf 84' lang='lat' dir='ltr'><em>coeperit,</em></span> <span class='ocrx_word' id='word_1_6' title='bbox 373 239 411 280; x_wconf 73' lang='grc' dir='ltr'>ἀ</span> <span class='ocrx_word' id='word_1_7' title='bbox 439 235 590 289; x_wconf 83' lang='lat' dir='ltr'><em>aliquid</em></span> <span class='ocrx_word' id='word_1_8' title='bbox 610 231 746 276; x_wconf 82' lang='lat' dir='ltr'><em>vidifle</em></span> <span class='ocrx_word' id='word_1_9' title='bbox 766 244 834 286; x_wconf 87' lang='lat' dir='ltr'><em>per</em></span> <span class='ocrx_word' id='word_1_10' title='bbox 865 244 1074 286; x_wconf 76' lang='lat' dir='ltr'><em>errorem,</em></span> <span class='ocrx_word' id='word_1_11' title='bbox 1097 243 1141 276; x_wconf 85' lang='lat' dir='ltr'><em>ut</em></span> <span class='ocrx_word' id='word_1_12' title='bbox 1171 235 1225 275; x_wconf 92' lang='lat' dir='ltr'><em>ob</em></span> <span class='ocrx_word' id='word_1_13' title='bbox 1247 231 1287 274; x_wconf 90' lang='lat' dir='ltr'><em>id</em></span> <span class='ocrx_word' id='word_1_14' title='bbox 1308 230 1350 274; x_wconf 87' lang='lat' dir='ltr'><em>in</em></span> <span class='ocrx_word' id='word_1_15' title='bbox 1373 230 1806 289; x_wconf 70' lang='lat' dir='ltr'><em>Scythiam&#39;relegams</em></span> <span class='ocrx_word' id='word_1_16' title='bbox 1827 228 1973 284; x_wconf 57' lang='lat' dir='ltr'><em>fuerit,</em></span> <span class='ocrx_word' id='word_1_17' title='bbox 1988 229 2153 273; x_wconf 65' lang='lat' dir='ltr'>offenso</span> 
     </span>
     <span class='ocr_line' id='line_1_3' title="bbox 45 288 1022 345; baseline -0.019 1"><span class='ocrx_word' id='word_1_18' title='bbox 45 301 237 345; x_wconf 82' lang='lat' dir='ltr'>Caesare:</span> <span class='ocrx_word' id='word_1_19' title='bbox 264 295 316 335; x_wconf 85' lang='lat' dir='ltr'><em>ait</em></span> <span class='ocrx_word' id='word_1_20' title='bbox 336 293 444 333; x_wconf 89' lang='lat' dir='ltr'><em>enim</em></span> <span class='ocrx_word' id='word_1_21' title='bbox 465 292 504 331; x_wconf 86' lang='lat' dir='ltr'><em>in</em></span> <span class='ocrx_word' id='word_1_22' title='bbox 531 303 590 331; x_wconf 88' lang='lat'><em>11.</em></span> <span class='ocrx_word' id='word_1_23' title='bbox 613 288 662 328; x_wconf 90' lang='lat' dir='ltr'><em>de</em></span> <span class='ocrx_word' id='word_1_24' title='bbox 681 288 816 329; x_wconf 80' lang='lat' dir='ltr'><em>Ponto</em></span> <span class='ocrx_word' id='word_1_25' title='bbox 836 289 937 342; x_wconf 54' lang='lat' dir='ltr'><em>eleg„</em></span> <span class='ocrx_word' id='word_1_26' title='bbox 962 300 1022 328; x_wconf 74' lang='lat' dir='ltr'><em>xx.</em></span> 
     </span>
    </p>
   </div>
   <div class='ocr_carea' id='block_1_3' title="bbox 42 337 1404 2312">
    <p class='ocr_par' dir='ltr' id='par_1_3' title="bbox 42 337 1404 2312">
     <span class='ocr_line' id='line_1_4' title="bbox 212 337 1386 400; baseline -0.004 -14"><span class='ocrx_word' id='word_1_27' title='bbox 212 349 328 390; x_wconf 88' lang='lat' dir='ltr'><em>Neve</em></span> <span class='ocrx_word' id='word_1_28' title='bbox 351 359 476 400; x_wconf 84' lang='lat' dir='ltr'><em>roges,</em></span> <span class='ocrx_word' id='word_1_29' title='bbox 503 357 599 399; x_wconf 83' lang='lat' dir='ltr'><em>quae</em></span> <span class='ocrx_word' id='word_1_30' title='bbox 607 341 662 392; x_wconf 82' lang='lat' dir='ltr'><em>fit</em></span> <span class='ocrx_word' id='word_1_31' title='bbox 676 354 686 382; x_wconf 91' lang='lat'>:</span> <span class='ocrx_word' id='word_1_32' title='bbox 694 340 859 394; x_wconf 84' lang='lat' dir='ltr'><em>stultam</em></span> <span class='ocrx_word' id='word_1_33' title='bbox 881 352 995 394; x_wconf 90' lang='lat' dir='ltr'><em>quam</em></span> <span class='ocrx_word' id='word_1_34' title='bbox 1006 337 1225 395; x_wconf 79' lang='lat' dir='ltr'><em>scripsimus</em></span> <span class='ocrx_word' id='word_1_35' title='bbox 1238 351 1386 397; x_wconf 87' lang='lat' dir='ltr'><em>artem,</em></span> 
     </span>
     <span class='ocr_line' id='line_1_5' title="bbox 269 393 1061 448; baseline -0.006 -9"><span class='ocrx_word' id='word_1_36' title='bbox 269 399 452 439; x_wconf 79' lang='lat' dir='ltr'><em>Innocuas</em></span> <span class='ocrx_word' id='word_1_37' title='bbox 472 398 572 437; x_wconf 87' lang='lat' dir='ltr'><em>nobis</em></span> <span class='ocrx_word' id='word_1_38' title='bbox 590 396 680 436; x_wconf 85' lang='lat' dir='ltr'><em>haec</em></span> <span class='ocrx_word' id='word_1_39' title='bbox 701 404 807 434; x_wconf 81' lang='lat' dir='ltr'><em>vetat</em></span> <span class='ocrx_word' id='word_1_40' title='bbox 825 393 894 448; x_wconf 70' lang='lat' dir='ltr'><em>effe</em></span> <span class='ocrx_word' id='word_1_41' title='bbox 915 409 1061 435; x_wconf 85' lang='lat' dir='ltr'><em>manus.</em></span> 
     </span>
     <span class='ocr_line' id='line_1_6' title="bbox 211 445 1128 506; baseline -0.003 -15"><span class='ocrx_word' id='word_1_42' title='bbox 211 452 271 495; x_wconf 87' lang='lat' dir='ltr'><em>Ec</em></span> <span class='ocrx_word' id='word_1_43' title='bbox 299 452 369 491; x_wconf 85' lang='lat' dir='ltr'><em>uid</em></span> <span class='ocrx_word' id='word_1_44' title='bbox 376 460 577 506; x_wconf 77' lang='lat' dir='ltr'><em>praeterea</em></span> <span class='ocrx_word' id='word_1_45' title='bbox 587 448 802 505; x_wconf 81' lang='lat' dir='ltr'><em>peccarim,</em></span> <span class='ocrx_word' id='word_1_46' title='bbox 830 461 1011 503; x_wconf 85' lang='lat' dir='ltr'><em>quaerere</em></span> <span class='ocrx_word' id='word_1_47' title='bbox 1029 445 1128 488; x_wconf 85' lang='lat' dir='ltr'><em>noli:</em></span> 
     </span>
     <span class='ocr_line' id='line_1_7' title="bbox 302 501 984 565; baseline -0.006 -20"><span class='ocrx_word' id='word_1_48' title='bbox 302 516 320 545; x_wconf 85' lang='lat' dir='ltr'><em>t</em></span> <span class='ocrx_word' id='word_1_49' title='bbox 333 514 470 559; x_wconf 82' lang='lat' dir='ltr'><em>pateat</em></span> <span class='ocrx_word' id='word_1_50' title='bbox 478 503 560 556; x_wconf 88' lang='lat' dir='ltr'><em>sola</em></span> <span class='ocrx_word' id='word_1_51' title='bbox 578 501 687 565; x_wconf 87' lang='lat' dir='ltr'><em>culpa</em></span> <span class='ocrx_word' id='word_1_52' title='bbox 695 502 768 554; x_wconf 87' lang='lat' dir='ltr'><em>sub</em></span> <span class='ocrx_word' id='word_1_53' title='bbox 787 511 870 541; x_wconf 83' lang='lat' dir='ltr'><em>arte</em></span> <span class='ocrx_word' id='word_1_54' title='bbox 887 514 984 541; x_wconf 84' lang='lat' dir='ltr'><em>mea.</em></span> 
     </span>
     <span class='ocr_line' id='line_1_8' title="bbox 413 554 970 610; baseline -0.009 -11"><span class='ocrx_word' id='word_1_55' title='bbox 413 557 464 599; x_wconf 89' lang='lat' dir='ltr'><em>Et</em></span> <span class='ocrx_word' id='word_1_56' title='bbox 486 558 608 610; x_wconf 86' lang='lat' dir='ltr'><em>paulo</em></span> <span class='ocrx_word' id='word_1_57' title='bbox 630 554 792 596; x_wconf 82' lang='lat' dir='ltr'><em>inferius</em></span> <span class='ocrx_word' id='word_1_58' title='bbox 811 555 912 607; x_wconf 83' lang='lat' dir='ltr'><em>eleg.</em></span> <span class='ocrx_word' id='word_1_59' title='bbox 932 566 970 594; x_wconf 86' lang='lat' dir='ltr'><em>x.</em></span> 
     </span>
     <span class='ocr_line' id='line_1_9' title="bbox 209 606 1300 667; baseline -0.006 -14"><span class='ocrx_word' id='word_1_60' title='bbox 209 613 315 664; x_wconf 85' lang='lat' dir='ltr'><em>Naso</em></span> <span class='ocrx_word' id='word_1_61' title='bbox 332 623 472 667; x_wconf 84' lang='lat' dir='ltr'><em>parum</em></span> <span class='ocrx_word' id='word_1_62' title='bbox 484 611 653 666; x_wconf 83' lang='lat' dir='ltr'><em>prudens</em></span> <span class='ocrx_word' id='word_1_63' title='bbox 669 616 792 648; x_wconf 88' lang='lat' dir='ltr'><em>artem</em></span> <span class='ocrx_word' id='word_1_64' title='bbox 812 606 903 646; x_wconf 85' lang='lat' dir='ltr'><em>dum</em></span> <span class='ocrx_word' id='word_1_65' title='bbox 909 607 1049 657; x_wconf 86' lang='lat' dir='ltr'><em>scribit</em></span> <span class='ocrx_word' id='word_1_66' title='bbox 1067 608 1222 650; x_wconf 81' lang='lat' dir='ltr'><em>amandi</em></span> <span class='ocrx_word' id='word_1_67' title='bbox 1230 636 1249 660; x_wconf 70' lang='lat'><em>‚,</em></span> <span class='ocrx_word' id='word_1_68' title='bbox 1298 644 1300 646; x_wconf 77' lang='grc'>,</span> 
     </span>
     <span class='ocr_line' id='line_1_10' title="bbox 263 660 1109 718; baseline -0.004 -13"><span class='ocrx_word' id='word_1_69' title='bbox 263 665 475 706; x_wconf 60' lang='lat' dir='ltr'><em>Dominae</em></span> <span class='ocrx_word' id='word_1_70' title='bbox 486 663 656 718; x_wconf 80' lang='lat' dir='ltr'><em>pretium</em></span> <span class='ocrx_word' id='word_1_71' title='bbox 670 660 776 712; x_wconf 71' lang='lat' dir='ltr'><em>triste</em></span> <span class='ocrx_word' id='word_1_72' title='bbox 793 660 968 714; x_wconf 86' lang='lat' dir='ltr'><em>magister</em></span> <span class='ocrx_word' id='word_1_73' title='bbox 987 661 1109 702; x_wconf 85' lang='lat' dir='ltr'><em>habet.</em></span> 
     </span>
     <span class='ocr_line' id='line_1_11' title="bbox 425 712 1206 768; baseline -0.004 -9"><span class='ocrx_word' id='word_1_74' title='bbox 425 716 476 759; x_wconf 86' lang='lat' dir='ltr'><em>Et</em></span> <span class='ocrx_word' id='word_1_75' title='bbox 496 717 536 757; x_wconf 86' lang='lat' dir='ltr'><em>in</em></span> <span class='ocrx_word' id='word_1_76' title='bbox 555 715 672 756; x_wconf 83' lang='lat' dir='ltr'><em>tertio</em></span> <span class='ocrx_word' id='word_1_77' title='bbox 693 713 742 754; x_wconf 86' lang='lat' dir='ltr'><em>ad</em></span> <span class='ocrx_word' id='word_1_78' title='bbox 763 712 966 754; x_wconf 78' lang='lat' dir='ltr'>Amorem</span> <span class='ocrx_word' id='word_1_79' title='bbox 989 717 1090 768; x_wconf 85' lang='lat' dir='ltr'><em>eleg.</em></span> <span class='ocrx_word' id='word_1_80' title='bbox 1116 728 1129 755; x_wconf 90' lang='lat'><strong>1</strong></span> <span class='ocrx_word' id='word_1_81' title='bbox 1143 727 1206 756; x_wconf 79' lang='lat'><em>1¹.</em></span> 
     </span>
     <span class='ocr_line' id='line_1_12' title="bbox 211 766 1289 824; baseline -0.007 -10"><span class='ocrx_word' id='word_1_82' title='bbox 211 773 298 814; x_wconf 84' lang='lat' dir='ltr'><em>Nec</em></span> <span class='ocrx_word' id='word_1_83' title='bbox 310 772 407 824; x_wconf 65' lang='lat' dir='ltr'><em>fietis</em></span> <span class='ocrx_word' id='word_1_84' title='bbox 424 770 489 810; x_wconf 89' lang='lat' dir='ltr'><em>hoc</em></span> <span class='ocrx_word' id='word_1_85' title='bbox 501 770 658 820; x_wconf 82' lang='lat' dir='ltr'><em>fuerat,</em></span> <span class='ocrx_word' id='word_1_86' title='bbox 673 766 820 818; x_wconf 82' lang='lat' dir='ltr'><em>stultus</em></span> <span class='ocrx_word' id='word_1_87' title='bbox 839 779 982 821; x_wconf 86' lang='lat' dir='ltr'><em>quoque</em></span> <span class='ocrx_word' id='word_1_88' title='bbox 999 767 1174 808; x_wconf 84' lang='lat' dir='ltr'><em>carmina</em></span> <span class='ocrx_word' id='word_1_89' title='bbox 1181 767 1262 818; x_wconf 74' lang='lat' dir='ltr'><em>feci</em></span> <span class='ocrx_word' id='word_1_90' title='bbox 1274 796 1289 818; x_wconf 81' lang='lat'>‚</span> 
     </span>
     <span class='ocr_line' id='line_1_13' title="bbox 265 818 1040 914; baseline -0.009 -48"><span class='ocrx_word' id='word_1_91' title='bbox 265 825 424 866; x_wconf 84' lang='lat' dir='ltr'><em>Artibus</em></span> <span class='ocrx_word' id='word_1_92' title='bbox 448 833 492 862; x_wconf 83' lang='lat' dir='ltr'><em>ut</em></span> <span class='ocrx_word' id='word_1_93' title='bbox 503 821 620 914; x_wconf 51' lang='lat' dir='ltr'><em>ppffes</em></span> <span class='ocrx_word' id='word_1_94' title='bbox 635 834 706 860; x_wconf 83' lang='lat' dir='ltr'><em>non</em></span> <span class='ocrx_word' id='word_1_95' title='bbox 724 818 829 858; x_wconf 85' lang='lat' dir='ltr'><em>rudis</em></span> <span class='ocrx_word' id='word_1_96' title='bbox 843 819 913 871; x_wconf 78' lang='lat' dir='ltr'><em>effe</em></span> <span class='ocrx_word' id='word_1_97' title='bbox 932 821 1040 864; x_wconf 76' lang='lat' dir='ltr'><em>meis.</em></span> 
     </span>
     <span class='ocr_line' id='line_1_14' title="bbox 211 871 1244 934; baseline -0.007 -13"><span class='ocrx_word' id='word_1_98' title='bbox 211 879 292 921; x_wconf 87' lang='lat' dir='ltr'><em>Pro</em></span> <span class='ocrx_word' id='word_1_99' title='bbox 315 879 447 934; x_wconf 84' lang='lat' dir='ltr'><em>quibus</em></span> <span class='ocrx_word' id='word_1_100' title='bbox 464 875 530 915; x_wconf 87' lang='lat' dir='ltr'><em>exi</em></span> <span class='ocrx_word' id='word_1_101' title='bbox 545 877 626 914; x_wconf 86' lang='lat' dir='ltr'><em>ium</em></span> <span class='ocrx_word' id='word_1_102' title='bbox 644 872 775 924; x_wconf 88' lang='lat' dir='ltr'><em>misero</em></span> <span class='ocrx_word' id='word_1_103' title='bbox 794 871 891 912; x_wconf 86' lang='lat' dir='ltr'><em>mihi</em></span> <span class='ocrx_word' id='word_1_104' title='bbox 909 874 1058 914; x_wconf 86' lang='lat' dir='ltr'><em>reddita</em></span> <span class='ocrx_word' id='word_1_105' title='bbox 1078 887 1244 926; x_wconf 77' lang='lat' dir='ltr'><em>merces,</em></span> 
     </span>
     <span class='ocr_line' id='line_1_15' title="bbox 262 923 1151 987; baseline -0.007 -15"><span class='ocrx_word' id='word_1_106' title='bbox 262 931 314 972; x_wconf 87' lang='lat' dir='ltr'><em>Id</em></span> <span class='ocrx_word' id='word_1_107' title='bbox 328 944 470 987; x_wconf 83' lang='lat' dir='ltr'><em>quoque</em></span> <span class='ocrx_word' id='word_1_108' title='bbox 489 928 530 969; x_wconf 88' lang='lat' dir='ltr'><em>in</em></span> <span class='ocrx_word' id='word_1_109' title='bbox 550 928 756 978; x_wconf 82' lang='lat' dir='ltr'><em>extremis,</em></span> <span class='ocrx_word' id='word_1_110' title='bbox 786 923 929 973; x_wconf 72' lang='lat' dir='ltr'><em>&amp;fine</em></span> <span class='ocrx_word' id='word_1_111' title='bbox 938 937 1033 981; x_wconf 88' lang='lat' dir='ltr'><em>pace</em></span> <span class='ocrx_word' id='word_1_112' title='bbox 1051 926 1151 968; x_wconf 90' lang='lat' dir='ltr'><em>locis.</em></span> 
     </span>
     <span class='ocr_line' id='line_1_16' title="bbox 42 978 1404 1032; baseline -0.004 -3"><span class='ocrx_word' id='word_1_113' title='bbox 42 988 88 1029; x_wconf 83' lang='lat'><em>111</em></span> <span class='ocrx_word' id='word_1_114' title='bbox 110 985 255 1029; x_wconf 88' lang='lat' dir='ltr'><em>eodem</em></span> <span class='ocrx_word' id='word_1_115' title='bbox 276 985 328 1026; x_wconf 87' lang='lat' dir='ltr'><em>fic</em></span> <span class='ocrx_word' id='word_1_116' title='bbox 345 984 548 1024; x_wconf 87' lang='lat' dir='ltr'><em>Amorem</em></span> <span class='ocrx_word' id='word_1_117' title='bbox 568 981 634 1022; x_wconf 87' lang='lat' dir='ltr'><em>fibi</em></span> <span class='ocrx_word' id='word_1_118' title='bbox 654 978 964 1032; x_wconf 82' lang='lat' dir='ltr'><em>respondentem</em></span> <span class='ocrx_word' id='word_1_119' title='bbox 984 981 1138 1021; x_wconf 83' lang='lat' dir='ltr'>inducit</span> <span class='ocrx_word' id='word_1_120' title='bbox 1162 981 1204 1022; x_wconf 88' lang='lat' dir='ltr'><em>in</em></span> <span class='ocrx_word' id='word_1_121' title='bbox 1224 980 1404 1023; x_wconf 83' lang='lat' dir='ltr'><em>somnis:</em></span> 
     </span>
     <span class='ocr_line' id='line_1_17' title="bbox 209 1032 1192 1094; baseline -0.002 -16"><span class='ocrx_word' id='word_1_122' title='bbox 209 1037 335 1094; x_wconf 83' lang='lat' dir='ltr'><em>thue</em></span> <span class='ocrx_word' id='word_1_123' title='bbox 355 1036 419 1077; x_wconf 84' lang='lat' dir='ltr'><em>hoc</em></span> <span class='ocrx_word' id='word_1_124' title='bbox 431 1066 442 1086; x_wconf 85' lang='lat'><strong>‚</strong></span> <span class='ocrx_word' id='word_1_125' title='bbox 454 1034 512 1086; x_wconf 86' lang='lat' dir='ltr'><em>fic</em></span> <span class='ocrx_word' id='word_1_126' title='bbox 534 1036 682 1076; x_wconf 79' lang='lat' dir='ltr'><em>utinam</em></span> <span class='ocrx_word' id='word_1_127' title='bbox 704 1032 900 1084; x_wconf 77' lang='lat' dir='ltr'><em>defendere</em></span> <span class='ocrx_word' id='word_1_128' title='bbox 918 1044 1041 1074; x_wconf 82' lang='lat' dir='ltr'><em>cetera</em></span> <span class='ocrx_word' id='word_1_129' title='bbox 1054 1033 1192 1087; x_wconf 62' lang='lat' dir='ltr'><em>postest</em></span> 
     </span>
     <span class='ocr_line' id='line_1_18' title="bbox 264 1085 1115 1141; baseline -0.007 -9"><span class='ocrx_word' id='word_1_130' title='bbox 264 1092 343 1132; x_wconf 88' lang='lat' dir='ltr'><em>Scis</em></span> <span class='ocrx_word' id='word_1_131' title='bbox 364 1089 492 1141; x_wconf 86' lang='lat' dir='ltr'><em>aliud,</em></span> <span class='ocrx_word' id='word_1_132' title='bbox 520 1088 618 1141; x_wconf 83' lang='lat' dir='ltr'><em>quod</em></span> <span class='ocrx_word' id='word_1_133' title='bbox 632 1097 669 1127; x_wconf 88' lang='lat' dir='ltr'><em>te</em></span> <span class='ocrx_word' id='word_1_134' title='bbox 690 1086 862 1138; x_wconf 74' lang='lat' dir='ltr'><em>laeserit,</em></span> <span class='ocrx_word' id='word_1_135' title='bbox 891 1085 959 1140; x_wconf 76' lang='lat' dir='ltr'><em>effi</em></span> <span class='ocrx_word' id='word_1_136' title='bbox 982 1101 1046 1126; x_wconf 84' lang='lat' dir='ltr'><em>ma</em></span> <span class='ocrx_word' id='word_1_137' title='bbox 1071 1089 1115 1127; x_wconf 86' lang='lat' dir='ltr'><em>is.</em></span> 
     </span>
     <span class='ocr_line' id='line_1_19' title="bbox 427 1138 1225 1193; baseline -0.003 -10"><span class='ocrx_word' id='word_1_138' title='bbox 427 1141 480 1184; x_wconf 91' lang='lat' dir='ltr'><em>Et</em></span> <span class='ocrx_word' id='word_1_139' title='bbox 501 1142 541 1182; x_wconf 87' lang='lat' dir='ltr'><em>in</em></span> <span class='ocrx_word' id='word_1_140' title='bbox 566 1150 711 1193; x_wconf 88' lang='lat' dir='ltr'><em>quarto</em></span> <span class='ocrx_word' id='word_1_141' title='bbox 730 1139 778 1180; x_wconf 85' lang='lat' dir='ltr'><em>ad</em></span> <span class='ocrx_word' id='word_1_142' title='bbox 801 1138 955 1181; x_wconf 87' lang='lat' dir='ltr'><em>Carum</em></span> <span class='ocrx_word' id='word_1_143' title='bbox 976 1140 1035 1193; x_wconf 92' lang='lat' dir='ltr'><em>epi</em></span> <span class='ocrx_word' id='word_1_144' title='bbox 1073 1171 1083 1182; x_wconf 87' lang='lat'><strong>.</strong></span> <span class='ocrx_word' id='word_1_145' title='bbox 1105 1153 1225 1183; x_wconf 75' lang='lat' dir='ltr'><em>xr11.</em></span> 
     </span>
     <span class='ocr_line' id='line_1_20' title="bbox 210 1193 1185 1251; baseline -0.009 -11"><span class='ocrx_word' id='word_1_146' title='bbox 210 1196 281 1240; x_wconf 88' lang='lat' dir='ltr'><em>Ille</em></span> <span class='ocrx_word' id='word_1_147' title='bbox 299 1197 449 1251; x_wconf 89' lang='lat' dir='ltr'><em>quidem</em></span> <span class='ocrx_word' id='word_1_148' title='bbox 467 1194 595 1244; x_wconf 81' lang='lat' dir='ltr'><em>dixit3</em></span> <span class='ocrx_word' id='word_1_149' title='bbox 610 1193 683 1246; x_wconf 86' lang='lat' dir='ltr'><em>sed</em></span> <span class='ocrx_word' id='word_1_150' title='bbox 701 1207 761 1232; x_wconf 92' lang='lat' dir='ltr'><em>me</em></span> <span class='ocrx_word' id='word_1_151' title='bbox 769 1193 880 1246; x_wconf 87' lang='lat' dir='ltr'><em>jam,</em></span> <span class='ocrx_word' id='word_1_152' title='bbox 909 1194 1035 1246; x_wconf 87' lang='lat' dir='ltr'><em>Care,</em></span> <span class='ocrx_word' id='word_1_153' title='bbox 1060 1193 1185 1234; x_wconf 85' lang='lat' dir='ltr'><em>nivali</em></span> 
     </span>
     <span class='ocr_line' id='line_1_21' title="bbox 262 1246 1092 1303; baseline -0.002 -13"><span class='ocrx_word' id='word_1_154' title='bbox 262 1251 382 1290; x_wconf 84' lang='lat' dir='ltr'><em>Sexta</em></span> <span class='ocrx_word' id='word_1_155' title='bbox 401 1249 610 1303; x_wconf 85' lang='lat' dir='ltr'><em>relegatum</em></span> <span class='ocrx_word' id='word_1_156' title='bbox 628 1246 766 1287; x_wconf 88' lang='lat' dir='ltr'><em>bruma</em></span> <span class='ocrx_word' id='word_1_157' title='bbox 778 1246 852 1297; x_wconf 90' lang='lat' dir='ltr'><em>sub</em></span> <span class='ocrx_word' id='word_1_158' title='bbox 876 1261 951 1287; x_wconf 83' lang='lat' dir='ltr'><em>axe</em></span> <span class='ocrx_word' id='word_1_159' title='bbox 972 1248 1092 1288; x_wconf 82' lang='lat' dir='ltr'><em>videt.</em></span> 
     </span>
     <span class='ocr_line' id='line_1_22' title="bbox 208 1299 1311 1356; baseline -0.001 -14"><span class='ocrx_word' id='word_1_160' title='bbox 208 1303 396 1346; x_wconf 77' lang='lat' dir='ltr'><em>Carmina</em></span> <span class='ocrx_word' id='word_1_161' title='bbox 413 1304 470 1341; x_wconf 88' lang='lat' dir='ltr'><em>nil</em></span> <span class='ocrx_word' id='word_1_162' title='bbox 480 1301 659 1355; x_wconf 76' lang='lat' dir='ltr'><em>prosunt:</em></span> <span class='ocrx_word' id='word_1_163' title='bbox 684 1310 891 1340; x_wconf 78' lang='lat' dir='ltr'><em>nocuerunt</em></span> <span class='ocrx_word' id='word_1_164' title='bbox 909 1301 1084 1341; x_wconf 86' lang='lat' dir='ltr'><em>carmina</em></span> <span class='ocrx_word' id='word_1_165' title='bbox 1099 1299 1311 1356; x_wconf 82' lang='lat' dir='ltr'><em>quondam,</em></span> 
     </span>
     <span class='ocr_line' id='line_1_23' title="bbox 262 1352 1166 1409; baseline -0.003 -12"><span class='ocrx_word' id='word_1_166' title='bbox 262 1356 476 1408; x_wconf 87' lang='lat' dir='ltr'><em>Primaque</em></span> <span class='ocrx_word' id='word_1_167' title='bbox 495 1365 576 1394; x_wconf 79' lang='lat' dir='ltr'><em>tam</em></span> <span class='ocrx_word' id='word_1_168' title='bbox 596 1353 754 1405; x_wconf 77' lang='lat' dir='ltr'><em>miserae</em></span> <span class='ocrx_word' id='word_1_169' title='bbox 771 1352 895 1406; x_wconf 87' lang='lat' dir='ltr'><em>cauffa</em></span> <span class='ocrx_word' id='word_1_170' title='bbox 903 1355 1020 1405; x_wconf 83' lang='lat' dir='ltr'><em>fuere</em></span> <span class='ocrx_word' id='word_1_171' title='bbox 1035 1355 1166 1409; x_wconf 77' lang='lat' dir='ltr'><em>fugae.</em></span> 
     </span>
     <span class='ocr_line' id='line_1_24' title="bbox 539 1406 1162 1452; baseline -0.002 -3"><span class='ocrx_word' id='word_1_172' title='bbox 539 1406 731 1449; x_wconf 88' lang='lat' dir='ltr'><em>Secundo</em></span> <span class='ocrx_word' id='word_1_173' title='bbox 752 1406 850 1447; x_wconf 88' lang='lat' dir='ltr'><em>item</em></span> <span class='ocrx_word' id='word_1_174' title='bbox 870 1406 920 1447; x_wconf 92' lang='lat' dir='ltr'><em>de</em></span> <span class='ocrx_word' id='word_1_175' title='bbox 939 1406 1064 1452; x_wconf 82' lang='lat' dir='ltr'><em>Trist.</em></span> <span class='ocrx_word' id='word_1_176' title='bbox 1086 1407 1162 1450; x_wconf 86' lang='lat' dir='ltr'><em>ait:</em></span> 
     </span>
     <span class='ocr_line' id='line_1_25' title="bbox 210 1458 1094 1518; baseline -0.006 -12"><span class='ocrx_word' id='word_1_177' title='bbox 210 1464 295 1506; x_wconf 90' lang='lat' dir='ltr'><em>Cur</em></span> <span class='ocrx_word' id='word_1_178' title='bbox 309 1463 456 1518; x_wconf 67' lang='lat' dir='ltr'><em>aliquid</em></span> <span class='ocrx_word' id='word_1_179' title='bbox 480 1459 588 1500; x_wconf 80' lang='lat' dir='ltr'><em>vidi?</em></span> <span class='ocrx_word' id='word_1_180' title='bbox 607 1474 676 1500; x_wconf 89' lang='lat' dir='ltr'><em>cur</em></span> <span class='ocrx_word' id='word_1_181' title='bbox 694 1458 811 1499; x_wconf 87' lang='lat' dir='ltr'><em>noxia</em></span> <span class='ocrx_word' id='word_1_182' title='bbox 833 1460 980 1500; x_wconf 82' lang='lat' dir='ltr'><em>lumina</em></span> <span class='ocrx_word' id='word_1_183' title='bbox 986 1461 1094 1510; x_wconf 74' lang='lat' dir='ltr'><em>feci?</em></span> 
     </span>
     <span class='ocr_line' id='line_1_26' title="bbox 268 1512 1115 1571; baseline -0.004 -14"><span class='ocrx_word' id='word_1_184' title='bbox 268 1515 352 1557; x_wconf 81' lang='lat' dir='ltr'><em>Cur</em></span> <span class='ocrx_word' id='word_1_185' title='bbox 374 1515 605 1571; x_wconf 78' lang='lat' dir='ltr'><em>imprudenti</em></span> <span class='ocrx_word' id='word_1_186' title='bbox 625 1514 772 1567; x_wconf 86' lang='lat' dir='ltr'><em>cognita</em></span> <span class='ocrx_word' id='word_1_187' title='bbox 792 1512 902 1567; x_wconf 87' lang='lat' dir='ltr'><em>culpa</em></span> <span class='ocrx_word' id='word_1_188' title='bbox 921 1513 1019 1553; x_wconf 87' lang='lat' dir='ltr'><em>mihi</em></span> <span class='ocrx_word' id='word_1_189' title='bbox 1037 1514 1115 1567; x_wconf 81' lang='lat' dir='ltr'><em>est?</em></span> 
     </span>
     <span class='ocr_line' id='line_1_27' title="bbox 214 1564 1106 1622; baseline -0.003 -12"><span class='ocrx_word' id='word_1_190' title='bbox 214 1569 356 1622; x_wconf 80' lang='lat' dir='ltr'><em>Inscius</em></span> <span class='ocrx_word' id='word_1_191' title='bbox 377 1569 542 1608; x_wconf 60' lang='lat' dir='ltr'><em>Adaeon</em></span> <span class='ocrx_word' id='word_1_192' title='bbox 562 1566 663 1606; x_wconf 82' lang='lat' dir='ltr'><em>vidit</em></span> <span class='ocrx_word' id='word_1_193' title='bbox 670 1564 754 1616; x_wconf 85' lang='lat' dir='ltr'><em>fine</em></span> <span class='ocrx_word' id='word_1_194' title='bbox 774 1566 874 1619; x_wconf 82' lang='lat' dir='ltr'><em>veste</em></span> <span class='ocrx_word' id='word_1_195' title='bbox 894 1565 1066 1607; x_wconf 86' lang='lat' dir='ltr'><em>Dianam</em></span> <span class='ocrx_word' id='word_1_196' title='bbox 1082 1579 1106 1608; x_wconf 74' lang='lat' dir='ltr'><em>:v</em></span> 
     </span>
     <span class='ocr_line' id='line_1_28' title="bbox 264 1618 1111 1674; baseline -0.004 -10"><span class='ocrx_word' id='word_1_197' title='bbox 264 1621 420 1664; x_wconf 88' lang='lat' dir='ltr'><em>Praeda</em></span> <span class='ocrx_word' id='word_1_198' title='bbox 427 1621 513 1674; x_wconf 78' lang='lat' dir='ltr'><em>fuit</em></span> <span class='ocrx_word' id='word_1_199' title='bbox 533 1620 686 1662; x_wconf 82' lang='lat' dir='ltr'><em>canibus</em></span> <span class='ocrx_word' id='word_1_200' title='bbox 703 1633 775 1658; x_wconf 88' lang='lat' dir='ltr'><em>non</em></span> <span class='ocrx_word' id='word_1_201' title='bbox 792 1621 918 1660; x_wconf 88' lang='lat' dir='ltr'><em>minus</em></span> <span class='ocrx_word' id='word_1_202' title='bbox 936 1618 1000 1659; x_wconf 87' lang='lat' dir='ltr'><em>ille</em></span> <span class='ocrx_word' id='word_1_203' title='bbox 1012 1620 1111 1670; x_wconf 82' lang='lat' dir='ltr'><em>suis.</em></span> 
     </span>
     <span class='ocr_line' id='line_1_29' title="bbox 556 1672 1245 1720; baseline 0.001 -7"><span class='ocrx_word' id='word_1_204' title='bbox 556 1673 610 1714; x_wconf 92' lang='lat' dir='ltr'><em>Et</em></span> <span class='ocrx_word' id='word_1_205' title='bbox 630 1673 672 1713; x_wconf 88' lang='lat' dir='ltr'><em>in</em></span> <span class='ocrx_word' id='word_1_206' title='bbox 691 1672 841 1714; x_wconf 89' lang='lat' dir='ltr'><em>eodem</em></span> <span class='ocrx_word' id='word_1_207' title='bbox 864 1673 905 1714; x_wconf 89' lang='lat' dir='ltr'><em>in</em></span> <span class='ocrx_word' id='word_1_208' title='bbox 925 1673 1029 1714; x_wconf 87' lang='lat' dir='ltr'><em>fine:</em></span> <span class='ocrx_word' id='word_1_209' title='bbox 1241 1718 1245 1720; x_wconf 53' lang='grc'>,</span> 
     </span>
     <span class='ocr_line' id='line_1_30' title="bbox 212 1725 1247 1784; baseline -0.006 -12"><span class='ocrx_word' id='word_1_210' title='bbox 212 1729 472 1784; x_wconf 66' lang='lat' dir='ltr'><em>carminaque</em></span> <span class='ocrx_word' id='word_1_211' title='bbox 491 1727 703 1771; x_wconf 86' lang='lat' dir='ltr'><em>edideram,</em></span> <span class='ocrx_word' id='word_1_212' title='bbox 731 1741 819 1766; x_wconf 90' lang='lat' dir='ltr'><em>cum</em></span> <span class='ocrx_word' id='word_1_213' title='bbox 837 1736 875 1766; x_wconf 87' lang='lat' dir='ltr'><em>te</em></span> <span class='ocrx_word' id='word_1_214' title='bbox 893 1725 1032 1768; x_wconf 63' lang='lat' dir='ltr'><em>delie‘i‘a</em></span> <span class='ocrx_word' id='word_1_215' title='bbox 1050 1735 1247 1768; x_wconf 77' lang='lat' dir='ltr'><em>notantem</em></span> 
     </span>
     <span class='ocr_line' id='line_1_31' title="bbox 263 1780 971 1834; baseline -0.004 -10"><span class='ocrx_word' id='word_1_216' title='bbox 263 1782 460 1824; x_wconf 84' lang='lat' dir='ltr'><em>Praeterii</em></span> <span class='ocrx_word' id='word_1_217' title='bbox 475 1782 582 1821; x_wconf 81' lang='lat' dir='ltr'><em>toties</em></span> <span class='ocrx_word' id='word_1_218' title='bbox 601 1780 829 1834; x_wconf 77' lang='lat' dir='ltr'><em>irrequietus</em></span> <span class='ocrx_word' id='word_1_219' title='bbox 847 1794 971 1833; x_wconf 83' lang='lat' dir='ltr'><em>eques.</em></span> 
     </span>
     <span class='ocr_line' id='line_1_32' title="bbox 210 1833 1144 1890; baseline -0.003 -14"><span class='ocrx_word' id='word_1_220' title='bbox 210 1835 313 1890; x_wconf 79' lang='lat' dir='ltr'><em>Ergo</em></span> <span class='ocrx_word' id='word_1_221' title='bbox 332 1850 426 1890; x_wconf 88' lang='lat' dir='ltr'><em>quae</em></span> <span class='ocrx_word' id='word_1_222' title='bbox 433 1834 575 1887; x_wconf 87' lang='lat' dir='ltr'><em>juveni</em></span> <span class='ocrx_word' id='word_1_223' title='bbox 589 1833 685 1873; x_wconf 84' lang='lat' dir='ltr'><em>mihi</em></span> <span class='ocrx_word' id='word_1_224' title='bbox 707 1848 778 1874; x_wconf 86' lang='lat' dir='ltr'><em>non</em></span> <span class='ocrx_word' id='word_1_225' title='bbox 795 1834 967 1877; x_wconf 65' lang='lat' dir='ltr'><em>nocitura</em></span> <span class='ocrx_word' id='word_1_226' title='bbox 980 1835 1144 1888; x_wconf 84' lang='lat' dir='ltr'><em>putavi,</em></span> 
     </span>
     <span class='ocr_line' id='line_1_33' title="bbox 266 1886 1181 1941; baseline -0.002 -13"><span class='ocrx_word' id='word_1_227' title='bbox 266 1890 413 1941; x_wconf 87' lang='lat' dir='ltr'><em>Scripta</em></span> <span class='ocrx_word' id='word_1_228' title='bbox 428 1897 567 1941; x_wconf 85' lang='lat' dir='ltr'><em>parum</em></span> <span class='ocrx_word' id='word_1_229' title='bbox 578 1887 767 1941; x_wconf 79' lang='lat' dir='ltr'><em>prudens,</em></span> <span class='ocrx_word' id='word_1_230' title='bbox 797 1901 897 1927; x_wconf 87' lang='lat' dir='ltr'><em>nunc</em></span> <span class='ocrx_word' id='word_1_231' title='bbox 917 1902 1074 1928; x_wconf 87' lang='lat' dir='ltr'><em>nocuere</em></span> <span class='ocrx_word' id='word_1_232' title='bbox 1079 1886 1181 1941; x_wconf 84' lang='lat' dir='ltr'><em>seni.</em></span> 
     </span>
     <span class='ocr_line' id='line_1_34' title="bbox 213 1939 1061 1982; baseline -0.004 -1"><span class='ocrx_word' id='word_1_233' title='bbox 213 1941 306 1981; x_wconf 83' lang='lat' dir='ltr'><em>Sera</em></span> <span class='ocrx_word' id='word_1_234' title='bbox 330 1941 557 1981; x_wconf 80' lang='lat' dir='ltr'><em>redundavit</em></span> <span class='ocrx_word' id='word_1_235' title='bbox 582 1941 721 1979; x_wconf 83' lang='lat' dir='ltr'><em>veteris</em></span> <span class='ocrx_word' id='word_1_236' title='bbox 742 1940 914 1980; x_wconf 60' lang='lat' dir='ltr'><em>vindicta</em></span> <span class='ocrx_word' id='word_1_237' title='bbox 930 1939 1061 1982; x_wconf 82' lang='lat' dir='ltr'><em>libelli.</em></span> 
     </span>
     <span class='ocr_line' id='line_1_35' title="bbox 268 1991 1066 2046; baseline -0.003 -12"><span class='ocrx_word' id='word_1_238' title='bbox 268 1993 401 2046; x_wconf 79' lang='lat' dir='ltr'><em>Distat</em></span> <span class='ocrx_word' id='word_1_239' title='bbox 423 1991 475 2039; x_wconf 50' lang='grc' dir='ltr'><em>ξε),</em></span> <span class='ocrx_word' id='word_1_240' title='bbox 495 1992 520 2031; x_wconf 78' lang='grc' dir='ltr'><em>ὰ</em></span> <span class='ocrx_word' id='word_1_241' title='bbox 537 1993 667 2031; x_wconf 84' lang='lat' dir='ltr'><em>meriti</em></span> <span class='ocrx_word' id='word_1_242' title='bbox 683 2001 848 2046; x_wconf 78' lang='lat' dir='ltr'><em>tempore</em></span> <span class='ocrx_word' id='word_1_243' title='bbox 859 2002 986 2046; x_wconf 81' lang='lat' dir='ltr'><em>poena</em></span> <span class='ocrx_word' id='word_1_244' title='bbox 992 1993 1066 2042; x_wconf 76' lang='lat' dir='ltr'><em>fui.</em></span> 
     </span>
     <span class='ocr_line' id='line_1_36' title="bbox 597 2043 1048 2099; baseline 0 -15"><span class='ocrx_word' id='word_1_245' title='bbox 597 2043 651 2084; x_wconf 85' lang='lat' dir='ltr'><em>Et</em></span> <span class='ocrx_word' id='word_1_246' title='bbox 669 2044 710 2085; x_wconf 87' lang='lat' dir='ltr'><em>in</em></span> <span class='ocrx_word' id='word_1_247' title='bbox 729 2045 848 2085; x_wconf 88' lang='lat' dir='ltr'><em>tertio</em></span> <span class='ocrx_word' id='word_1_248' title='bbox 869 2044 985 2099; x_wconf 85' lang='lat' dir='ltr'><em>Eleg.</em></span> <span class='ocrx_word' id='word_1_249' title='bbox 1002 2058 1048 2085; x_wconf 88' lang='lat' dir='ltr'><em>v..</em></span> 
     </span>
     <span class='ocr_line' id='line_1_37' title="bbox 213 2095 1188 2153; baseline -0.003 -13"><span class='ocrx_word' id='word_1_250' title='bbox 213 2101 336 2153; x_wconf 78' lang='lat' dir='ltr'><em>Infiia</em></span> <span class='ocrx_word' id='word_1_251' title='bbox 355 2098 455 2153; x_wconf 82' lang='lat' dir='ltr'><em>quod</em></span> <span class='ocrx_word' id='word_1_252' title='bbox 471 2098 615 2138; x_wconf 84' lang='lat' dir='ltr'><em>crimen</em></span> <span class='ocrx_word' id='word_1_253' title='bbox 632 2097 814 2137; x_wconf 81' lang='lat' dir='ltr'><em>viderunt</em></span> <span class='ocrx_word' id='word_1_254' title='bbox 829 2095 999 2147; x_wconf 86' lang='lat' dir='ltr'><em>lumina,</em></span> <span class='ocrx_word' id='word_1_255' title='bbox 1015 2097 1162 2152; x_wconf 71' lang='lat' dir='ltr'><em>plec‘lor</em></span> <span class='ocrx_word' id='word_1_256' title='bbox 1175 2111 1188 2137; x_wconf 66' lang='grc' dir='ltr'>ε</span> 
     </span>
     <span class='ocr_line' id='line_1_38' title="bbox 269 2149 1104 2205; baseline -0.004 -12"><span class='ocrx_word' id='word_1_257' title='bbox 269 2154 553 2205; x_wconf 83' lang='lat' dir='ltr'><em>Peccatumque</em></span> <span class='ocrx_word' id='word_1_258' title='bbox 572 2149 692 2189; x_wconf 82' lang='lat' dir='ltr'><em>oculos</em></span> <span class='ocrx_word' id='word_1_259' title='bbox 710 2150 760 2200; x_wconf 76' lang='lat' dir='ltr'><em>est</em></span> <span class='ocrx_word' id='word_1_260' title='bbox 779 2149 943 2205; x_wconf 61' lang='lat' dir='ltr'><em>habuiffe</em></span> <span class='ocrx_word' id='word_1_261' title='bbox 963 2165 1104 2191; x_wconf 88' lang='lat' dir='ltr'><em>meum.</em></span> 
     </span>
     <span class='ocr_line' id='line_1_39' title="bbox 214 2201 1198 2259; baseline -0.002 -12"><span class='ocrx_word' id='word_1_262' title='bbox 214 2205 307 2247; x_wconf 88' lang='lat' dir='ltr'><em>Non</em></span> <span class='ocrx_word' id='word_1_263' title='bbox 327 2205 498 2259; x_wconf 86' lang='lat' dir='ltr'><em>equidem</em></span> <span class='ocrx_word' id='word_1_264' title='bbox 518 2212 637 2242; x_wconf 85' lang='lat' dir='ltr'><em>totam</em></span> <span class='ocrx_word' id='word_1_265' title='bbox 650 2201 800 2256; x_wconf 79' lang='lat' dir='ltr'><em>poffum&#39;</em></span> <span class='ocrx_word' id='word_1_266' title='bbox 812 2203 1010 2253; x_wconf 84' lang='lat' dir='ltr'><em>defendere</em></span> <span class='ocrx_word' id='word_1_267' title='bbox 1027 2203 1198 2258; x_wconf 86' lang='lat' dir='ltr'><em>culpam:</em></span> 
     </span>
     <span class='ocr_line' id='line_1_40' title="bbox 267 2255 1088 2312; baseline -0.005 -12"><span class='ocrx_word' id='word_1_268' title='bbox 267 2259 344 2300; x_wconf 88' lang='lat' dir='ltr'><em>Sed</em></span> <span class='ocrx_word' id='word_1_269' title='bbox 352 2267 502 2312; x_wconf 87' lang='lat' dir='ltr'><em>partem</em></span> <span class='ocrx_word' id='word_1_270' title='bbox 522 2255 635 2306; x_wconf 75' lang='lat' dir='ltr'><em>nostri</em></span> <span class='ocrx_word' id='word_1_271' title='bbox 653 2255 825 2295; x_wconf 87' lang='lat' dir='ltr'><em>criminis</em></span> <span class='ocrx_word' id='word_1_272' title='bbox 843 2269 947 2296; x_wconf 86' lang='lat' dir='ltr'><em>error</em></span> <span class='ocrx_word' id='word_1_273' title='bbox 965 2255 1088 2296; x_wconf 86' lang='lat' dir='ltr'><em>habet.</em></span> 
     </span>
    </p>
   </div>
   <div class='ocr_carea' id='block_1_4' title="bbox 47 2316 2148 2969">
    <p class='ocr_par' dir='ltr' id='par_1_4' title="bbox 47 2316 2148 2750">
     <span class='ocr_line' id='line_1_41' title="bbox 48 2316 2141 2382; baseline -0.001 -16"><span class='ocrx_word' id='word_1_274' title='bbox 48 2322 213 2377; x_wconf 84' lang='lat' dir='ltr'><em>Ubique</em></span> <span class='ocrx_word' id='word_1_275' title='bbox 230 2325 346 2378; x_wconf 76' lang='lat' dir='ltr'><em>igitur</em></span> <span class='ocrx_word' id='word_1_276' title='bbox 362 2323 472 2364; x_wconf 84' lang='lat' dir='ltr'><em>exilii</em></span> <span class='ocrx_word' id='word_1_277' title='bbox 489 2322 652 2363; x_wconf 84' lang='lat' dir='ltr'><em>causam</em></span> <span class='ocrx_word' id='word_1_278' title='bbox 675 2330 765 2362; x_wconf 91' lang='lat' dir='ltr'><em>tum</em></span> <span class='ocrx_word' id='word_1_279' title='bbox 785 2321 909 2382; x_wconf 57' lang='lat' dir='ltr'><em>libro?</em></span> <span class='ocrx_word' id='word_1_280' title='bbox 933 2317 1002 2360; x_wconf 93' lang='lat' dir='ltr'><em>De</em></span> <span class='ocrx_word' id='word_1_281' title='bbox 1024 2320 1147 2373; x_wconf 76' lang='lat' dir='ltr'><em>Arte,</em></span> <span class='ocrx_word' id='word_1_282' title='bbox 1178 2330 1266 2363; x_wconf 88' lang='lat' dir='ltr'><em>tum</em></span> <span class='ocrx_word' id='word_1_283' title='bbox 1284 2335 1465 2365; x_wconf 88' lang='lat' dir='ltr'><em>errorem</em></span> <span class='ocrx_word' id='word_1_284' title='bbox 1488 2323 1602 2366; x_wconf 84' lang='lat' dir='ltr'><em>fuiffe</em></span> <span class='ocrx_word' id='word_1_285' title='bbox 1621 2330 1946 2366; x_wconf 83' lang='lat' dir='ltr'><em>commemorat:</em></span> <span class='ocrx_word' id='word_1_286' title='bbox 1967 2323 2055 2374; x_wconf 81' lang='lat' dir='ltr'><em>quis</em></span> <span class='ocrx_word' id='word_1_287' title='bbox 2075 2316 2141 2363; x_wconf 79' lang='lat' dir='ltr'><em>ve·</em></span> 
     </span>
     <span class='ocr_line' id='line_1_42' title="bbox 47 2375 2143 2434; baseline -0 -17"><span class='ocrx_word' id='word_1_288' title='bbox 47 2389 95 2418; x_wconf 75' lang='lat' dir='ltr'><em>to</em></span> <span class='ocrx_word' id='word_1_289' title='bbox 127 2378 195 2419; x_wconf 72' lang='lat' dir='ltr'><em>iile</em></span> <span class='ocrx_word' id='word_1_290' title='bbox 222 2388 337 2420; x_wconf 65' lang='lat' dir='ltr'><em>errorv</em></span> <span class='ocrx_word' id='word_1_291' title='bbox 363 2377 502 2428; x_wconf 86' lang='lat' dir='ltr'><em>fuerit,</em></span> <span class='ocrx_word' id='word_1_292' title='bbox 530 2386 741 2427; x_wconf 84' lang='lat' dir='ltr'><em>nunquam</em></span> <span class='ocrx_word' id='word_1_293' title='bbox 768 2382 940 2427; x_wconf 82' lang='lat' dir='ltr'><em>aperuit,</em></span> <span class='ocrx_word' id='word_1_294' title='bbox 959 2385 1022 2434; x_wconf 35' lang='lat' dir='ltr'><em>‚ne</em></span> <span class='ocrx_word' id='word_1_295' title='bbox 1050 2375 1176 2429; x_wconf 83' lang='lat' dir='ltr'><em>magis</em></span> <span class='ocrx_word' id='word_1_296' title='bbox 1199 2376 1401 2431; x_wconf 83' lang='lat' dir='ltr'><em>Augustus</em></span> <span class='ocrx_word' id='word_1_297' title='bbox 1433 2378 1499 2418; x_wconf 90' lang='lat' dir='ltr'><em>fibi</em></span> <span class='ocrx_word' id='word_1_298' title='bbox 1520 2377 1766 2419; x_wconf 85' lang='lat' dir='ltr'><em>irasceretur.</em></span> <span class='ocrx_word' id='word_1_299' title='bbox 1797 2389 1940 2417; x_wconf 87' lang='lat' dir='ltr'><em>verum</em></span> <span class='ocrx_word' id='word_1_300' title='bbox 1959 2376 2074 2427; x_wconf 85' lang='lat' dir='ltr'><em>quia,</em></span> <span class='ocrx_word' id='word_1_301' title='bbox 2097 2384 2143 2416; x_wconf 75' lang='lat' dir='ltr'><em>ut</em></span> 
     </span>
     <span class='ocr_line' id='line_1_43' title="bbox 48 2428 2147 2483; baseline 0 -14"><span class='ocrx_word' id='word_1_302' title='bbox 48 2428 126 2481; x_wconf 87' lang='lat' dir='ltr'><em>ipse</em></span> <span class='ocrx_word' id='word_1_303' title='bbox 143 2431 218 2483; x_wconf 85' lang='lat' dir='ltr'><em>ait,</em></span> <span class='ocrx_word' id='word_1_304' title='bbox 248 2430 428 2472; x_wconf 84' lang='lat' dir='ltr'><em>Nitimur</em></span> <span class='ocrx_word' id='word_1_305' title='bbox 446 2432 487 2470; x_wconf 85' lang='lat' dir='ltr'><em>in</em></span> <span class='ocrx_word' id='word_1_306' title='bbox 504 2431 672 2470; x_wconf 83' lang='lat' dir='ltr'><em>vetitum</em></span> <span class='ocrx_word' id='word_1_307' title='bbox 681 2428 854 2482; x_wconf 87' lang='lat' dir='ltr'><em>semper,</em></span> <span class='ocrx_word' id='word_1_308' title='bbox 879 2428 1120 2482; x_wconf 78' lang='lat' dir='ltr'><em>cupimusque</em></span> <span class='ocrx_word' id='word_1_309' title='bbox 1140 2440 1300 2483; x_wconf 79' lang='lat' dir='ltr'><em>negata3</em></span> <span class='ocrx_word' id='word_1_310' title='bbox 1330 2430 1525 2482; x_wconf 81' lang='lat' dir='ltr'><em>quidnam</em></span> <span class='ocrx_word' id='word_1_311' title='bbox 1548 2431 1587 2472; x_wconf 91' lang='lat' dir='ltr'><em>id</em></span> <span class='ocrx_word' id='word_1_312' title='bbox 1607 2432 1747 2482; x_wconf 85' lang='lat' dir='ltr'><em>fuerit,</em></span> <span class='ocrx_word' id='word_1_313' title='bbox 1761 2429 1922 2483; x_wconf 77' lang='lat' dir='ltr'><em>plurimi</em></span> <span class='ocrx_word' id='word_1_314' title='bbox 1945 2428 2046 2470; x_wconf 88' lang='lat' dir='ltr'><em>scire</em></span> <span class='ocrx_word' id='word_1_315' title='bbox 2069 2441 2147 2469; x_wconf 80' lang='lat' dir='ltr'><em>co-</em></span> 
     </span>
     <span class='ocr_line' id='line_1_44' title="bbox 48 2481 2146 2538; baseline 0 -16"><span class='ocrx_word' id='word_1_316' title='bbox 48 2483 128 2523; x_wconf 88' lang='lat' dir='ltr'><em>nati</em></span> <span class='ocrx_word' id='word_1_317' title='bbox 148 2484 261 2534; x_wconf 86' lang='lat' dir='ltr'><em>sunt,</em></span> <span class='ocrx_word' id='word_1_318' title='bbox 289 2485 326 2526; x_wconf 75' lang='grc' dir='ltr'>ἃ</span> <span class='ocrx_word' id='word_1_319' title='bbox 347 2493 517 2525; x_wconf 84' lang='lat' dir='ltr'><em>con-atur</em></span> <span class='ocrx_word' id='word_1_320' title='bbox 540 2482 694 2534; x_wconf 87' lang='lat' dir='ltr'><em>semper</em></span> <span class='ocrx_word' id='word_1_321' title='bbox 713 2481 879 2533; x_wconf 80' lang='lat' dir='ltr'><em>aliquis;</em></span> <span class='ocrx_word' id='word_1_322' title='bbox 909 2490 1150 2533; x_wconf 82' lang='lat' dir='ltr'><em>quapropter</em></span> <span class='ocrx_word' id='word_1_323' title='bbox 1168 2483 1350 2536; x_wconf 88' lang='lat' dir='ltr'><em>suspicati</em></span> <span class='ocrx_word' id='word_1_324' title='bbox 1372 2483 1463 2526; x_wconf 87' lang='lat' dir='ltr'><em>sunt</em></span> <span class='ocrx_word' id='word_1_325' title='bbox 1488 2485 1655 2538; x_wconf 89' lang='lat' dir='ltr'><em>quidam</em></span> <span class='ocrx_word' id='word_1_326' title='bbox 1677 2495 1791 2538; x_wconf 87' lang='lat' dir='ltr'><em>turpe</em></span> <span class='ocrx_word' id='word_1_327' title='bbox 1811 2482 1978 2535; x_wconf 86' lang='lat' dir='ltr'><em>aliquod</em></span> <span class='ocrx_word' id='word_1_328' title='bbox 2003 2482 2146 2536; x_wconf 84' lang='lat' dir='ltr'><em>Augu-</em></span> 
     </span>
     <span class='ocr_line' id='line_1_45' title="bbox 48 2533 2143 2592; baseline 0.001 -17"><span class='ocrx_word' id='word_1_329' title='bbox 48 2534 93 2576; x_wconf 80' lang='lat' dir='ltr'><em>sti</em></span> <span class='ocrx_word' id='word_1_330' title='bbox 114 2536 308 2579; x_wconf 88' lang='lat' dir='ltr'><em>secretum</em></span> <span class='ocrx_word' id='word_1_331' title='bbox 330 2537 421 2579; x_wconf 84' lang='lat' dir='ltr'><em>casu</em></span> <span class='ocrx_word' id='word_1_332' title='bbox 440 2536 574 2578; x_wconf 76' lang='lat' dir='ltr'><em>vidiss&#39;e</em></span> <span class='ocrx_word' id='word_1_333' title='bbox 592 2534 802 2577; x_wconf 79' lang='lat' dir='ltr'><em>Ovidium,</em></span> <span class='ocrx_word' id='word_1_334' title='bbox 832 2533 945 2586; x_wconf 89' lang='lat' dir='ltr'><em>quod</em></span> <span class='ocrx_word' id='word_1_335' title='bbox 965 2546 1049 2574; x_wconf 90' lang='lat' dir='ltr'><em>non</em></span> <span class='ocrx_word' id='word_1_336' title='bbox 1071 2537 1224 2587; x_wconf 85' lang='lat' dir='ltr'><em>placet,</em></span> <span class='ocrx_word' id='word_1_337' title='bbox 1249 2537 1342 2588; x_wconf 90' lang='lat' dir='ltr'><em>quia</em></span> <span class='ocrx_word' id='word_1_338' title='bbox 1363 2538 1482 2579; x_wconf 88' lang='lat' dir='ltr'><em>toties</em></span> <span class='ocrx_word' id='word_1_339' title='bbox 1508 2539 1742 2592; x_wconf 88' lang='lat' dir='ltr'><em>objiciendo</em></span> <span class='ocrx_word' id='word_1_340' title='bbox 1762 2539 1916 2588; x_wconf 85' lang='lat' dir='ltr'><em>scelus,</em></span> <span class='ocrx_word' id='word_1_341' title='bbox 1947 2537 2143 2578; x_wconf 89' lang='lat' dir='ltr'><em>immitio-</em></span> 
     </span>
     <span class='ocr_line' id='line_1_46' title="bbox 50 2587 2148 2645; baseline 0.003 -19"><span class='ocrx_word' id='word_1_342' title='bbox 50 2599 134 2628; x_wconf 88' lang='lat' dir='ltr'><em>rem</em></span> <span class='ocrx_word' id='word_1_343' title='bbox 158 2590 375 2632; x_wconf 76' lang='lat' dir='ltr'><em>reddidisset</em></span> <span class='ocrx_word' id='word_1_344' title='bbox 404 2589 641 2640; x_wconf 78' lang='lat' dir='ltr'><em>Caesarem,</em></span> <span class='ocrx_word' id='word_1_345' title='bbox 668 2601 792 2640; x_wconf 89' lang='lat' dir='ltr'><em>quem</em></span> <span class='ocrx_word' id='word_1_346' title='bbox 820 2587 946 2628; x_wconf 90' lang='lat' dir='ltr'><em>lenire</em></span> <span class='ocrx_word' id='word_1_347' title='bbox 975 2587 1014 2627; x_wconf 77' lang='grc' dir='ltr'><em>ὅτ</em></span> <span class='ocrx_word' id='word_1_348' title='bbox 1042 2590 1200 2639; x_wconf 76' lang='lat' dir='ltr'><em>placare</em></span> <span class='ocrx_word' id='word_1_349' title='bbox 1231 2590 1418 2632; x_wconf 85' lang='lat' dir='ltr'><em>studebat.</em></span> <span class='ocrx_word' id='word_1_350' title='bbox 1447 2593 1513 2633; x_wconf 75' lang='lat' dir='ltr'><em>alii</em></span> <span class='ocrx_word' id='word_1_351' title='bbox 1536 2605 1659 2641; x_wconf 88' lang='lat' dir='ltr'><em>ver0‚</em></span> <span class='ocrx_word' id='word_1_352' title='bbox 1694 2592 1806 2645; x_wconf 89' lang='lat' dir='ltr'><em>quod</em></span> <span class='ocrx_word' id='word_1_353' title='bbox 1829 2590 1997 2643; x_wconf 81' lang='lat' dir='ltr'><em>Augusti</em></span> <span class='ocrx_word' id='word_1_354' title='bbox 2015 2590 2148 2632; x_wconf 88' lang='lat' dir='ltr'><em>filiam·</em></span> 
     </span>
     <span class='ocr_line' id='line_1_47' title="bbox 52 2638 2140 2699; baseline 0.004 -22"><span class='ocrx_word' id='word_1_355' title='bbox 52 2638 371 2699; x_wconf 22' lang='lat' dir='ltr'><em>falsovCorinnae</em></span> <span class='ocrx_word' id='word_1_356' title='bbox 389 2645 553 2685; x_wconf 83' lang='lat' dir='ltr'><em>nomine</em></span> <span class='ocrx_word' id='word_1_357' title='bbox 576 2642 786 2691; x_wconf 82' lang='lat' dir='ltr'><em>amaverit,</em></span> <span class='ocrx_word' id='word_1_358' title='bbox 812 2653 935 2693; x_wconf 88' lang='lat' dir='ltr'><em>quae,</em></span> <span class='ocrx_word' id='word_1_359' title='bbox 964 2649 1009 2681; x_wconf 91' lang='lat' dir='ltr'><em>ut</em></span> <span class='ocrx_word' id='word_1_360' title='bbox 1032 2641 1185 2684; x_wconf 88' lang='lat' dir='ltr'><em>Plinius</em></span> <span class='ocrx_word' id='word_1_361' title='bbox 1208 2643 1245 2684; x_wconf 70' lang='grc' dir='ltr'><em>ὅ(</em></span> <span class='ocrx_word' id='word_1_362' title='bbox 1265 2642 1534 2695; x_wconf 81' lang='lat' dir='ltr'><em>Tranquillus</em></span> <span class='ocrx_word' id='word_1_363' title='bbox 1555 2646 1757 2699; x_wconf 88' lang='lat' dir='ltr'><em>scribunt,</em></span> <span class='ocrx_word' id='word_1_364' title='bbox 1787 2644 1963 2699; x_wconf 76' lang='lat' dir='ltr'><em>flagravit</em></span> <span class='ocrx_word' id='word_1_365' title='bbox 1985 2643 2140 2685; x_wconf 84' lang='lat' dir='ltr'><em>adulte-</em></span> 
     </span>
     <span class='ocr_line' id='line_1_48' title="bbox 53 2694 1655 2750; baseline 0.005 -20"><span class='ocrx_word' id='word_1_366' title='bbox 53 2704 203 2734; x_wconf 76' lang='lat' dir='ltr'><em>norum</em></span> <span class='ocrx_word' id='word_1_367' title='bbox 223 2696 405 2748; x_wconf 81' lang='lat' dir='ltr'><em>infamia,</em></span> <span class='ocrx_word' id='word_1_368' title='bbox 425 2697 470 2738; x_wconf 83' lang='lat'><em>·&amp;</em></span> <span class='ocrx_word' id='word_1_369' title='bbox 493 2697 681 2738; x_wconf 86' lang='lat' dir='ltr'><em>damnata</em></span> <span class='ocrx_word' id='word_1_370' title='bbox 701 2696 768 2737; x_wconf 90' lang='lat' dir='ltr'><em>est.</em></span> <span class='ocrx_word' id='word_1_371' title='bbox 797 2707 877 2747; x_wconf 86' lang='lat' dir='ltr'><em>qua</em></span> <span class='ocrx_word' id='word_1_372' title='bbox 895 2694 945 2735; x_wconf 91' lang='lat' dir='ltr'><em>de</em></span> <span class='ocrx_word' id='word_1_373' title='bbox 963 2707 1006 2735; x_wconf 90' lang='lat' dir='ltr'><em>re</em></span> <span class='ocrx_word' id='word_1_374' title='bbox 1025 2694 1079 2736; x_wconf 88' lang='lat' dir='ltr'><em>fic</em></span> <span class='ocrx_word' id='word_1_375' title='bbox 1101 2694 1290 2740; x_wconf 88' lang='lat' dir='ltr'><em>Sidonius</em></span> <span class='ocrx_word' id='word_1_376' title='bbox 1311 2699 1459 2750; x_wconf 67' lang='lat' dir='ltr'><em>poeta:</em></span> <span class='ocrx_word' id='word_1_377' title='bbox 1651 2716 1655 2720; x_wconf 83' lang='grc'><em>·</em></span> 
     </span>
    </p>

    <p class='ocr_par' dir='ltr' id='par_1_5' title="bbox 227 2758 832 2817">
     <span class='ocr_line' id='line_1_49' title="bbox 227 2758 832 2817; baseline 0.008 -20"><span class='ocrx_word' id='word_1_378' title='bbox 227 2758 284 2798; x_wconf 79' lang='lat' dir='ltr'><em>Et</em></span> <span class='ocrx_word' id='word_1_379' title='bbox 303 2770 339 2799; x_wconf 85' lang='lat' dir='ltr'><em>te</em></span> <span class='ocrx_word' id='word_1_380' title='bbox 359 2764 527 2803; x_wconf 84' lang='lat' dir='ltr'><em>carmina</em></span> <span class='ocrx_word' id='word_1_381' title='bbox 537 2775 608 2817; x_wconf 83' lang='lat' dir='ltr'><em>per</em></span> <span class='ocrx_word' id='word_1_382' title='bbox 635 2763 832 2815; x_wconf 66' lang='lat' dir='ltr'><em>libidimfic</em></span> 
     </span>
    </p>

    <p class='ocr_par' dir='ltr' id='par_1_6' title="bbox 229 2810 1101 2871">
     <span class='ocr_line' id='line_1_50' title="bbox 229 2810 1101 2871; baseline 0.01 -22"><span class='ocrx_word' id='word_1_383' title='bbox 229 2810 400 2862; x_wconf 82' lang='lat' dir='ltr'><em>Notum,</em></span> <span class='ocrx_word' id='word_1_384' title='bbox 428 2813 528 2865; x_wconf 92' lang='lat' dir='ltr'><em>Naso</em></span> <span class='ocrx_word' id='word_1_385' title='bbox 546 2827 672 2868; x_wconf 82' lang='lat' dir='ltr'><em>tener,</em></span> <span class='ocrx_word' id='word_1_386' title='bbox 701 2817 901 2870; x_wconf 71' lang='lat' dir='ltr'><em>Tomosque</em></span> <span class='ocrx_word' id='word_1_387' title='bbox 921 2816 1101 2871; x_wconf 69' lang='lat' dir='ltr'><em>mtffum,</em></span> 
     </span>
    </p>

    <p class='ocr_par' dir='ltr' id='par_1_7' title="bbox 227 2862 936 2924">
     <span class='ocr_line' id='line_1_51' title="bbox 227 2862 936 2924; baseline 0.013 -22"><span class='ocrx_word' id='word_1_388' title='bbox 227 2862 426 2918; x_wconf 70' lang='lat' dir='ltr'><em>Quondam</em></span> <span class='ocrx_word' id='word_1_389' title='bbox 445 2866 646 2918; x_wconf 85' lang='lat' dir='ltr'><em>Caesareae</em></span> <span class='ocrx_word' id='word_1_390' title='bbox 665 2870 777 2910; x_wconf 84' lang='lat' dir='ltr'><em>nimis</em></span> <span class='ocrx_word' id='word_1_391' title='bbox 784 2870 936 2924; x_wconf 85' lang='lat' dir='ltr'><em>puellae</em></span> 
     </span>
    </p>

    <p class='ocr_par' dir='ltr' id='par_1_8' title="bbox 224 2915 924 2969">
     <span class='ocr_line' id='line_1_52' title="bbox 224 2915 924 2969; baseline 0.011 -14"><span class='ocrx_word' id='word_1_392' title='bbox 224 2915 325 2968; x_wconf 90' lang='lat' dir='ltr'><em>Falso</em></span> <span class='ocrx_word' id='word_1_393' title='bbox 345 2918 491 2957; x_wconf 81' lang='lat' dir='ltr'><em>nomine</em></span> <span class='ocrx_word' id='word_1_394' title='bbox 501 2920 696 2969; x_wconf 82' lang='lat' dir='ltr'><em>subditum</em></span> <span class='ocrx_word' id='word_1_395' title='bbox 716 2922 924 2968; x_wconf 56' lang='lat' dir='ltr'><em>Corinnae,</em></span> 
     </span>
    </p>
   </div>
   <div class='ocr_carea' id='block_1_5' title="bbox 52 2981 2148 3158">
    <p class='ocr_par' dir='ltr' id='par_1_9' title="bbox 52 2981 2148 3158">
     <span class='ocr_line' id='line_1_53' title="bbox 52 2981 2148 3052; baseline 0 -19"><span class='ocrx_word' id='word_1_396' title='bbox 52 2981 163 3044; x_wconf 64' lang='lat' dir='ltr'><em>‘IPQd</em></span> <span class='ocrx_word' id='word_1_397' title='bbox 189 2994 276 3024; x_wconf 79' lang='lat' dir='ltr'>110ss</span> <span class='ocrx_word' id='word_1_398' title='bbox 297 2983 473 3025; x_wconf 85' lang='lat' dir='ltr'><em>videtur:</em></span> <span class='ocrx_word' id='word_1_399' title='bbox 488 2985 640 3047; x_wconf 58' lang='lat' dir='ltr'><em>‚qufafi</em></span> <span class='ocrx_word' id='word_1_400' title='bbox 664 2987 716 3030; x_wconf 65' lang='lat' dir='ltr'><em>ira</em></span> <span class='ocrx_word' id='word_1_401' title='bbox 736 2990 857 3052; x_wconf 58' lang='lat' dir='ltr'><em>esset,</em></span> <span class='ocrx_word' id='word_1_402' title='bbox 881 2994 1050 3046; x_wconf 86' lang='lat' dir='ltr'><em>graviter</em></span> <span class='ocrx_word' id='word_1_403' title='bbox 1070 2993 1109 3035; x_wconf 78' lang='lat' dir='ltr'><em>&lt;Sc</em></span> <span class='ocrx_word' id='word_1_404' title='bbox 1132 2993 1301 3037; x_wconf 86' lang='lat' dir='ltr'><em>scienter</em></span> <span class='ocrx_word' id='word_1_405' title='bbox 1320 2995 1362 3036; x_wconf 85' lang='lat' dir='ltr'><em>in</em></span> <span class='ocrx_word' id='word_1_406' title='bbox 1385 2995 1559 3051; x_wconf 75' lang='lat' dir='ltr'><em>Augusti</em></span> <span class='ocrx_word' id='word_1_407' title='bbox 1571 2996 1822 3049; x_wconf 84' lang='lat' dir='ltr'><em>majestatem</em></span> <span class='ocrx_word' id='word_1_408' title='bbox 1843 2993 2065 3046; x_wconf 64' lang='lat' dir='ltr'><em>deliquisset</em></span> <span class='ocrx_word' id='word_1_409' title='bbox 2083 2991 2148 3034; x_wconf 77' lang='lat'><em>0-</em></span> 
     </span>
     <span class='ocr_line' id='line_1_54' title="bbox 52 3035 2144 3105; baseline -0.002 -14"><span class='ocrx_word' id='word_1_410' title='bbox 52 3035 199 3096; x_wconf 63' lang='lat' dir='ltr'><em>V¹5¹¹u⁸2</em></span> <span class='ocrx_word' id='word_1_411' title='bbox 224 3048 331 3098; x_wconf 58' lang='lat' dir='ltr'>¹¹0J¹2</span> <span class='ocrx_word' id='word_1_412' title='bbox 360 3047 404 3078; x_wconf 87' lang='lat' dir='ltr'><em>ut</em></span> <span class='ocrx_word' id='word_1_413' title='bbox 431 3039 579 3089; x_wconf 78' lang='lat' dir='ltr'><em>Ublque</em></span> <span class='ocrx_word' id='word_1_414' title='bbox 607 3038 685 3105; x_wconf 53' lang='lat' dir='ltr'><em>{pse</em></span> <span class='ocrx_word' id='word_1_415' title='bbox 715 3040 864 3103; x_wconf 67' lang='lat' dir='ltr'><em>scribit,</em></span> <span class='ocrx_word' id='word_1_416' title='bbox 898 3059 965 3097; x_wconf 89' lang='lat' dir='ltr'><em>per</em></span> <span class='ocrx_word' id='word_1_417' title='bbox 994 3060 1198 3101; x_wconf 87' lang='lat' dir='ltr'><em>errorem,</em></span> <span class='ocrx_word' id='word_1_418' title='bbox 1228 3048 1266 3090; x_wconf 72' lang='grc' dir='ltr'><em>ὅ(</em></span> <span class='ocrx_word' id='word_1_419' title='bbox 1297 3050 1523 3092; x_wconf 81' lang='lat' dir='ltr'><em>inscienter.</em></span> <span class='ocrx_word' id='word_1_420' title='bbox 1554 3060 1769 3103; x_wconf 80' lang='lat' dir='ltr'><em>praeterea,</em></span> <span class='ocrx_word' id='word_1_421' title='bbox 1805 3061 1928 3102; x_wconf 88' lang='lat' dir='ltr'><em>quam</em></span> <span class='ocrx_word' id='word_1_422' title='bbox 1949 3047 2047 3088; x_wconf 67' lang='grc' dir='ltr'><em>ῇᾶὶο</em></span> <span class='ocrx_word' id='word_1_423' title='bbox 2067 3058 2144 3087; x_wconf 68' lang='lat' dir='ltr'><em>ne-</em></span> 
     </span>
     <span class='ocr_line' id='line_1_55' title="bbox 55 3089 2050 3158; baseline 0.006 -30"><span class='ocrx_word' id='word_1_424' title='bbox 55 3098 162 3129; x_wconf 74' lang='lat' dir='ltr'><em>mine</em></span> <span class='ocrx_word' id='word_1_425' title='bbox 181 3089 408 3131; x_wconf 83' lang='lat' dir='ltr'><em>Cormnam</em></span> <span class='ocrx_word' id='word_1_426' title='bbox 427 3093 662 3144; x_wconf 75' lang='lat' dir='ltr'><em>appellavn,</em></span> <span class='ocrx_word' id='word_1_427' title='bbox 691 3102 865 3143; x_wconf 76' lang='lat' dir='ltr'><em>potitum</em></span> <span class='ocrx_word' id='word_1_428' title='bbox 883 3098 923 3138; x_wconf 88' lang='lat' dir='ltr'><em>se</em></span> <span class='ocrx_word' id='word_1_429' title='bbox 945 3101 1105 3142; x_wconf 84' lang='lat' dir='ltr'><em>testatur</em></span> <span class='ocrx_word' id='word_1_430' title='bbox 1123 3102 1164 3143; x_wconf 87' lang='lat' dir='ltr'><em>in</em></span> <span class='ocrx_word' id='word_1_431' title='bbox 1188 3102 1409 3146; x_wconf 80' lang='lat' dir='ltr'><em>Amoribus</em></span> <span class='ocrx_word' id='word_1_432' title='bbox 1431 3103 1535 3148; x_wconf 83' lang='lat' dir='ltr'><em>libro</em></span> <span class='ocrx_word' id='word_1_433' title='bbox 1556 3103 1689 3157; x_wconf 84' lang='lat' dir='ltr'><em>primo</em></span> <span class='ocrx_word' id='word_1_434' title='bbox 1710 3106 1811 3158; x_wconf 82' lang='lat' dir='ltr'><em>eleg.</em></span> <span class='ocrx_word' id='word_1_435' title='bbox 1831 3116 1869 3145; x_wconf 84' lang='lat' dir='ltr'><em>v.</em></span> <span class='ocrx_word' id='word_1_436' title='bbox 1892 3101 2050 3143; x_wconf 83' lang='lat' dir='ltr'><em>dicens:</em></span> 
     </span>
    </p>
   </div>
   <div class='ocr_carea' id='block_1_6' title="bbox 227 3157 1182 3270">
    <p class='ocr_par' dir='ltr' id='par_1_10' title="bbox 227 3157 1182 3270">
     <span class='ocr_line' id='line_1_56' title="bbox 227 3157 1162 3214; baseline 0.012 -17"><span class='ocrx_word' id='word_1_437' title='bbox 227 3157 381 3210; x_wconf 83' lang='lat' dir='ltr'><em>Singula</em></span> <span class='ocrx_word' id='word_1_438' title='bbox 400 3159 495 3214; x_wconf 88' lang='lat' dir='ltr'><em>quid</em></span> <span class='ocrx_word' id='word_1_439' title='bbox 508 3158 595 3210; x_wconf 65' lang='lat' dir='ltr'><em>resen</em></span> <span class='ocrx_word' id='word_1_440' title='bbox 608 3158 697 3199; x_wconf 78' lang='lat' dir='ltr'><em>am?</em></span> <span class='ocrx_word' id='word_1_441' title='bbox 720 3159 777 3199; x_wconf 87' lang='lat' dir='ltr'><em>nil</em></span> <span class='ocrx_word' id='word_1_442' title='bbox 793 3175 863 3200; x_wconf 87' lang='lat' dir='ltr'><em>non</em></span> <span class='ocrx_word' id='word_1_443' title='bbox 879 3163 1062 3206; x_wconf 83' lang='lat' dir='ltr'><em>laudabile</em></span> <span class='ocrx_word' id='word_1_444' title='bbox 1078 3167 1162 3208; x_wconf 85' lang='lat' dir='ltr'><em>vidi</em></span> 
     </span>
     <span class='ocr_line' id='line_1_57' title="bbox 284 3198 1182 3270; baseline 0.009 -18"><span class='ocrx_word' id='word_1_445' title='bbox 284 3208 340 3252; x_wconf 80' lang='lat' dir='ltr'><em>Et</em></span> <span class='ocrx_word' id='word_1_446' title='bbox 359 3212 498 3254; x_wconf 83' lang='lat' dir='ltr'><em>nudam</em></span> <span class='ocrx_word' id='word_1_447' title='bbox 512 3211 625 3267; x_wconf 84' lang='lat' dir='ltr'><em>preffi</em></span> <span class='ocrx_word' id='word_1_448' title='bbox 644 3222 773 3268; x_wconf 84' lang='lat' dir='ltr'><em>corpus</em></span> <span class='ocrx_word' id='word_1_449' title='bbox 788 3214 956 3270; x_wconf 83' lang='lat' dir='ltr'><em>adusque</em></span> <span class='ocrx_word' id='word_1_450' title='bbox 972 3231 1111 3261; x_wconf 87' lang='lat' dir='ltr'><em>meum.</em></span> <span class='ocrx_word' id='word_1_451' title='bbox 1169 3198 1182 3222; x_wconf 66' lang='lat'>⁷</span> 
     </span>
    </p>
   </div>
   <div class='ocr_carea' id='block_1_7' title="bbox 1402 3261 2157 3329">
    <p class='ocr_par' dir='ltr' id='par_1_11' title="bbox 1402 3261 2157 3329">
     <span class='ocr_line' id='line_1_58' title="bbox 1402 3261 2157 3329; baseline 0.011 -16"><span class='ocrx_word' id='word_1_452' title='bbox 1402 3269 1445 3316; x_wconf 65' lang='grc' dir='ltr'><em>Β</em></span> <span class='ocrx_word' id='word_1_453' title='bbox 1469 3282 1498 3329; x_wconf 74' lang='lat'><em>33</em></span> <span class='ocrx_word' id='word_1_454' title='bbox 1522 3277 1525 3279; x_wconf 72' lang='grc'><strong><em>’</em></strong></span> <span class='ocrx_word' id='word_1_455' title='bbox 1608 3261 1613 3266; x_wconf 43' lang='grc'><strong>“</strong></span> <span class='ocrx_word' id='word_1_456' title='bbox 2033 3271 2157 3321; x_wconf 50' lang='lat' dir='ltr'><em>Cetei.</em></span> 
     </span>
    </p>
   </div>
  </div>
 </body>
</html>
