2547 3708
640 139 1547 194 PRAEFA'rioNEs.
2048 165 2144 214 205

30 236 178 300 'studia
197 242 332 290 Tuae
354 234 631 284 Celfitudini
667 250 929 285 reverenter
954 239 1249 286 commendo.
1318 239 1468 286 Datae
1493 238 1614 286 ldib.
1635 239 1791 300 Junii,
1828 239 1968 288 Anno
2002 258 2141 306 1554.

39 319 87 364 in
108 305 352 360 Academia
374 301 709 366 Regiimontis.

507 432 1069 484 VICTORIS
1138 437 1675 486 GISELINI

665 542 770 576 ante
796 529 1229 594 Metamorphoses,
1264 531 1513 579 Dedicatio

203 625 968 691 GEORGIO
1088 628 1969 709 FABRITIO,

909 742 1253 791 Chemnicenfi.

177 877 438 940 Uamquam
464 875 512 921 δε
533 889 680 937 nuper
703 873 955 921 admodum
992 874 1105 934 tibi,
1140 876 1350 935 Fabrici,
1373 878 1686 936 innotuerim5
1724 895 1870 943 neque
1891 882 2143 928 etiamnum

201 947 264 990 ita
287 944 454 988 multae
478 956 529 987 ac
554 939 800 1002 singulares
827 940 979 986 mutui
1001 941 1122 986 inter
1148 957 1230 987 nos
1253 944 1418 989 amoris
1441 944 1610 990 caussae
1633 944 1959 992 intercesserint
1974 967 1989 1002 3
2006 960 2051 992 te
2076 959 2145 992 ta-

40 1037 42 1039 *
200 1023 305 1053 men
332 1009 484 1069 potius
508 1021 640 1067 quam
670 1004 809 1050 alium
832 1021 1109 1068 quemquam
1134 1021 1344 1053 meorum
1370 1009 1582 1054 omnium
1607 1010 1761 1055 multis
1790 1009 1846 1054 de
1878 1010 2030 1057 causfis
2062 1013 2139 1057 hic

35 1075 152 1123 mihi
177 1071 408 1119 affandum
431 1069 515 1116 esse
538 1069 807 1115 existimavi.
842 1071 1075 1133 inprimiS,
1111 1074 1236 1133 quod
1262 1073 1352 1118 hoc
1376 1085 1586 1135 tempore
1610 1076 1838 1120 neminem
1863 1075 1938 1121 hic
1961 1091 2141 1139 cogno-

35 1140 181 1188 verim
198 1170 214 1196 ,
249 1152 327 1183 aut
349 1137 455 1182 alibi
481 1149 702 1181 terrarum
725 1133 811 1180 esse
835 1137 1088 1198 acceperim
1104 1169 1119 1194 ,
1155 1139 1234 1198 qui
1256 1153 1423 1200 aeque,
1456 1150 1593 1199 atque
1616 1152 1668 1184 tu
1684 1173 1699 1197 ,
1730 1140 1865 1200 hujus
1887 1140 2028 1186 nostri
2051 1140 2142 1186 elev·

35 1201 284 1269 gantiffnni
307 1202 470 1265 poetae
491 1200 669 1262 scriptis
698 1201 799 1261 capi
833 1198 983 1246 soleat.
1021 1200 1066 1245 id
1093 1201 1217 1262 quod
1241 1218 1377 1247 nemo
1406 1201 1581 1248 inficias
1616 1204 1678 1248 irc
1709 1197 1924 1262 audebit,
1959 1205 2036 1267 qui
2071 1206 2146 1251 vel

34 1267 317 1332 primoribus
346 1265 478 1311 labris
510 1264 764 1327 degustarit
798 1263 948 1310 felicia
986 1266 1055 1310 tui
1082 1266 1258 1329 ingenii
1287 1280 1611 1326 monumenta,
1647 1283 1796 1314 meros
1822 1268 1846 1313 ἐ
1870 1269 2144 1316 Sulmonen-

35 1332 151 1381 fiufn
178 1331 386 1378 fontibus
412 1328 631 1375 detinetos
658 1328 855 1376 rivulos:
892 1346 1041 1392 neque
1065 1330 1177 1376 item
1208 1331 1308 1391 ille,
1342 1334 1419 1394 qui
1442 1334 1532 1378 tuis
1558 1331 1712 1378 studiis
1739 1349 1790 1378 ac
1814 1332 2041 1379 laboribus
2066 1334 2143 1380 ad-

33 1400 162 1463 jutus
195 1395 416 1460 gratulari
450 1393 532 1440 fibi
569 1395 735 1440 merito
769 1393 945 1456 potest,
979 1394 1242 1442 breviffimo
1269 1398 1316 1443 in
1350 1397 1494 1459 spatio
1526 1396 1635 1443 illud
1662 1396 1745 1443 fibi
1770 1398 1856 1443 iter
1877 1397 2142 1445 confeEtum

34 1460 145 1521 esse,
180 1462 306 1524 quod
334 1461 537 1524 plerique
561 1459 634 1506 alii
658 1459 794 1506 etiam
821 1459 1119 1523 iniquissimos
1141 1461 1317 1508 viarum
1342 1461 1537 1507 ambitus
1558 1474 1869 1525 perreptantes
1890 1462 2045 1508 multis
2066 1479 2144 1508 an-

38 1529 111 1575 ·nis
147 1529 469 1590 nequiverunt.
539 1525 657 1570 Huc
693 1524 901 1584 accedit,
935 1525 1058 1589 quod
1094 1526 1214 1589 ipse,
1252 1541 1302 1573 ut
1338 1528 1392 1573 ad
1420 1542 1493 1572 me
1524 1525 1706 1586 scribis,
1740 1540 1843 1572 ante
1867 1542 2007 1573 annos
2030 1544 2140 1574 xxv.

40 1593 88 1640 in
122 1592 285 1637 eodem
315 1591 457 1654 poeta
480 1589 767 1635 emendando
793 1591 1033 1650 nonnihil,
1068 1590 1112 1636 id
1137 1591 1231 1649 est,
1267 1606 1350 1638 tuo
1376 1608 1534 1650 more,
1572 1592 1618 1637 &
1640 1589 1967 1638 accuratiffime
1990 1592 2143 1638 elabo-

38 1657 232 1715 raveris,
268 1657 513 1718 omniaque
546 1653 743 1715 ejusdem
769 1670 908 1717 opera
932 1671 1038 1701 cum
1061 1656 1268 1718 plurimis
1295 1656 1341 1703 ἃ
1365 1658 1554 1720 optimis
1581 1655 1942 1719 exemplaribus,
1979 1657 2143 1720 quibus

0 1734 140 1774 „tum
168 1722 475 1767 Germanicae
508 1721 776 1782 italicaeque
808 1720 1120 1768 bibliothecae
1155 1735 1284 1768 erant
1322 1721 1706 1778 instruc‘tiffimae,
1741 1721 1916 1766 naviter
1937 1724 2148 1768 contule-

39 1788 116 1834 ris.
151 1785 333 1833 videbas
368 1785 586 1831 nimirum
624 1786 807 1844 multo,
842 1801 977 1848 quam
1012 1803 1121 1844 nos,
1157 1788 1348 1846 rectius,
1383 1801 1596 1832 veterum·
1616 1798 1916 1831 monumenta
1937 1803 2030 1849 quo
2055 1788 2144 1834 fre·

38 1853 255 1915 quentius
288 1851 343 1896 ab
368 1850 534 1913 ineptis
559 1849 751 1897 librariis
779 1850 1003 1913 descripta
1026 1852 1155 1909 sunt,
1193 1853 1241 1899 ὃς
1267 1852 1467 1898 hostium
1493 1849 1674 1897 suorum
1703 1849 1906 1896 manibus
1936 1851 2145 1913 objefta,

41 1917 137 1964 hoc
165 1915 368 1978 pluribus
394 1915 442 1961 &
466 1913 776 1973 foedioribus,
811 1932 945 1977 quam
972 1917 1177 1979 plerique
1203 1916 1507 1978 suspicantur,
1529 1915 1792 1962 vulneribus
1813 1914 1897 1960 esse
1919 1914 2144 1963 deforma-

40 1993 87 2027 ta
111 1982 250 2043 inque
273 1995 327 2025 eo
356 1994 548 2024 numero
576 1979 737 2024 Ovidii
762 1979 956 2042 scripta,
992 1994 1044 2026 ut
1070 1996 1183 2043 quae
1206 1981 1433 2039 maxime,
1461 1978 1792 2026 annumeranda
1817 1979 1901 2024 effe
1921 1996 1975 2025 ex
2000 1996 2055 2026 co
2077 1981 2143 2027 fa-

42 2046 136 2091 cile
162 2043 470 2105 intelligebas:
506 2043 629 2105 quod
655 2044 701 2088 ἃ
722 2043 894 2089 mediae
914 2046 1070 2090 aetatis
1096 2047 1249 2107 captui
1277 2046 1415 2108 longe
1438 2060 1543 2107 prae
1565 2044 1660 2089 aliis
1681 2043 1851 2089 fuerint
1875 2060 2142 2090 accommo-

40 2110 243 2156 datiora:
283 2108 331 2154 &
355 2108 474 2153 nulla
498 2109 581 2154 alia
603 2107 858 2166 exstarent,
894 2109 1056 2170 quibus
1079 2111 1178 2172 plus
1201 2109 1561 2156 adulterinorum
1586 2107 1794 2155 versuum
1820 2110 1864 2153 in
1892 2107 2021 2154 editis
2045 2109 2145 2155 vul-

40 2190 106 2238 go
142 2174 189 2219 δί
223 2173 481 2219 recentiore
516 2173 689 2218 calamo
724 2174 916 2219 exaratis
945 2174 1281 2237 exemplaribus
1306 2173 1360 2220 fit
1383 2173 1683 2220 inculcatum.
1752 2172 1944 2218 Utinam
1969 2189 2077 2219 vero
2102 2191 2147 2220 a-

43 2240 170 2284 mico
194 2239 258 2295 illi
286 2251 399 2296 tuo,
435 2237 513 2298 qui
536 2250 691 2282 tecum
716 2251 842 2283 certe
867 2253 960 2283 non
983 2240 1158 2296 amice,
1193 2238 1432 2285 nobiscum
1457 2254 1565 2284 vero
1591 2238 1724 2301 plane
1744 2238 1886 2298 impie
1908 2239 2032 2301 egit,
2049 2251 2148 2284 tan·

41 2315 144 2350 tum
179 2302 328 2349 adhuc
364 2302 591 2365 reliquum
626 2300 681 2348 fit
706 2301 852 2347 bonae
879 2304 1072 2361 mentis,
1107 2316 1159 2348 ut
1185 2302 1404 2365 surreptas
1425 2303 1511 2349 tibi
1538 2317 1636 2349 tuas
1660 2301 1998 2348 emendationes
2022 2303 2145 2349 resti-

0 2411 2 2414 ,
44 2381 175 2424 tuat3
212 2381 291 2413 aut
327 2367 532 2427 alioquin
564 2382 646 2413 nos
678 2368 842 2428 quovis
876 2368 1018 2413 modo
1053 2369 1301 2414 immortali
1326 2368 1400 2413 illa
1423 2383 1560 2431 opera
1583 2383 1677 2413 non
1700 2366 1948 2413 defraudet.
2017 2368 2149 2413 Haec

43 2448 155 2479 cum
191 2433 255 2478 ita
276 2430 360 2477 sese
388 2431 637 2488 haberent,
673 2432 789 2477 nihil
813 2431 1052 2491 dubitavi,
1086 2433 1197 2495 quin
1221 2433 1335 2478 mihi
1361 2432 1414 2477 ab
1438 2433 1533 2478 aliis
1558 2432 1714 2477 amicis
1740 2433 1919 2493 gravis,
1953 2429 1978 2476 a
1998 2443 2043 2475 te
2070 2448 2148 2477 ve-

46 2513 101 2543 ro
137 2498 287 2543 multo
312 2494 567 2560 graviffima
589 2495 832 2542 adversaria
857 2498 1109 2544 constituta
1133 2497 1267 2555 ess'et,
1303 2497 1350 2543 &
1375 2508 1525 2558 parata
1547 2495 1823 2558 exspectatio
1845 2496 1975 2558 plane
2000 2496 2146 2542 incre-

42 2561 220 2609 dibilis:
255 2575 357 2607 tuin
381 2559 508 2623 quod
533 2574 726 2624 propter
750 2563 986 2624 ingenium
1015 2563 1158 2625 longo
1186 2560 1292 2620 usu,
1329 2561 1376 2607 ἃ
1401 2561 1491 2607 hoc
1513 2560 1766 2624 praesertim
1793 2560 1955 2605 laboris
1979 2575 2144 2622 genere

41 2625 467 2672 exercitatiffimum
493 2627 739 2672 acerrimus
763 2626 923 2673 harum
948 2643 1095 2673 rerum
1123 2628 1410 2672 existimator
1434 2626 1519 2671 effe
1543 2625 1700 2672 soleas:
1727 2639 1826 2670 tum
1853 2623 1974 2686 quod
2000 2626 2142 2686 prima

42 2691 194 2736 :statim
217 2690 494 2753 inspefifione
517 2686 644 2752 plus,
680 2707 814 2754 quam
841 2693 980 2738 ceteri
1007 2708 1190 2749 omnes,
1227 2691 1278 2738 fis
1319 2691 1364 2736 in
1393 2692 1501 2736 meis
1534 2690 1943 2747 animadversurus,
1977 2703 2145 2751 utpote

44 2755 123 2800 cui
157 2754 380 2817 quidquid
416 2772 463 2801 m
489 2755 580 2801 hoc
601 2754 787 2802 auCtore
810 2756 1087 2803 maculosum
1106 2790 1121 2815 ,
1155 2755 1361 2802 deforme
1384 2755 1431 2801 &
1458 2754 1671 2800 mutilum
1695 2753 1937 2800 dicendum
1961 2752 2052 2812 est,
2088 2752 2142 2798 fit

42 2817 354 2877 notiffimum,
390 2819 437 2864 &
469 2819 591 2882 quali
629 2821 676 2866 in
710 2835 948 2883 promptu.
1002 2821 1092 2867 -Ad
1126 2821 1236 2866 haec
1273 2820 1516 2865 veniebant
1542 2821 1586 2864 in
1608 2831 1803 2864 mentem
1830 2817 1902 2864 illa
1923 2833 2034 2879 quae
2059 2833 2143 2863 nu-

43 2899 127 2947 per
158 2885 205 2928 in
239 2884 346 2928 meis
379 2882 433 2927 ad
468 2897 515 2928 te
546 2884 708 2930 litteris
739 2884 795 2931 de
832 2886 917 2931 hac
955 2901 1052 2932 mea
1078 2883 1528 2948 Metamorphosewn
1549 2883 1751 2929 editione
1776 2882 1874 2928 satis
1897 2881 2144 2944 magnifice

44 2947 326 3010 pollicebar,
358 2945 500 2992 fretus
533 2963 639 2992 cum
677 2948 883 3011 pluribus
916 2951 1147 2996 veteribus
1179 2966 1313 2995 manu
1346 2948 1582 3010 descriptis
1619 2948 1768 3004 libris,
1803 2948 1849 2992 in
1876 2948 1943 2992 his
1966 2947 2143 2992 duobus

47 3013 272 3058 maximae
296 3012 605 3068 antiquitatis,
642 3028 753 3073 quos
776 3014 1059 3060 humanitate
1098 3015 1266 3076 optimi
1295 3014 1340 3059 ἃ
1366 3012 1609 3060 ἀοὲὶιίῖἶῐῃί
1640 3011 1846 3057 Cornelii
1880 3011 2079 3056 Walteri
2124 3008 2148 3055 ἐ

50 3076 301 3122 Germania
330 3075 486 3122 nactus
521 3090 669 3133 eram,
704 3089 802 3122 tum
838 3079 1035 3140 quodam
1075 3077 1100 3124 a
1126 3079 1346 3141 Grvphio
1382 3077 1548 3124 excuso
1572 3078 1760 3134 codice,
1795 3091 1929 3139 quem
1954 3075 2146 3121 Carolus

48 3136 283 3203 Langius,
322 3139 545 3203 singulare
583 3140 759 3185 nostrae
781 3143 995 3204 Belgicae
1031 3136 1383 3200 ornamentum,
1417 3141 1470 3186 ad
1506 3157 1614 3186 unas
1649 3155 1787 3201 atque
1813 3141 1969 3186 alteras
2003 3154 2146 3185 mem-

50 3202 207 3254 branas
228 3203 553 3269 antiquiffimas
578 3204 731 3254 sedulo
756 3205 977 3256 collatum
999 3208 1251 3256 lectionum
1279 3208 1496 3257 varietate
1521 3205 1818 3268 impleverat,
1844 3203 1891 3252 ἃ
1915 3204 2027 3251 mihi
2053 3204 2150 3274 ejus

1371 3270 1453 3316 Cc
1492 3283 1511 3332 3
2034 3282 2149 3327 poe·
