2547 3708
370 145 472 198 ³st
892 123 1954 180 DEDrcArloNEsmT

375 223 677 287 praestantes,
715 223 902 271 innuisse
933 223 1154 282 videntur
1179 219 1567 282 conjunffionetn
1592 219 1914 284 pulcerrimatn
1940 218 2123 264 virtutis
2146 216 2191 264 ὃς
2219 218 2479 281 literarum,
2520 235 2547 275 i·

379 288 661 352 eandemque
685 290 872 351 posteris
894 289 977 335 suis
999 283 1324 333 commendare
1346 285 1568 343 voluiss'e,
1602 300 1695 329 non
1721 282 1850 328 aliam
1875 283 1937 328 ob
1961 282 2133 328 caufiim
2151 318 2164 341 ,
2201 300 2335 346 quam
2358 289 2480 350 quod
2526 319 2547 346 2¹

378 353 633 415 persuasum
659 354 739 400 sibi
766 354 1011 410 haberent,
1045 351 1332 397 fortitudinis
1357 352 1403 397 &
1428 350 1634 396 laborum
1655 347 1840 393 suorum
1864 349 2189 409 praeconium,
2215 350 2282 394 his
2308 365 2481 399 memo·
2522 353 2547 403 ’ς

378 418 470 464 riae
493 418 540 464 &
568 419 851 482 antiquitatis
876 416 1141 464 custodibus
1164 414 1402 462 refiriffime
1428 413 1643 460 mandari.
1702 412 1865 472 ltaque
1891 427 1997 456 cum
2023 428 2116 458 non
2139 412 2280 458 modo
2305 415 2359 461 ad
2380 432 2481 478 per·
2527 428 2547 470 i:

377 483 637 545 cipiendam
664 484 996 545 colendamque
1015 492 1264 538 Virtutem,
1299 483 1430 543 cujus
1462 479 1669 542 apprime
1699 487 1889 541 gentem
1923 477 2045 522 illam
2084 476 2323 523 studiosam
2359 480 2482 530 fuisse

377 550 665 610 accepimus3
705 545 773 592 scd
810 548 862 592 ad
899 546 1096 592 nominis
1131 560 1318 607 quoque
1342 547 1388 590 &
1413 544 1589 607 gloriae
1620 540 1784 586 famam
1820 541 2189 604 prorogandam,
2226 545 2357 607 cujus
2389 552 2483 595 non
2524 539 2547 604 ᾗ

376 613 574 670 minori,
589 628 721 675 quam
746 612 867 657 illius
882 644 896 668 ,
919 610 1174 672 cupiditate
1195 609 1479 672 flagrabant,
1503 607 1754 670 plurimum
1779 604 1820 651 se
1841 606 1982 652 literis
2002 607 2203 668 adjuvari
2228 609 2351 671 posse
2375 624 2484 659 con*
2529 631 2534 674 g

379 675 598 722 fiderent:
636 679 800 739 partim
825 674 907 737 ipsi
929 677 1104 721 animos
1127 673 1227 720 suos
1250 674 1458 721 dostrina
1479 671 1780 728 excolebant,
1816 673 1981 734 partim
1996 706 2011 730 ,
2035 671 2066 719 si
2088 673 2167 734 qui
2186 676 2240 718 ad
2260 673 2372 725 haec
2395 675 2484 724 stu'-
2528 691 2547 728 1,

381 739 454 786 dia
476 741 738 787 viderentur
761 740 997 800 duriores,
1031 755 1183 786 amore
1208 739 1256 785 ὃς
1279 737 1442 785 officiis
1470 735 1899 799 cotnple&ebantu1·
1921 753 2024 795 eos,
2059 754 2254 800 quorum
2280 739 2486 801 ingenio,
2526 739 2547 794 ΞΓ

378 805 601 865 putabant
625 821 829 868 ea,quae
850 804 1242 868 gefferant,poffe
1267 803 1540 850 disseminari
1567 803 1613 847 in
1641 800 1764 847 orbis
1792 815 1937 847 terrae
1963 803 2230 849 memoriam
2253 803 2484 865 sempiter-
2526 797 2547 861 f*

377 884 497 914 nam.
568 871 687 916 Non
706 871 828 916 enim
854 884 1027 917 temere
1048 869 1320 915 aCicerone
1345 868 1519 915 dicium
1543 865 1790 913 existimari
1813 865 1977 925 debet,
2012 883 2119 913 cum
2144 868 2318 929 inquit:
2357 869 2412 916 Ν
2417 870 2485 921 ul-v
2526 883 2533 898 ¹

376 932 463 978 lius
487 935 715 996 agricolae
739 935 871 982 cultu
900 935 1029 997 stirps
1048 947 1142 980 tam
1168 933 1414 993 diuturna,
1448 949 1584 996 quam
1611 932 1777 994 poetae
1799 932 1928 978 versu
1953 932 2158 979 seminari
2181 932 2346 995 potest.
2383 934 2507 982 Ob-·.
2528 929 2547 987 ³<

378 999 520 1046 tinuit
547 999 661 1046 haec
690 1001 977 1047 consuetudo
1013 999 1171 1046 multis
1201 999 1389 1057 seculis,
1422 1014 1516 1044 non
1542 999 1588 1043 in
1610 998 1828 1043 Romana
1857 997 2082 1043 duntaxat
2117 997 2381 1060 republica,
2415 996 2487 1050 sed

377 1080 467 1112 una
491 1080 599 1110 cum
621 1065 818 1128 imperio
840 1065 893 1112 ad
915 1065 1119 1112 nostram
1141 1079 1328 1127 quoque
1350 1064 1563 1126 pervenit
1584 1062 1817 1108 nationem
1838 1079 1847 1107 :
1866 1077 2013 1124 neque
2036 1062 2127 1110 fuit
2148 1078 2259 1124 gens
2279 1063 2370 1109 ulla
2393 1077 2490 1114 tam.
2528 1087 2529 1099 2

377 1128 593 1189 barbara,
627 1143 681 1176 ut
706 1129 732 1176 a
756 1129 905 1177 Mufis
928 1130 975 1176 ὃς
998 1145 1151 1176 earum
1174 1130 1368 1175 alumnis
1404 1126 1585 1191 prorsus
1618 1125 1900 1172 abhorreret.
1971 1128 2129 1174 Nimis
2151 1128 2347 1191 longum
2381 1129 2488 1179 effen

378 1193 470 1239 hoc
497 1195 862 1257 congruentibus
886 1195 1176 1241 historiarum
1201 1194 1424 1256 exemplis
1448 1193 1634 1255 planum
1661 1191 1810 1237 facere
1831 1191 1887 1237 de
1910 1189 2110 1254 singulis.
2181 1193 2354 1256 Neque
2377 1209 2488 1242 vero

378 1258 427 1304 id
447 1275 571 1305 nunc
595 1261 772 1323 agitur:
799 1259 1057 1324 praesertim
1078 1275 1187 1305 cum
1215 1257 1361 1305 sermo
1385 1259 1501 1305 mihi
1529 1256 1581 1303 fit
1605 1272 1712 1302 cum
1737 1256 1974 1319 principe,
1996 1274 2090 1304 non
2115 1256 2348 1310 literarum
2372 1259 2492 1305 dun·
2530 1294 2535 1315 ,

378 1336 504 1370 taxat
527 1324 801 1387 cognitione
827 1324 1041 1383 imbuto,
1073 1323 1146 1370 sed
1173 1325 1312 1370 etiam
1334 1323 1618 1386 antiquitatis
1641 1320 2010 1385 scriptorumque
2041 1337 2251 1369 veterum
2285 1339 2380 1369 non
2403 1325 2499 1373 ima·
2530 1322 2534 1374 ἓ

379 1389 544 1450 perito.
581 1391 769 1448 Qare,
805 1389 939 1438 miffis
962 1405 1086 1435 nunc
1109 1389 1232 1449 aliis,
1267 1389 1323 1435 de
1348 1389 1435 1435 tuis
1458 1386 1779 1445 solummodo,
1814 1385 2101 1434 illustrissime
2123 1388 2370 1452 Princeps,
2396 1404 2497 1447 rna-4>

379 1453 557 1515 joribus
576 1454 745 1517 aliquid
776 1455 1024 1501 verborum
1049 1452 1242 1513 faciam,
1277 1455 1480 1517 quippe,
1516 1453 1595 1516 qui
1617 1451 1691 1499 vel
1713 1451 1794 1497 soli
1824 1453 2186 1499 narratiunculae
2215 1452 2325 1499 huic
2349 1453 2490 1505 fidem
2532 1471 2535 1481 ²

377 1516 464 1566 suis
484 1519 706 1582 exemplis
731 1520 910 1566 abunde
932 1519 1140 1567 fecerint.
1210 1522 1393 1583 Atque,
1429 1535 1486 1564 ne
1507 1519 1648 1581 longe
1671 1516 1855 1576 abeam,
1890 1517 1945 1563 ab
1967 1517 2134 1563 ultimo
2159 1516 2299 1580 usque
2327 1519 2493 1580 initio,

380 1582 475 1631 hoc
501 1583 592 1642 est,
627 1582 652 1629 a
675 1584 913 1643 Boleslao,
949 1600 1084 1648 quem
1109 1586 1234 1631 Otto
1260 1585 1351 1631 111.
1374 1584 1559 1646 ,Impera
1585 1584 1786 1645 primum
1813 1583 2006 1646 Imperii
2040 1583 2238 1628 amicum
2264 1582 2313 1630 &
2335 1599 2492 1646 regem

379 1645 587 1694 salutavit
613 1648 862 1709 Poloniae,
898 1648 1301 1698 hancdetexendo
1326 1650 1849 1705 commemorationem,
1872 1647 1998 1709 quod
2024 1647 2071 1693 δε
2094 1646 2329 1693 infinitum
2352 1648 2492 1708 foret,

380 1726 518 1776 atque
545 1713 762 1777 epistolae
788 1714 979 1762 modum
1007 1714 1283 1774 excederet,
1316 1713 1372 1760 de
1394 1730 1480 1761 avo
1504 1713 1656 1760 saltem
1682 1726 1763 1760 tuo
1780 1713 1818 1758 F
1821 1713 2015 1758 riderico
2040 1711 2089 1758 &
2110 1724 2238 1775 patre
2260 1712 2490 1776 Georgio,
2533 1731 2535 1740 ·

381 1790 428 1824 at
453 1779 631 1840 quantis
645 1779 969 1843 Principibus?
995 1779 1195 1842 quorum
1218 1793 1412 1843 uterque
1435 1797 1460 1826 a
1480 1779 1762 1826 summorum
1789 1777 1919 1824 laude
1945 1777 2135 1839 propius
2158 1776 2335 1836 afuere,
2357 1794 2494 1841 quam-

383 1840 410 1890 ἒ,
436 1842 740 1890 mediocrium
758 1878 774 1904 ,
809 1861 958 1909 pauca
984 1844 1251 1892 memorabo
1268 1880 1283 1905 ,
1318 1860 1433 1907 quae
1462 1844 1517 1891 ab
1541 1844 1741 1904 epistolii
1779 1842 1913 1905 hujus
1942 1842 2154 1890 instituto
2180 1857 2459 1906 nequaquam
2475 1867 2496 1903 9-

381 1920 436 1954 ut
462 1909 656 1971 opinor,
691 1908 862 1956 fuerint
885 1911 1044 1957 aliena.
1089 1912 1166 1957 De
1188 1910 1269 1956 illo
1291 1910 1437 1972 igitur
1461 1909 1666 1968 constat,
1701 1921 1880 1971 praeter
1901 1908 2090 1953 eximias
2113 1906 2264 1952 laudes
2287 1907 2494 1972 pietagis,
2525 1948 2527 1955 Α

382 1974 802 2035 magnanimitatis,
839 1974 1108 2039 sapientiae,
1143 1973 1447 2033 constantiae,
1483 1987 1830 2036 ceterarumque
1866 1973 2095 2018 virtutum
2133 1971 2259 2018 bono
2283 1974 2496 2036 Principe

385 2037 779 2100 digniffimarum,
816 2040 865 2086 ὅ(
899 2039 1043 2103 ipsum
1072 2040 1268 2086 Herculi
1304 2039 1352 2085 &3
1378 2037 1526 2085 Mufis
1554 2037 1829 2085 consecrafl'e
1850 2037 2034 2094 aedem,
2070 2053 2162 2082 non
2191 2037 2369 2097 qualem
2390 2039 2493 2084 Ro·
2534 2073 2537 2088 ‚

385 2117 545 2147 manos
564 2106 657 2165 jam
688 2104 917 2162 diximus,
951 2104 1273 2169 superstitione
1294 2103 1526 2150 delibutos
1548 2103 1824 2166 irreligiosa,
1858 2101 1928 2147 sed
1952 2101 2124 2164 qualem
2148 2101 2303 2146 decuit
2328 2102 2495 2164 princi·
2534 2093 2538 2169 f

387 2181 493 2227 pem
530 2182 699 2212 vovere
725 2168 1056 2215 Christianum.
1126 2170 1384 2230 Amplexus
1406 2169 1528 2218 enim
1555 2169 1802 2230 puritatem
1825 2165 2058 2212 do&1·inae
2081 2165 2317 2223 coelestis,
2353 2164 2494 2212 aboliss
2535 2173 2537 2183 '

388 2229 534 2291 tisque
573 2231 774 2278 cultibus
801 2234 1004 2295 profanis
1039 2233 1087 2280 &
1119 2233 1445 2289 idololatricis,
1481 2248 1595 2294 quos
1618 2235 1813 2294 Papatus
1835 2231 2105 2276 invexerant
2129 2229 2368 2289 tenebrae,
2402 2246 2494 2277 non
2535 2251 2537 2259 ¹

394 2294 537 2338 modo
564 2295 774 2358 rempub.
810 2298 988 2359 legibus
1014 2298 1257 2344 coustituit
1285 2296 1577 2354 salutaribus,
1614 2295 1662 2341 &
1683 2296 1736 2341 ad
1762 2296 1877 2341 bene
1897 2294 2118 2356 beateque
2143 2294 2393 2341 vivendum
2419 2311 2494 2341 ne-.-

392 2359 607 2406 cessariis:
647 2359 718 2406 scd
744 2361 880 2406 etiam
905 2362 1106 2408 scholam
1131 2360 1547 2425 Goltpergensem,
1581 2376 1687 2406 vere
1710 2358 1948 2406 Musarum
1964 2393 1979 2418 ,
2015 2360 2106 2405 hoc
2129 2359 2223 2419 est,
2247 2360 2427 2422 pietatis
2450 2359 2496 2407 &

393 2425 559 2468 artium
588 2424 844 2471 liberalium
867 2425 1108 2472 delubrum
1133 2427 1341 2488 aperuit,
1375 2425 1733 2488 sumptuumque
1756 2423 1968 2487 impenfis
1993 2424 2238 2470 liberaliter
2262 2424 2381 2470 fovit
2397 2458 2412 2482 ,
2444 2438 2494 2470 ae
2536 2437 2538 2489 l

391 2488 592 2550 benigne
616 2489 948 2551 locupletavit,
985 2490 1213 2552 praefecfflm
1238 2491 1303 2536 illi
1328 2490 1615 2536 moderatore
1633 2490 1891 2552 juventutis
1917 2488 2207 2535 scholasticae
2231 2488 2496 2552 peritiffimo
2536 2511 2547 2546 f

392 2551 741 2615 felicissimoque
767 2588 781 2613 ,
828 2571 880 2600 ac
913 2559 1093 2618 prorius
1122 2554 1403 2613 admirabili,
1448 2554 1700 2600 Valentino
1727 2554 1765 2600 F
1770 2553 2001 2600 ridelando
2023 2553 2070 2600 T
2075 2552 2352 2600 rocedorfio.
2422 2554 2496 2600 De
2536 2550 2538 2563 '

397 2632 522 2679 quo,
569 2616 601 2664 fi
635 2634 700 2663 res
731 2621 950 2665 maximas
989 2622 1036 2665 in
1067 2635 1211 2682 pauca
1247 2619 1454 2665 conferre
1491 2618 1652 2676 liceat,
1698 2634 1802 2665 vere
1837 2619 1927 2664 hoc
1960 2633 2213 2665 memorare
2252 2617 2494 2682 poffimus5
2536 2620 2547 2639 ¹

400 2682 788 2743 quemadmodum
816 2685 926 2730 olim
952 2699 1008 2730 ex
1031 2683 1243 2731 Isocratis
1265 2683 1401 2741 ludo,
1435 2699 1571 2746 quem
1594 2682 1764 2729 Cicero
1787 2682 2070 2730 summorum
2092 2697 2329 2729 oratorum
2354 2682 2497 2745 magi·
2536 2687 2539 2728 i

399 2746 540 2792 strum
577 2748 814 2805 nominat,
848 2762 1064 2811 tanquam
1097 2765 1154 2795 ex
1178 2765 1298 2812 equo
1321 2750 1531 2810 Trojano
1556 2748 1779 2794 innumeri
1803 2750 2013 2794 exierunt
2036 2747 2220 2794 dicendi
2246 2749 2496 2811 principes:
2537 2745 2547 2792 3}

400 2811 463 2856 ita
497 2826 554 2856 ex
591 2809 852 2874 disciplinae
893 2813 1028 2876 ipsius
1061 2813 1243 2860 cultura
1284 2813 1483 2877 segetem
1523 2812 1766 2859 effloruisse
1798 2813 2074 2860 uberrimam
2097 2824 2112 2871 ',
2157 2812 2211 2859 ad
2249 2811 2460 2859 ecclesiae
2481 2842 2497 2870 ,
2544 2852 2547 2861 .

399 2875 578 2937 reipub.
616 2876 663 2921 ὅ(
684 2875 940 2923 scholarum
962 2879 1330 2938 incrementum,
1365 2894 1458 2925 non
1485 2878 1530 2923 in
1555 2877 1711 2924 Silefia
1732 2891 1939 2936 tanturn,
1968 2878 2040 2925 sed
2056 2891 2163 2926 tota
2185 2893 2330 2940 prope
2350 2877 2496 2925 Euro-„-
2538 2906 2540 2926 ι

400 2955 472 3002 pa.
519 2941 589 2985 Ac
619 2956 807 3003 magnae
832 2943 946 2988 mihi
967 2943 1199 3005 voluptati
1222 2943 1311 2990 fuit
1332 2942 1569 3005 aliquoties
1592 2942 1771 3002 audire,
1797 2943 1853 2989 de
1876 2942 2055 2990 scholae
2076 2943 2194 2990 illius
2219 2940 2497 2994 administra-‚-

403 3004 531 3049 tione
567 3005 852 3052 memorabili
869 3039 884 3065 ,
918 3006 1063 3054 multa
1085 3008 1266 3055 ac'vere
1287 3008 1484 3055 mirifica
1509 3007 1709 3070 jucunde
1733 3020 2015 3067 narrantem,
2049 3019 2249 3052 veterem
2271 3006 2390 3053 illius
2409 3003 2501 3051 alu·
2538 3006 2545 3045 ¹*

405 3084 563 3114 mnum
579 3102 593 3127 ,
628 3068 822 3132 speetata
845 3073 1044 3134 pietate,
1078 3071 1402 3135 do&rinaeque
1424 3071 1710 3131 eruditione,
1743 3071 1987 3136 sapientia,
2011 3071 2255 3133 multoque
2277 3085 2425 3116 rerum
2448 3082 2498 3113 u·
2538 3076 2541 3100 ³

405 3132 453 3179 su
479 3132 767 3180 clariffimum
783 3168 797 3193 ,
822 3150 958 3199 atque
980 3137 1174 3184 omnino
1196 3136 1429 3201 singularis
1452 3137 1653 3200 exempli
1673 3138 1825 3185 virum
1840 3139 1932 3196 ,D.
1954 3135 2193 3200 Casparem
2218 3137 2500 3194 PeucerumJ
2538 3173 2547 3193 .<

404 3200 482 3262 qui
514 3198 799 3261 nullius-fere
825 3204 889 3249 rei
913 3200 1204 3266 expolitione
1226 3205 1370 3269 magis
1395 3201 1437 3254 se
1459 3202 1707 3256 exhilarare
1727 3200 1991 3263 consuevit,
2025 3212 2160 3265 quarn
2182 3200 2419 3251 mentione
2439 3194 2517 3242 ti·¹
2539 3196 2541 3220 ³

2423 3276 2498 3310 ro-
