2547 3708
792 188 854 243 P.
926 172 1339 239 OVIDII

312 221 407 265 124,

1411 172 1947 232 NASONIS

456 311 553 363 505
594 290 813 363 Quique
842 279 1192 356 Lycurgiden
1220 276 1429 355 letavit,
1469 273 1520 328 &
1551 272 1739 328 arbore
1764 283 1974 335 natum,

309 509 565 560 Metamorpli.
592 511 653 557 qui
678 510 714 547 ὅτ
748 506 935 546 Circinurn
968 504 1012 543 ab
1044 502 1181 541 eodem
1202 501 1334 538 inven-

310 569 388 599 tum
410 564 532 601 refert.
582 562 722 597 Verum
745 556 1000 596 Diodoruslib-
1016 565 1070 591 iv.
1096 554 1333 590 inventorem

308 613 423 651 serrae
447 625 524 651 non
556 611 743 649 Perdicem
776 618 908 651 vocar,
936 605 995 643 sed
1015 604 1180 645 Talum,
1206 599 1331 637 Pausa-

311 665 388 700 nias
408 666 442 701 in
465 663 594 701 Atticis
609 690 619 705 ,
656 661 785 698 Calum
800 687 809 701 ‚
838 658 997 704 loannes
1018 653 1178 691 Tzetzes
1199 650 1281 688 chii.
1305 660 1333 686 ι.

313 714 454 754 Histor.
482 726 535 761 19.
565 712 740 749 Attalum.
797 710 997 745 Satvaou.

367 776 449 812 50¹·
480 764 588 813 Lydia
603 767 638 809 se
652 758 834 810 scapula]
873 759 958 795 llice
983 755 1194 802 intelligitur
1212 780 1222 796 ,
1244 751 1334 789 ibici

315 815 415 860 Lydi
437 814 529 858 filia,
558 824 651 863 quae
684 823 768 848 curn
801 810 942 847 Dianae
963 806 1102 844 auxilio
1122 807 1197 841 vim
1213 802 1339 840 Martis

315 864 517 913 effugisset,
547 860 812 900 contumeliose
830 862 865 898 in
888 859 1004 907 ipsum
1029 855 1174 894 invecta
1195 855 1264 897 est,
1293 864 1338 889 ex

313 928 391 964 quo
417 918 513 952 Mars
541 923 756 952 commotus
788 912 927 949 ibicum
961 918 1081 946 morte
1109 906 1252 949 affecit,
1281 902 1339 941 illa

313 977 400 1014 prae
432 966 562 1003 dolore
588 964 608 1002 e
635 963 785 1012 scopulo
823 962 856 999 se
887 959 1043 998 demisit.
1097 958 1340 994 interituras.

315 1016 433 1054 Recte
463 1016 573 1063 Janus
603 1013 801 1052 Parrhafius
822 1040 832 1055 ,
869 1012 922 1048 vir
952 1020 1106 1046 avorum
1131 1007 1339 1044 nostrorum

316 1065 762 1108 memoriadoetiffimus,
787 1063 847 1100 lib.
876 1061 921 1098 de
934 1060 1055 1097 Rebus
1068 1070 1129 1107 per
1142 1055 1340 1105 Epistolam

319 1118 523 1166 Quaesitis,
553 1117 738 1163 Epist.47.
765 1110 1133 1162 Aglauronintelligir¹
1151 1136 1160 1151 ,
1189 1117 1300 1144 unam
1323 1105 1343 1142 ὲ

319 1170 497 1217 Cecropis
520 1165 656 1204 filiabus
676 1193 685 1210 ,
714 1175 809 1213 quae
840 1161 1029 1199 Mercurio
1056 1161 1100 1197 ad
1124 1158 1265 1195 Hersen
1285 1157 1341 1194 so-

315 1230 438 1258 rorem
469 1217 658 1256 accedenti
688 1215 893 1253 convitium
916 1213 1021 1256 fecit,
1050 1221 1212 1259 eumque
1235 1207 1340 1246 teins

315 1269 496 1308 excedere
518 1268 656 1316 coegit.
707 1265 837 1302 Livida
858 1271 1030 1306 vocatur,
1058 1261 1161 1311 quod
1179 1258 1340 1297 invidiae

316 1320 337 1358 a
361 1320 506 1358 Pallade·
520 1315 700 1357 immiffae
720 1316 835 1353 livore
854 1313 1001 1352 suffet‘ta
1021 1312 1193 1350 felicit-ate
1211 1309 1342 1348 sororis

316 1372 405 1410 Deo
434 1379 613 1418 nupturae
643 1368 860 1405 cruciaretur
884 1392 894 1409 ,
931 1372 971 1402 ut
990 1363 1112 1412 pulcre
1132 1360 1342 1400 describitur

317 1423 363 1460 ab
384 1421 526 1458 Ovidio
553 1419 672 1457 libii.
699 1416 950 1463 Metamorph.
982 1415 1226 1451 Hancautern
1240 1411 1342 1460 quod

317 1472 444 1511 cistam
459 1499 469 1516 ,
498 1472 535 1509 in
556 1481 627 1519 qua
660 1468 892 1506 Erichtonius
912 1465 1052 1502 abditus
1071 1473 1147 1501 erat
1167 1490 1187 1506 ,γ
1216 1470 1343 1500 contra

315 1522 468 1561 Palladis
488 1521 701 1559 mandatum
732 1514 954 1566 resignasset,
983 1516 1082 1553 furiis
1102 1515 1273 1563 agitatam
1292 1512 1346 1550 se-

315 1574 352 1612 se
381 1584 466 1611 cum
498 1570 614 1609 Herse
644 1570 767 1608 sorore
795 1580 839 1606 ex
869 1568 1102 1604 Athenarum
1133 1576 1215 1602 arce
1234 1592 1245 1608 ,
1273 1562 1346 1611 qua

319 1625 482 1662 maxime
514 1629 725 1669 praeruptus
750 1620 852 1658 locus
877 1626 951 1656 erat
972 1646 982 1662 ,
1016 1616 1252 1665 praecipitem
1275 1617 1346 1652 mi-

320 1673 398 1712 fiffe
424 1672 583 1721 prodidit
614 1671 864 1720 Apollodorus
889 1669 951 1706 lib.
977 1679 1040 1705 nt.
1069 1665 1344 1708 Bibliothecae,

321 1726 361 1762 ὃς
394 1724 581 1761 Pausanias
609 1723 646 1759 iu
682 1722 820 1759 Atticis.
874 1719 944 1756 Sed
973 1717 1132 1755 Ovidius
1159 1717 1232 1754 hoc.
1257 1716 1344 1753 loco

320 1782 440 1813 totam
461 1785 537 1811 rem
561 1774 598 1810 in
618 1771 806 1820 Aglauron
826 1770 1007 1811 contulit,
1036 1779 1146 1816 quam
1167 1767 1346 1804 librolau-

321 1821 786 1871 datoMetamorphoseon
804 1849 813 1865 ‚
839 1821 874 1858 in
893 1820 1014 1857 saxum
1032 1818 1051 1856 a
1066 1818 1252 1855 Mercurio
1266 1829 1348 1854 mu-

318 1885 433 1915 taram
454 1876 563 1913 canit.
616 1874 657 1911 In
681 1885 721 1910 ea
747 1884 835 1910 vero
859 1879 957 1919 parte
978 1871 1074 1917 rupis
1095 1869 1276 1916 templum
1299 1867 1348 1904 illi

320 1928 444 1975 postea
463 1925 626 1963 ereetum
646 1923 761 1961 scribit
784 1922 998 1960 Herodotus
1026 1920 1184 1957 lib.v111.
1212 1918 1349 1955 Frussra

320 1986 427 2015 vetus
448 1977 624 2024 interpres
647 1975 763 2011 &alii
786 1985 871 2010 eum
895 1972 1032 2013 secuti,
1062 1982 1127 2018 pro
1150 1970 1277 2005 Livida
1299 1969 1350 2005 le-

322 2036 413 2077 gunt
427 2027 534 2076 Lydia
553 2053 562 2070 ‚
584 2027 619 2062 ὅτ
635 2024 792 2062 fabulam
804 2024 849 2060 de
863 2020 1115 2069 iricequadim
1132 2020 1222 2056 ibici
1239 2019 1349 2067 Lydii

322 2078 394 2115 filia
414 2076 756 2115 comminiscuntur.
813 2074 996 2111 SALVAGN
1037 2070 1167 2108 Lindia
1188 2070 1246 2106 sex
1269 2070 1349 2106 scri-

322 2130 388 2176 pti.
417 2128 573 2172 deinde,
599 2124 867 2175 dixeratinjusto
879 2124 1015 2162 SarraV.
1041 2121 1171 2159 invic‘lo
1184 2130 1352 2171 quatuor.

327 2177 500 2216 Heinsius
520 2179 556 2214 in
580 2188 643 2214 ora
664 2176 827 2224 legebat,
852 2174 977 2220 inviſs.

379 2241 465 2278 502,
492 2228 644 2264 Dixerat
662 2225 815 2275 invitm]
854 2225 961 2272 Lego
978 2249 988 2267 ,
1023 2222 1154 2261 inviaero
1182 2224 1292 2272 (nam
1316 2223 1353 2260 id

329 2281 535 2329 epithetum
558 2278 668 2315 Marti
683 2274 1069 2315 convenientissimum
1087 2302 1097 2319 ,
1122 2275 1185 2323 qui
1207 2273 1357 2311 deusest

328 2331 440 2377 belli)
495 2329 552 2367 vel
591 2328 715 2378 invifh.
752 2328 789 2366 id
825 2327 872 2365 est
911 2326 955 2364 ab
987 2326 1057 2374 ipsa
1088 2325 1179 2363 odio
1219 2325 1355 2362 habito.

330 2383 483 2420 Cousr.
519 2380 615 2419 Fan.

382 2444 466 2481 503.
496 2437 596 2467 Foeta
629 2430 692 2467 tibi
719 2427 916 2478 πωπω]
965 2429 1152 2477 Paphagus
1190 2427 1359 2475 Epirotes

333 2495 417 2521 cum
441 2481 711 2520 circumsideret
733 2482 859 2518 urbem
890 2480 1122 2518 Ambraciam
1140 2508 1150 2524 ‚
1178 2487 1355 2516 venatum

333 2536 472 2578 exivit,
503 2535 539 2569 δὲ
558 2533 706 2569 leaenae
728 2532 887 2569 catulum
913 2530 1063 2577 nactus,
1086 2531 1131 2569 ab
1153 2542 1194 2567 ea
1216 2528 1354 2567 insecu-

330 2593 366 2623 ta
380 2583 649 2624 dilaniatusest,
677 2584 830 2619 authore
843 2581 1082 2620 Callimacho.
1113 2582 1353 2618 lammam.

334 2635 503 2684 Phayllus
531 2634 751 2670 Ambraciae
777 2633 974 2680 Tyrannus
992 2633 1083 2676 fuit,
1110 2644 1222 2680 quem
1243 2632 1354 2668 obvia

336 2686 416 2724 casu
444 2686 570 2723 leaena
589 2684 782 2730 discerpsit.
832 2684 1088 2730 Quamobrem
1117 2683 1356 2720 Ambracien-

336 2737 386 2774 ses
408 2748 488 2773 eant
515 2735 841 2775 consecraverunt,
871 2742 908 2770 ut
944 2734 1114 2771 libertatis
1135 2734 1216 2771 suae
1237 2733 1357 2769 vindi-

340 2798 435 2824 cem.
491 2787 636 2823 Author
665 2785 828 2822 AErianus
866 2783 924 2820 lib.
958 2797 1028 2820 xix.
1058 2786 1103 2822 de
1117 2783 1362 2822 Animalibus.

339 2837 410 2875 Sed
428 2838 548 2879 enirn.
578 2837 662 2884 quia
677 2835 783 2882 paulo
797 2836 940 2871 brevior
951 2835 1018 2878 est,
1037 2836 1219 2872 historiam
1247 2834 1357 2871 fufio‹

341 2899 436 2930 rem,
464 2899 574 2935 quam
589 2888 650 2923 vix
664 2886 743 2923 alibi
757 2887 924 2932 reperias,
938 2897 982 2921 ex
994 2886 1190 2922 Antonino
1206 2885 1361 2923 Liberali

339 2939 492 2987 petitam
507 2937 568 2974 liic
580 2937 718 2973 adferre
731 2948 837 2973 curae
847 2935 1037 2983 cultaque
1048 2935 1095 2972 fic
1106 2938 1140 2973 in
1154 2936 1213 2973 ille
1225 2936 1261 2971 in
1275 2935 1363 2972 Col-

336 2988 511 3027 lectaneis
534 2986 900 3033 Metamorphoseon.
929 2992 1021 3021 Cum
1039 2986 1219 3022 Phalaecus
1232 2987 1363 3033 (Grae-

342 3050 384 3077 ca
395 3050 469 3076 non
482 3038 618 3085 habeo)
631 3065 640 3081 ,
656 3036 882 3073 Ambraciam
896 3036 1083 3084 tyrannide
1101 3047 1278 3082 premeret,
1292 3050 1363 3073 me-

344 3097 464 3139 tusque
475 3087 518 3125 ab
528 3088 596 3135 ejus
609 3087 705 3123 caede
728 3100 840 3124 omnes
859 3087 1022 3124 detineret
1038 3115 1047 3130 ,
1073 3089 1194 3124 Diana
1216 3087 1364 3124 venami

342 3147 507 3190 Tyranno
519 3138 672 3174 catulum
684 3137 784 3174 leonis
793 3137 948 3174 exhibuit
963 3166 972 3182 ‚
998 3152 1096 3185 quem
1112 3151 1187 3174 cum
1199 3138 1275 3174 isin
1288 3151 1363 3174 ma-

346 3205 410 3228 nus
435 3188 634 3238 sumpsisset,
661 3187 777 3224 leaena
808 3199 920 3225 mater
938 3189 961 3224 ἰι
977 3190 1082 3235 sylva
1104 3190 1213 3237 erupit
1232 3217 1242 3233 ,
1270 3202 1311 3229 (9¹
1327 3189 1365 3225 in

346 3240 555 3279 Phalaecum
575 3242 701 3287 impetu
715 3240 812 3284 sablo
828 3241 940 3287 pec‘lus
958 3240 1026 3284 ejus
1048 3240 1253 3276 dilaniavit.
1290 3240 1365 3275 Ideo

349 3290 595 3331 Ambraciotae
611 3289 794 3340 servitutis
813 3288 1027 3340 excuffirjngo
1049 3290 1208 3329 Dianam
1230 3291 1362 3329 Princi—

2329 346 2415 402 Id-
2463 389 2468 397 .

1385 507 1461 548 pem
1480 496 1687 548 placarunt,
1721 490 1978 543 venatricisque
2008 490 2148 530 Dianae
2158 490 2343 541 fimulacro
2355 499 2418 545 fa-

1391 552 1441 585 έῖο
1462 577 1471 592 ,
1505 550 1624 594 feram
1647 546 1676 583 ei
1694 547 1930 594 apposuerunt.
1982 543 2083 581 Hinc
2109 544 2419 593 dubiumoritur,

1392 599 1734 641 Plaallecusne,cum
1760 595 1914 632 Liberali
1930 621 1940 637 ,
1975 604 2021 631 an
2043 593 2323 643 Phayllus,cum
2347 598 2419 635 AE-

1387 650 1487 687 liano
1517 676 1526 692 ‚
1565 657 1739 697 tyrannus
1782 647 1841 682 hic
1879 645 1962 681 diciv
1977 643 2119 683 debeat.
2173 645 2282 684 Certe
2308 648 2419 694 Janus

1389 698 1590 737 Parrhasius
1611 697 1769 746 Epistola
1789 708 1824 744 9.
1852 696 1987 743 primus
2017 695 2291 735 emendandum
2316 709 2421 746 puta-

1390 752 1444 787 vit
1468 748 1650 797 Phaylleae
1668 759 1733 796 pro
1766 747 1985 795 Paphageae,
2013 745 2117 794 quod
2140 758 2270 786 omnes
2289 751 2420 788 editio-

1391 812 1455 838 nes
1485 799 1673 837 invaserat,
1725 798 1895 845 Sequitur
1919 796 2032 844 patrio
2057 796 2228 846 popularis
2254 798 2291 834 in
2317 813 2419 848 agro,

1392 851 1494 900 quod
1516 849 1536 886 'a
1554 850 1703 886 nemine
1731 849 1970 895 interpretum
2002 845 2188 884 excuil'urn
2211 847 2280 886 effe
2303 850 2421 888 demi.

1394 913 1464 939 ror.
1519 900 1597 937 Hic
1627 900 1728 937 enim
1758 898 1916 935 Ovidius
1947 898 2098 945 patriam
2135 897 2245 934 Ibidis
2271 898 2421 938 subinde

1395 952 1530 991 indicat
1551 978 1561 993 ‚
1601 950 1698 986 unde
1727 961 1793 985 nos
1819 961 1864 985 eo
1884 950 2026 996 capite,
2053 960 2129 996 quo
2151 949 2258 985 ibidis
2280 961 2423 989 nomen

1396 1001 1712 1050 investigavimus,
1741 1010 1825 1035 eum
1848 1011 1893 1035 ex
1917 999 2034 1045 Libya
2050 1025 2059 1042 ,
2088 1006 2149 1036 aut
2171 1011 2215 1036 ex
2239 1000 2424 1039 vicinare-

1397 1054 1508 1102 gione
1534 1050 1733 1089 oriundum
1757 1047 1826 1086 effe
1844 1048 2080 1086 ostendimus.
2135 1049 2286 1087 Etenim
2303 1051 2425 1089 leoni-

1398 1104 1487 1147 bus,
1515 1113 1608 1150 quos
1627 1100 1731 1138 Ibidis
1753 1098 1926 1148 populares
1951 1098 2048 1136 Naso
2080 1108 2213 1144 vocat,
2241 1099 2336 1138 adeo
2359 1102 2426 1140 Li-

1398 1154 1469 1203 bya
1489 1153 1597 1191 scatet
1610 1180 1620 1197 ,
1649 1160 1689 1190 ut
1709 1149 1889 1199 quaedam
1904 1149 2067 1186 civitates
2080 1150 2167 1188 teste
2179 1150 2352 1190 Diodoro
2372 1153 2427 1191 Si·

1398 1205 1482 1242 culo
1509 1204 1568 1241 lib.
1588 1215 1653 1241 xxx.
1681 1201 1851 1239 Biblioth.
1882 1211 1960 1247 cap.
1985 1208 2019 1246 3.
2055 1199 2208 1238 leonum
2232 1202 2268 1239 vi
2291 1214 2336 1240 ex
2359 1202 2429 1241 de·

1396 1255 1493 1293 sertis
1519 1254 1608 1291 locis
1639 1251 1916 1290 adventantium
1947 1249 2105 1288 desertae
2133 1251 2221 1296 sint,
2260 1264 2329 1290 nec
2349 1252 2427 1292 fine

1398 1305 1502 1344 causa
1523 1304 1670 1342 Flaccus
1698 1301 1784 1340 Ode
1797 1301 1962 1339 22.lib.1.
1991 1300 2035 1338 ad
2051 1301 2223 1339 Aristium
2247 1301 2420 1350 Fuscum,

1398 1355 1660 1394 Mauritaniam
1690 1353 1831 1401 Libyae
1863 1353 2052 1400 regionem
2078 1357 2229 1389 Leonum
2251 1354 2431 1391 nutricem.

1398 1407 1592 1456 appellavit
1616 1433 1627 1451 ,
1660 1405 1726 1462 ‘ubi
1749 1403 1927 1459 de3lup0‚
1954 1402 2018 1452 qui
2039 1401 2101 1441 fibi
2122 1402 2161 1441 in
2189 1402 2275 1442 silva
2297 1403 2436 1443 Sabina*

1398 1465 1630 1501 occurrerat,
1658 1464 1713 1493 ita·
1729 1461 1846 1492 canit:

1452 1520 1567 1570 Quale
1584 1528 1782 1568 portentum
1803 1530 1910 1567 neque
1932 1517 2103 1557 militaris

1453 1572 1599 1609 Daunia
1613 1570 1651 1607 in
1671 1569 1753 1606 latis
1773 1569 1840 1605 alit
1862 1568 2059 1616 esculentis,

1452 1629 1524 1660 Nec
1542 1621 1660 1668 Jubae
1681 1620 1782 1657 tellus
1801 1628 1942 1667 generat
1956 1619 2139 1666 „leonum-

1581 1671 1858 1709 Aridanutrix.

1403 1749 1602 1787 SALVAGN.
1652 1747 1753 1795 Lege
1780 1744 1964 1782 Phaleceae
1986 1757 2030 1783 ex
2054 1746 2250 1788 Antonino
2275 1751 2434 1792 Liberali

1402 1800 1486 1837 Fab·
1514 1811 1569 1836 xv.
1595 1797 1796 1835 Parrhasius
1817 1808 1861 1833 cx
1882 1795 2036 1834 AEliano
2052 1798 2235 1847 phyalleae
2252 1801 2438 1844 scribebat.

1406 1851 1545 1887 Herus.
1575 1847 1720 1897 Phaylli
1739 1846 1928 1896 cujusdam
1950 1849 2267 1889 meminitAthen.
2291 1866 2435 1901 v111.4.

1400 1900 1580 1939 helluonis
1593 1899 1743 1947 piscium
1768 1909 1812 1935 ex
1832 1897 1951 1934 Alexi.
1979 1898 2168 1948 Phayllum
2188 1902 2432 1944 phocensium

1399 1961 1598 2000 tyrannum
1630 1977 1640 1994 ‚
1672 1951 1818 1986 fratrem
1833 1949 2086 1994 Onomarcht,
2113 1952 2386 2000 Harpocration
2400 1958 2438 1994 in

1404 2004 1575 2042 Φάϋλλος
1595 2002 1632 2037 &
1662 1999 1828 2036 Parthen.
1858 1999 1995 2036 Erotic.
2033 2012 2110 2049 cap.
2135 2014 2220 2039 xxv.
2258 2004 2317 2043 sed
2339 2007 2438 2046 hunc

1405 2053 1503 2090 lenta
1523 2051 1606 2087 tabe
1629 2049 1844 2087 exstinctum
1870 2057 1989 2085 narrat
2011 2051 2169 2090 Diodor.
2197 2054 2265 2092 Sic.
2290 2056 2437 2096 lihxvr.

1407 2115 1487 2157 pagi
1511 2113 1596 2151 530.
1623 2101 1659 2137 &
1679 2099 1867 2158 &hay-llum
1889 2099 2145 2140 Crotoniatam
2163 2131 2174 2148 ,
2201 2107 2440 2154 quipraeerat

1406 2165 1516 2199 nava,
1548 2168 1658 2204 quam
1690 2163 1785 2192 nczto
1815 2153 1957 2190 t'erfico
1997 2152 2241 2192 Crotoniatae
2268 2157 2439 2197 miserant

1412 2208 1561 2244 Graecis
1581 2208 1617 2242 in
1638 2205 1814 2241 auxilium
1831 2229 1841 2246 ‚
1861 2204 2214 2241 memoratEustath.
2228 2207 2271 2244 ad
2286 2208 2445 2258 Dionys.

1411 2258 1551 2346 {erieg
1572 2258 1655 2304 569.
1682 2267 1748 2303 pro
1760 2256 1857 2301 foeta
1882 2264 1969 2290 vero
1989 2253 2052 2291 hic
2073 2255 2148 2293 duo
2167 2256 2440 2303 codices‚dira.

1445 2320 1543 2346 URM·

1465 2371 1550 2405 405,
1579 2356 1718 2406 {hiique
1744 2354 1991 2404 Lycurgiden]
2033 2356 2172 2404 Tangit
2214 2358 2331 2398 Buten
2364 2363 2442 2411 Ly-

1415 2411 1515 2457 curgi
1543 2407 1682 2453 filium,
1709 2417 1820 2453 quem
1850 2417 1894 2442 ex
1917 2406 2045 2443 arbore
2067 2407 2222 2446 tracf'tum
2254 2412 2445 2457 aperlace-

1413 2463 1519 2505 ravit,
1575 2458 1770 2495 INTERPR.
1809 2457 1916 2493 Treis
1936 2457 1995 2494 hic
2021 2458 2201 2496 intellexit
2224 2460 2380 2500 Ovidius
2399 2465 2443 2502 ab

1413 2513 1504 2560 apris
1525 2509 1685 2552 occisos,
1726 2508 1764 2544 &
1784 2508 1944 2554 primurn
1963 2507 2112 2556 quidem
2147 2510 2338 2548 Ancaeum
2364 2514 2444 2562 Ly-

1412 2564 1510 2611 curgi
1531 2588 1541 2604 ‚
1570 2560 1607 2597 &
1632 2559 1817 2596 Antinoeis
1848 2557 1987 2603 filiurn,
2014 2558 2059 2596 de
2078 2570 2154 2607 quo
2185 2559 2233 2597 iic
2262 2562 2443 2610 Aponon.

1408 2625 1438 2650 1.
1465 2614 1549 2662 163.

1643 2671 1827 2717 Τῑίτκτός
1848 2683 1892 2716 γε
1911 2673 1977 2715 μὲν
1997 2667 2126 2708 ἕσπετ’
2144 2671 2257 2711 ἵσῖσιν,

1464 2724 1645 2770 Λγκκῖος,
1676 2724 1736 2760 ‘rbi‘
1757 2725 1822 2767 μέν
1842 2719 1881 2764 ῥα
1905 2725 2024 2766 ποετ-ἦρ
2047 2726 2247 2769 Λυκοῦργος
2259 2724 2417 2771 ἔπεμπε,

1414 2787 1489 2823 Hic
1509 2797 1597 2823 vero
1622 2786 1665 2821 ab
1694 2795 1783 2831 apro
1813 2783 2024 2830 Calydonio
2058 2786 2095 2822 in
2125 2786 2271 2826 summo
2292 2790 2443 2838 inguine

1417 2834 1597 2885 percussus
1616 2835 1759 2872 cecidit.
1787 2834 1905 2871 Ovid.
1926 2847 2014 2872 vm.
2040 2847 2122 2883 399.
2152 2840 2304 2889 Quaquer
2318 2842 2361 2886 est
2377 2844 2451 2879 via-

1412 2887 1574 2936 proxima
1603 2885 1668 2921 leto
1683 2913 1693 2928 ,
1720 2892 1865 2921 Summa
1889 2887 1981 2927 ferm
1997 2887 2146 2934 geminos
2167 2889 2295 2926 direxit
2314 2890 2357 2925 ab
2385 2893 2443 2929 in-

1414 2939 1515 2986 guine
1538 2937 1680 2973 dentes:
1719 2935 1881 2972 Concidit
1908 2940 2085 2975 Ancaeus«.
2140 2939 2242 2976 Alter
2272 2951 2363 2978 vero
2391 2943 2440 2981 est
2495 2940 2498 2943 ’

1418 2987 1561 3025 Adonis
1588 2987 1757 3035 Cynarae
1787 2997 1831 3023 ex
1862 2987 2013 3035 Myrrha
2043 2987 2113 3024 filia
2134 2991 2308 3035 genitus,
2327 3003 2441 3040 quem

1419 3039 1621 3076 fabulantur
1642 3039 1732 3074 intra
1751 3036 1926 3074 corticem
1952 3040 2095 3077 matris,
2117 3039 2194 3085 jam
2216 3040 2253 3076 in
2274 3041 2442 3082 arborem

1418 3089 1608 3137 Myrrham
1632 3096 1792 3124 mutatae
1811 3087 2006 3125 educatum
2030 3090 2067 3124 ὅ(
2086 3087 2150 3125 suo
2169 3098 2338 3138 tempore
2357 3094 2443 3132 inde

1420 3138 1601 3178 emissum.
1628 3150 1711 3175 nam
1737 3139 1870 3176 Idmon
1892 3138 2066 3180 Asteriae,
2081 3138 2118 3174 ὅ(
2133 3139 2312 3186 Apollinis
2325 3144 2443 3190 proles

1420 3191 1515 3237 apud
1528 3189 1792 3237 Maryandinos
1806 3189 1847 3225 ab
1862 3188 2160 3236 apronecabatur
2176 3218 2185 3233 ‚
2200 3190 2312 3229 clarus
2337 3206 2443 3241 prae-

1422 3242 1528 3289 cipue
1549 3241 1749 3278 vaticinio:
1779 3241 1877 3276 hunc
1899 3248 2020 3275 tamen
2044 3239 2177 3276 morbo
2197 3241 2336 3288 periifie
2355 3256 2445 3290 pro-

1420 3292 1472 3331 dit
1493 3291 1622 3331 Balbus
1644 3291 1681 3329 in
1703 3291 1847 3340 quinto.
1874 3288 1978 3337 Quid
1998 3288 2045 3326 est
2064 3298 2188 3328 autern
2209 3293 2312 3341 quod
2330 3296 2442 3330 auda·

2373 3357 2445 3392 pem
