2547 3708
263 160 353 208 -r,
712 130 1870 203 P.OVIDIINASONIS

548 250 619 307 Et
643 264 711 303 ne
737 263 847 302 non
865 244 1063 300 fultum
1088 239 1233 295 nuda
1257 236 1447 291 tellure
1466 235 1695 307 jaceret,

612 321 788 376 Molle
814 319 967 389 super
994 315 1157 370 filices
1183 308 1689 390 imposuerecaput.

535 396 764 467 Jamque
782 388 1081 445 recessurae
1106 383 1266 441 viridi
1293 383 1362 437 de
1388 380 1561 452 stipite
1586 378 1754 433 facias·

395 487 503 541 240

616 464 925 521 Admorunt
951 459 1118 516 oculis
1146 458 1310 528 usque
1336 454 1427 509 sub
1454 469 1548 507 ora
1572 453 1729 507 faces.

536 538 724 597 Flebat
741 577 755 600 ‚
799 549 856 590 ut
872 535 948 590 est
970 532 1138 588 infans
1162 529 1320 583 fumis
1343 524 1619 580 contaetus
1642 526 1856 582 amaris:

610 612 701 666 De
728 608 893 664 tribus
917 605 992 661 est
1017 620 1141 658 cum
1170 602 1237 655 sic
1263 615 1366 653 una
1391 600 1572 652 locuta
1599 596 1782 652 Soror.

540 684 786 752 Tempus
811 683 865 735 in
893 676 1209 734 immensum
1234 672 1473 728 lacrimas
1500 670 1595 724 tibi
1623 672 1871 727 vovimus
1896 671 2040 736 istas:

616 757 770 827 Quae
795 752 999 824 semper
1024 748 1192 804 cauffa
1213 744 1515 800 sufficiente
1542 741 1756 799 cadent.

408 850 511 902 245
549 829 792 887 Dixerat.
818 839 871 879 at
897 823 1100 879 Clotho
1127 817 1270 887 ,iussit
1294 815 1544 889 promissa
1568 816 1769 877 valere,

621 901 785 956 Nevit
809 899 863 953 &
888 895 1084 951 infefflt
1109 892 1322 947 stamina
1346 889 1484 960 pulla
1510 905 1684 942 manu.

550 975 627 1033 Et
653 984 720 1029 'ne
745 974 900 1044 longa
923 968 1042 1025 suae
1062 964 1324 1040 ‚praesagia
1351 961 1559 1016 diceret
1585 960 1780 1025 horae,

312 1219 501 1273 ‘Qamvis
517 1226 720 1269 praetexens
737 1216 827 1266 pic’fa
840 1213 1018 1264 ferrugine
1037 1211 1164 1252 coelum

376 1279 566 1311 Venturam
587 1269 760 1307 admittat
783 1267 939 1314 imbrifer
957 1279 1058 1303 arcus
1075 1275 1220 1316 aquam.

264 1353 341 1392 Alii
364 1356 571 1395 violaceum
598 1354 763 1392 colorem
798 1350 868 1389 effe
895 1358 1050 1401 putant,
1077 1349 1177 1388 unde
1198 1348 1308 1388 Clau-

267 1404 396 1444 dianus
417 1407 548 1446 dixerit
573 1405 635 1444 lib.
653 1417 697 1443 11.
725 1405 770 1442 de
783 1404 905 1452 Raptu
918 1401 1176 1450 Proserpinae:

319 1485 509 1536 sanguineo
522 1485 696 1536 splendore
715 1486 823 1532 rosas,
856 1483 1017 1522 vaccinia
1038 1484 1131 1533 nigro

320 1538 441 1575 Induit
456 1565 467 1583 ,
494 1549 537 1578 ω’
554 1536 648 1574 dulci
668 1536 780 1573 violas
793 1537 971 1584 ferrugine
989 1536 1123 1586 pingit,

269 1621 346 1658 mii
379 1620 584 1658 castaneum
613 1617 780 1656 colorem
810 1615 1049 1655 similitudine
1081 1614 1189 1656 ferri,
1216 1611 1306 1649 dum

270 1672 319 1708 est
340 1670 588 1720 rubiginosum
614 1697 625 1713 ,
663 1669 775 1718 idque
806 1667 949 1705 videtur
974 1666 1155 1721 adstruere
1177 1664 1311 1701 Plinius

267 1720 329 1759 lib.
347 1734 451 1760 xxix.
478 1733 555 1768 cap.
575 1721 609 1757 6.
647 1719 707 1757 ubi
738 1718 784 1756 de
805 1718 946 1757 lacertis
966 1717 1110 1758 scribit,
1139 1716 1313 1770 &ferru-

269 1773 389 1820 gineas
422 1771 579 1809 maculas
608 1769 782 1807 habentes.
836 1770 891 1806 Ut
923 1777 962 1806 ut
993 1768 1033 1805 fit
1052 1795 1062 1810 ,
1086 1767 1311 1821 ferruginem

272 1833 341 1868 pro
370 1831 450 1860 atro
482 1822 607 1858 colore
638 1820 763 1867 paffim
796 1820 911 1866 accipi
943 1817 1109 1855 constat:
1141 1815 1188 1852 fic
1210 1826 1311 1852 enim

272 1872 447 1921 Virgilius
464 1872 523 1910 lib.
545 1884 573 1908 1.
602 1870 738 1919 Georg.
768 1869 814 1907 de
837 1868 929 1908 Solis
949 1868 1118 1911 defe&u‚
1147 1867 1211 1916 qui
1232 1876 1313 1903 cae·

266 1922 358 1961 dem
381 1923 540 1961 Caesaris
558 1920 761 1960 subsecutus
773 1920 842 1959 est:

327 2002 389 2040 ille
405 2001 514 2042 etiam
532 2000 683 2039 extimo
703 2000 889 2046 miseratus
910 1999 1055 2043 Caesare
1077 2005 1224 2036 Romam
1238 2024 1250 2041 ,

328 2059 423 2094 Cum
448 2063 546 2102 caput
564 2049 705 2098 obscuroi
726 2050 882 2088 nitidum
896 2049 1073 2097 ferrugine
1093 2049 1181 2085 texit
1196 2075 1208 2092 ,

328 2103 506 2154 Impiaque
527 2111 705 2139 aeternam
726 2101 920 2138 timuerunt
928 2100 1045 2149 focula
1063 2102 1206 2136 nociem.

274 2182 439 2220 Ovidius
449 2182 507 2220 lib.
518 2193 580 2220 xv.
594 2181 851 2230 Metamorph.
864 2180 954 2230 789.
966 2180 1011 2219 de
1025 2180 1212 2230 prodigiis,
1224 2191 1319 2229 quae

276 2233 428 2272 caedem
449 2233 547 2271 illam
568 2231 847 2281 praecesserunt:

328 2301 501 2338 Caerulus
514 2328 525 2346 ,
546 2312 590 2341 e9·
611 2299 756 2337 vultum
771 2299 951 2350 ferrugine
969 2297 1106 2344 Lucifer
1126 2307 1209 2335 atra

327 2352 468 2401 Sparsus
489 2362 566 2389 erat

277 2414 537 2463 Quamobrem
561 2415 786 2463 ferrugineus
799 2415 902 2453 color
918 2415 1050 2454 inferni
1072 2413 1237 2462 proprius
1247 2411 1318 2457 est,

279 2465 378 2503 unde
398 2466 573 2514 Virgilius
599 2466 657 2504 lib.
678 2480 709 2503 ν.
734 2466 778 2503 de
793 2465 1006 2503 Charonte:

333 2533 587 2582 Etferruginea
602 2533 786 2579 fiibveftat
808 2544 940 2575 corpora
964 2534 1099 2583 cymba.

281 2593 328 2634 Et
350 2595 568 2635 Claudianus
588 2597 680 2635 libro
703 2608 913 2636 memorato
933 2598 1163 2640 dePlutone:

333 2681 378 2713 Et
390 2678 583 2727 ferrugineo
603 2677 777 2725 lacrymas
799 2677 934 2728 detersit
950 2680 1095 2719 amic-'im
1165 2677 1170 2681 λ

277 2725 383 2764 Hinc
406 2731 516 2767 etiam
539 2728 828 2776 Tylefius‘libro
858 2730 903 2766 de
934 2731 1116 2768 coloribus
1138 2759 1147 2773 ‚
1168 2729 1317 2778 ferrugi-

280 2789 357 2813 mos
377 2779 580 2825 hyacinthos
602 2781 697 2826 apud
729 2778 926 2826 Virgilium
951 2783 1103 2828 exponit
1125 2782 1317 2829 lugubres,

279 2840 364 2863 nam
386 2830 516 2878 alioqui
539 2857 549 2872 ‚
586 2832 634 2867 ait
657 2857 667 2871 ,
706 2829 914 2877 hyacinthus
940 2840 1124 2879 purpureas
1151 2832 1195 2876 est
1216 2860 1225 2874 ,
1255 2832 1319 2879 sed

279 2881 387 2915 Po‘e'ta
405 2879 442 2915 in
461 2880 603 2927 epitheto
625 2879 740 2926 allusit
761 2880 985 2926 adfabulam
1003 2883 1120 2928 pueri,
1148 2896 1247 2927 quem
1263 2888 1316 2918 A·

276 2928 363 2976 pollo
389 2929 559 2975 intcrfecit
577 2960 585 2972 ,
629 2930 746 2973 luxit,
774 2932 884 2967 vertit
914 2933 950 2966 in
973 2931 1111 2976 finirem,
1141 2933 1211 2969 &c.
1239 2934 1316 2969 Ve-

279 2990 360 3016 rum
382 2979 487 3018 satius
507 2981 554 3017 est
568 2981 782 3028 ferrugineos
809 2979 1012 3028 hyacinthos
1040 2983 1240 3029 intelligere
1263 2983 1317 3020 ni-

277 3031 667 3079 gricantes‚quonia1n
686 3060 694 3073 ‚
717 3030 815 3067 utait
831 3032 933 3068 Philo
947 3033 1007 3070 lib.
1029 3032 1074 3069 de
1090 3033 1314 3080 Congreffu:

278 3078 431 3123 ι’σίιιινθος
452 3084 572 3126 μέλας
591 3084 659 3127 γὰρ
680 3084 782 3124 Φύσει
796 3109 806 3126 ,
832 3081 1043 3130 hyacinthus
1067 3086 1158 3132 niger
1189 3083 1233 3131 est
1253 3097 1318 3120 na-

279 3142 372 3178 itura¹
427 3133 479 3168 Ut
508 3144 583 3169 non
615 3133 779 3170 dubitem
806 3160 815 3176 ,
853 3133 976 3171 tinetas
995 3135 1172 3183 faragine
1185 3144 1318 3182 pannos

278 3182 324 3216 de
349 3193 425 3219 atro
449 3184 487 3220 ὅ(
508 3183 647 3220 funebri
673 3183 799 3219 colore
820 3183 1044 3231 interpret-ari
1061 3212 1071 3228 ,
1099 3185 1316 3234 quodevin-

281 3231 371 3274 vitm
388 3233 551 3283 sequenti
587 3235 686 3275 tetih
708 3262 718 3279 ‚
751 3238 787 3271 A
810 3234 902 3274 male
919 3235 1044 3284 deserto
1075 3250 1157 3287 quos
1177 3246 1316 3286 rapuere

2276 1039 2404 1098 Fata

1371 1214 1458 1251 rogo.
1512 1201 1682 1242 Savia.
1702 1201 1835 1253 jannis
1849 1204 2027 1255 ftrrugine
2048 1206 2186 1256 pannis.
2211 1210 2383 1248 Francos.

1415 1265 1502 1342 ¹2539.
1530 1259 1582 1291 Do
1595 1255 1749 1306 stipite]
1780 1261 1834 1293 De
1852 1257 1967 1307 cespite
1987 1268 2079 1296 unus
2092 1259 2406 1309 Heinfii&Fran7

1366 1315 1411 1342 co
1433 1333 1441 1341 .

1416 1366 1506 1405 240.
1529 1356 1636 1406 Ufique
1647 1356 1713 1405 sub
1742 1355 1843 1407 ora.]
1872 1357 2000 1407 Aliqui
2019 1361 2168 1399 codices
2179 1361 2409 1406 habent,at·'

1363 1406 1502 1454 quesub
1513 1421 1596 1444 ora.-
1625 1407 1696 1446 Sed
1718 1416 1876 1457 utroque
1889 1411 2007 1449 modo
2030 1412 2141 1449 reste.
2168 1412 2411 1451 Consum.

1364 1457 1464 1495 Fm«.
1489 1458 1612 1504 forte,
1640 1458 1736 1506 usta,
1767 1459 1914 1497 velatra
1930 1489 1939 1505 ‚
1967 1474 2052 1500 nam
2068 1462 2214 1501 codices
2227 1463 2409 1501 Constan-

1368 1508 1596 1546 tiiFanenfis
1614 1537 1624 1554 ‚
1657 1521 1775 1559 atque.
1812 1510 1957 1549 Hams.
1977 1513 2042 1562 sub
2053 1527 2106 1550 ore
2123 1514 2212 1551 alter
2233 1514 2383 1562 Regius.

1404 1571 1496 1605 2⁴1·
1525 1566 1568 1597 Ut
1585 1560 1792 1610 elisama]
1812 1562 1923 1607 fariis
1941 1563 2144 1602 Sarravian.
2166 1565 2203 1602 δε
2229 1572 2301 1603 tres
2320 1564 2404 1603 alii:

1364 1620 1539 1648 contortus
1558 1611 1668 1648 etiam
1690 1610 1831 1649 Heinsii
1851 1624 1956 1651 unus.

1419 1672 1504 1710 243.
1531 1661 1710 1699 Lacrimas
1722 1661 1786 1698 tibi
1796 1663 2011 1714 movimu5.]
2027 1665 2162 1703 Melius
2179 1694 2189 1710 ‚
2216 1665 2384 1705 vovimus
2394 1672 2408 1713 ‚'

1365 1721 1406 1750 ut
1424 1714 1459 1749 in
1485 1724 1595 1752 manu
1619 1713 1753 1762 scriptis
1772 1713 1960 1752 codicibus
1979 1715 2123 1764 lego.&
2147 1717 2300 1761 cadunt,
2329 1730 2407 1756 non

1369 1763 1505 1801 cadent.
1525 1763 1677 1801 Coun.
1699 1763 1784 1802 Fan.
1823 1766 2090 1804 Vovimusunus
2111 1767 2231 1806 Vatic.
2260 1770 2297 1805 δί
2321 1769 2408 1806 Me·

1369 1814 1439 1852 dic.
1461 1815 1568 1851 bene.
1599 1815 1796 1864 quomodo
1821 1817 1857 1852 &
1891 1817 2126 1856 Constantius
2153 1820 2191 1856 in
2211 1819 2279 1857 suis
2302 1820 2410 1857 inve·

1370 1872 1497 1909 nerat,
1524 1873 1564 1902 ut
1585 1867 1622 1902 ὅ(
1652 1865 1780 1902 cadam
1811 1866 1912 1905 versu
1936 1869 2122 1915 proximo.
2148 1870 2250 1918 quod
2274 1881 2319 1906 ex
2338 1882 2410 1908 no-

1368 1915 1443 1954 stris
1462 1915 1632 1953 nonnulli
1654 1915 1889 1954 confirmant.
1917 1918 2064 1956 Heius.
2093 1920 2271 1957 Lacrimas
2289 1921 2411 1968 injun-

1364 1968 1477 2015 gimus
1504 1966 1584 2010 istas
1616 1967 1803 2005 Petavian.
1837 1968 1875 2004 &
1906 1968 2076 2007 Francof.
2110 1972 2233 2009 nescio
2264 1983 2308 2008 an
2329 1983 2408 2009 non

1367 2017 1478 2054 reeie.
1504 2028 1568 2061 pro
1581 2018 1738 2064 imperio
1761 2018 1967 2056 enim‘haec
1992 2019 2179 2058 Furiarum
2194 2033 2268 2059 una
2294 2021 2409 2066 dicit,

1374 2067 1476 2115 quod
1490 2066 1798 2115 firmariscquenti
1809 2069 1911 2106 versu
1925 2069 2040 2117 poffet
2059 2098 2070 2114 ,
2099 2071 2159 2108 ubi
2176 2073 2210 2108 in
2223 2072 2408 2110 Petavian.

1375 2128 1442 2165 pro
1451 2117 1629 2166 promissa.
1658 2126 1733 2155 erat
1747 2146 1756 2162 ‚
1782 2128 1967 2167 praecepta.
1987 2120 2023 2157 in
2043 2120 2116 2157 alio
2129 2120 2270 2158 Heinfii
2284 2149 2293 2166 ‚
2307 2130 2410 2170 prae-

1375 2167 1484 2205 dieta.
1509 2168 1557 2204 fic
1583 2169 1757 2215 injungere
1779 2169 1983 2213 servitutem
2021 2169 2162 2208 Caesar.
2184 2182 2254 2209 vn.
2294 2175 2340 2209 de
2368 2173 2410 2212 Β.

1376 2217 1422 2253 G.
1445 2227 1505 2262 77.
1533 2217 1734 2265 injungitur
1750 2217 1838 2254 levis
1859 2218 1956 2256 labor
1968 2219 2155 2258 Columel.
2176 2233 2228 2258 VI.
2247 2236 2279 2268 4.
2308 2224 2408 2262 &ita

1374 2267 1513 2315 paffim.
1552 2268 1624 2305 vid.
1650 2267 1696 2304 ad
1724 2267 1902 2316 Quinffil.
1939 2270 2092 2308 Praefat.
2118 2272 2164 2309 de
2191 2272 2273 2310 Inst.
2304 2274 2410 2313 Orat.

1373 2330 1435 2406 gos
1462 2319 1635 2355 movimus
1661 2318 1748 2367 ipsas
1783 2319 1839 2356 Pr.
1863 2319 1960 2359 Edit.
1993 2320 2042 2359 ibi
2066 2323 2226 2367 fovimus
2249 2325 2410 2374 Nauger.

1408 2382 1506 2407 unm..

1427 2431 1512 2468 245.
1540 2420 1714 2467 Dixerat,
1739 2431 1782 2463 (έν
1802 2420 1964 2474 Εἰρήνα]
1995 2428 2050 2461 At
2070 2424 2194 2463 Clotho
2209 2437 2254 2463 ex
2266 2425 2409 2467 duobus

1370 2471 1521 2519 scriptis.
1548 2472 1694 2509 Heius.

1423 2524 1508 2567 246.
1536 2522 1884 2573 Nevitwinflsta.]
1914 2525 1955 2562 In
1981 2525 2160 2576 aliquibus
2188 2528 2408 2575 exemplari-

1372 2571 1553 2622 buslego,
1576 2574 1739 2620 infausta.
1768 2575 1868 2622 quod
1881 2587 1956 2613 non
1971 2577 2231 2623 placetminus.
2257 2579 2410 2617 Consr.

1374 2622 1471 2661 FAN.
1496 2625 1654 2671 infausta
1675 2624 1771 2662 reete
1791 2625 2019 2663 Sarravianus
2033 2655 2041 2669 ‚
2073 2628 2110 2664 δε
2129 2627 2331 2665 Constantii
2345 2641 2409 2666 co-

1374 2674 1484 2712 dices.
1523 2676 1667 2712 HEiNS.
1703 2677 1740 2712 ὃ(
1761 2675 1883 2723 infista
1906 2676 2113 2722 &infausta
2128 2705 2137 2721 ,
2164 2690 2259 2727 quae
2280 2680 2407 2726 passim

1375 2727 1596 2762 commutari
1622 2726 1739 2763 solent
1759 2752 1769 2768 ,
1797 2727 1946 2764 defendi
1974 2727 2141 2774 possunt,
2181 2729 2251 2766 vid.
2278 2731 2409 2769 Heius.

1375 2775 1421 2813 ad
1441 2776 1568 2813 Claud.
1589 2775 1617 2812 1.
1644 2775 1690 2812 de
1710 2777 1815 2821 Rapt.
1835 2777 1933 2815 Pros.
1950 2778 2059 2823 33440.
2085 2779 2144 2816 sed
2164 2780 2253 2817 mihi
2276 2781 2408 2828 proba-

1374 2834 1432 2862 tur
1449 2826 1611 2863 maxime
1631 2825 1798 2874 scriptura
1827 2828 1963 2866 codicis
1986 2828 2294 2867 Francofurtenfis
2315 2858 2325 2875 ,
2351 2832 2408 2867 in-

1365 2879 1462 2923 fefla
1478 2905 1488 2920 ,
1516 2877 1617 2925 quod
1654 2877 1755 2923 pullis
1780 2877 1987 2916 staminibus
2009 2881 2408 2920 convenientissimum.

1373 2927 1478 2971 poffis
1497 2935 1620 2964 autem
1643 2927 1817 2964 infectam
1850 2940 2026 2974 manum,
2054 2940 2190 2974 atram,
2213 2930 2410 2979 sanguino-

1369 2977 1506 3015 lentam
1522 3005 1532 3021 ,
1562 2986 1797 3022 venenatam,
1812 2981 1881 3017 otc.
1911 2991 2119 3029 exponere,
2145 2981 2280 3029 dequo
2296 2983 2409 3021 verbo

1372 3029 1472 3076 plura
1494 3029 1539 3066 ad
1568 3028 1649 3065 Val.
1672 3028 1768 3066 Flac.
1790 3041 1834 3066 Π.
1856 3040 1941 3077 ιςς.
1970 3032 2137 3069 diximus.
2165 3030 2295 3069 Buim.

1423 3091 1510 3124 247.
1533 3085 1621 3116 Suae
1645 3081 1822 3128 praesagia
1853 3081 1978 3118 diceret
2002 3079 2143 3129 homa]
2174 3088 2239 3118 Suo
2257 3096 2310 3120 ore
2326 3083 2409 3123 scri-

1371 3131 1446 3177 pti,
1475 3129 1534 3166 sed
1563 3141 1766 3177 perperam.
1795 3143 1910 3176 mox,
1936 3142 2063 3174 canat,
2093 3143 2158 3178 pro
2178 3133 2294 3177 canit,
2323 3134 2407 3173 scri-

1373 3180 1429 3218 be.
1458 3181 1600 3217 Hfiius.
1638 3182 1786 3220 mallem
1808 3193 1878 3231 ego
1896 3209 1907 3228 ,
1944 3181 2101 3229 duceret,
2130 3184 2232 3232 quod
2248 3186 2296 3233 τῷ
2308 3185 2408 3235 longa

1374 3239 1590 3271 conveniret
1609 3231 1752 3271 melius.
2353 3278 2403 3321 48

2326 3297 2347 3324 2
2406 3312 2418 3325 .
