2547 3708
845 111 1062 170 1013

1209 111 1237 167 Ι
1379 110 1432 166 S.
2137 118 2196 166 61

381 224 599 300 Quique
624 218 790 273 oculis
816 214 1015 277 caruit,
1032 230 1129 283 per
1154 229 1288 284 quos
1309 210 1450 268 ‘male
1477 206 1685 276 viderat,
1709 225 1923 274 aurum,

241 321 346 372 270
458 293 670 353 inferias
694 303 821 346 nato
846 305 980 361 quos
1009 286 1158 341 dedit
1190 285 1318 340 orba
1346 301 1546 358 parens

142 521 333 560 Noluerant
343 520 477 567 fratres
498 509 786 561 male‘consentire
805 518 991 550 novercae,

121 591 123 594 ·
140 573 403 620 Noluerantque
424 568 564 605 thorum
583 564 661 602 nati
675 559 844 617 intest-are.
849 558 1015 614 parentis.

139 623 207 661 Illa
227 622 356 670 repulsa
376 619 487 657 dolens
504 615 658 663 converso
675 622 870 666 crtt'mnefn
886 608 959 645 illos
973 635 984 652 ‚

137 674 330 722 Accusavit
349 685 399 708 eos
415 669 510 719 patri
521 682 531 710 ;
555 674 653 714 pater
671 671 805 717 accitus⁴
815 673 869 697 tra
883 687 894 703 ,
1016 706 1023 714 ⁶
1090 706 1098 714 ·

139 732 212 763 Nec
235 727 363 761 rectum
393 717 566 769 inspiciens
593 716 723 764 (neque
749 724 842 749 emm
865 711 994 748 rec‘lum
1011 707 1115 757 tnspt·

229 777 273 812 cit
288 773 368 821 ira)

143 843 211 892 Ipse
226 853 342 891 pater,
365 839 422 889 led
430 839 510 889 jam
529 850 564 874 re
583 847 650 873 non
665 842 784 883 pater,
812 830 902 868 eruit
922 829 991 868 illis

139 894 243 944 Quod
261 894 402 931 dederat
430 891 547 927 lumen
566 913 578 931 ‚
599 894 811 935 poenamque
819 884 958 932 secutus
976 877 1120 919 eandem

206 945 259 991 est.

88 1006 280 1047 iuream.

90 1073 257 1113 Phoenix
277 1069 427 1121 quidem
447 1063 701 1115 intelligendus
720 1062 764 1101 ab
786 1063 998 1111 Amyntore
1018 1066 1119 1109 patre

93 1132 302 1162 excaecatus
324 1150 334 1166 ,
371 1120 430 1158 sed
461 1119 560 1157 enim
589 1124 692 1153 vetus
723 1116 898 1163 interpres
915 1124 992 1150 rem
1016 1110 1119 1148 aliter

93 1183 211 1212 narrat
232 1202 242 1218 ,
281 1184 389 1221 quam
424 1169 457 1207 se
485 1168 615 1206 habeat
638 1193 650 1211 ‚
695 1166 732 1202 &
767 1164 860 1202 Batti
894 1163 1016 1201 nescio
1057 1172 1121 1198 cu-

86 1224 148 1274 jus
191 1223 315 1261 insulsa
371 1221 531 1258 carmina
582 1219 619 1254 in
662 1216 915 1254 testimonium
962 1212 1122 1250 adducit.

92 1275 163 1313 His
185 1271 465 1322 quatuordecim
498 1267 654 1307 versibus
683 1268 783 1306 caeci
816 1266 944 1304 decem
969 1273 1122 1301 enume-

91 1326 215 1364 rantur
235 1353 246 1369 ,
283 1334 441 1373 quorum
474 1320 719 1358 intortunium
752 1317 910 1355 Ovidius
941 1314 1032 1352 lbidi
1059 1312 1123 1350 suo

91 1385 220 1414 vovet.
270 1375 411 1412 Primus
442 1371 491 1409 est
526 1371 721 1412 Phoenix,
756 1380 867 1417 quern
893 1377 976 1404 curn
1000 1364 1125 1413 Clytia

91 1427 222 1476 pellice
241 1423 503 1474 deprehensum
524 1421 713 1470 Amyntbr
734 1430 833 1467 pater
854 1417 931 1455 visu
953 1416 1126 1464 privavit,

93 1476 216 1526 postea
230 1476 390 1514 sanatum
411 1474 432 1512 a
455 1473 619 1511 Chirone
634 1499 643 1515 ,
671 1482 714 1508 ac
733 1469 867 1508 deinde
887 1466 1021 1505 Achilli
1044 1478 1127 1502 mo-

94 1529 256 1566 nitorem
278 1527 401 1565 datum
420 1554 429 1569 ,
461 1523 689 1572 Lycophron
723 1521 757 1558 in
784 1517 1001 1561 Cassandra,
1029 1518 1066 1554 ὃς
1090 1517 1125 1553 in

95 1590 183 1616 eum
215 1579 340 1615 Isacius
371 1577 560 1618 Tzetzes,
606 1571 856 1622 Apollodorus
883 1569 945 1607 lib.
965 1581 1028 1606 111.
1064 1568 1134 1623 qni]

94 1629 321 1667 Phoenicem
353 1626 374 1664 a
399 1627 519 1674 Clytia
543 1623 628 1662 falso
653 1621 901 1661 insimulatum
923 1620 972 1657 ait
992 1646 1003 1663 ‚
1032 1617 1128 1656 Ovi-

97 1680 175 1718 dIus
193 1679 265 1729 ipse
281 1679 341 1717 lib.
363 1691 389 1716 1.
408 1678 453 1716 de
473 1677 576 1714 Arte.
590 1683 675 1724 337.

151 1757 265 1795 Flevit
288 1756 543 1807 Amyntorides
557 1764 615 1805 per
635 1752 757 1791 inania
780 1749 918 1788 lumina
940 1746 1105 1786 Phoenix.

98 1819 194 1857 Item
214 1820 419 1870 Propertius
444 1818 504 1855 lib.
523 1828 569 1855 rr.
594 1829 622 1855 1.
644 1817 705 1854 61.

90 1930 103 1940 ,
152 1888 269 1928 Tarda
290 1886 496 1924 Philot‘letae
515 1884 654 1922 curavit
673 1896 774 1920 crura
797 1882 999 1926 Machaon,

203 1937 372 1974 Phoenicis
388 1938 518 1973 Chiron
538 1935 673 1972 lumina
696 1934 912 1981 Phy'lirides.

107 2004 297 2041 Homerus
313 1999 462 2048 quidem
486 1999 586 2036 Iliad.
613 2011 641 2035 1.
670 1998 920 2041 Amyntorem
943 1992 1020 2031 filio
1042 1992 1134 2029 diras

101 2056 344 2101 imprecatum
388 2051 497 2086 canit.
567 2049 708 2085 Verum
748 2044 1014 2082 exoculationis
1043 2054 1127 2078 non

101 2103 291 2143 meminit,
320 2109 429 2147 quam
454 2098 620 2134 Tzetzes
642 2095 759 2133 modo
780 2095 944 2132 laudatus
965 2095 1129 2138 ἒιλληγσ-

102 2155 198 2201 ρικῶς
220 2150 384 2198 exponit.
409 2148 609 2185 Saevior«.
642 2151 648 2156 '

151 2205 234 2243 262.
273 2207 467 2237 Praetentes
484 2196 642 2245 baculo.)
673 2194 827 2243 Elegans
849 2192 1002 2230 verbum
1019 2218 1028 2233 ,
1062 2200 1130 2238 pro

80 2226 84 2232 ι
103 2268 150 2295 eo
169 2251 270 2304 quod
301 2262 367 2289 nos
395 2249 550 2286 dicimus
577 2247 663 2284 aller
683 2245 708 2282 a
738 2243 873 2291 taston,
900 2253 977 2292 quo
998 2240 1131 2279 Tibul.

101 2309 155 2346 lus
177 2305 286 2343 etiam
311 2300 388 2339 usus
409 2299 456 2337 est
479 2300 538 2337 lib.
557 2310 601 2336 Π.
625 2297 725 2345 Eleg.
744 2307 774 2334 r.

155 2372 200 2406 Et
214 2362 352 2416 pedibus
367 2371 564 2410 praetentat
584 2360 661 2398 iter.

105 2435 241 2473 Seneca
253 2427 425 2475 Oedipo:

152 2512 252 2522 .-
280 2501 377 2510 --
405 2496 507 2536 reptet
526 2486 673 2525 incertus
691 2486 802 2531 viae,'

154 2544 276 2583 Baculo
293 2539 391 2589 senili
408 2538 499 2587 triste
508 2547 730 2588 praetentans
746 2539 824 2576 iter.

102 2626 236 2665 Plinius
253 2623 312 2662 lib>
334 2635 380 2660 11.
406 2632 482 2668 cap.
502 2619 561 2657 28.
592 2619 638 2657 de
664 2618 836 2657 Cochleis
856 2628 866 2655 t
903 2616 1037 2656 Cohleis
1052 2628 1128 2652 ocu-

104 2677 213 2713 lorum
233 2670 539 2711 vicemwornicula
568 2671 650 2706 bina
673 2679 894 2719 praetentam
924 2667 1128 2716 adimplent.

105 2726 236 2764 Graeci
282 2734 432 2772 quoque
469 2723 661 2765 προπέμειν
697 2720 825 2758 eadem
859 2718 1122 2768 fignificatlone

103 2778 243 2815 dicunt.
271 2773 520 2810 Artemidorus
534 2772 728 2809 Oneirocr.
755 2771 814 2807 lib.
829 2783 854 2808 r.
874 2783 950 2816 cap.
972 2770 1031 2806 28.
1055 2770 1122 2804 ΔιΞι

105 2827 149 2865 τὸ
175 2822 329 2860 enimes
356 2825 573 2865 προπέμπειν
609 2824 675 2863 τῖες
703 2822 828 2868 χεῖρκς
866 2823 945 2862 τοῦς
964 2831 1123 2862 πεπηρω-

105 2880 235 2923 μένιυς.
284 2878 457 2918 Propterea
478 2872 568 2921 quod
592 2871 693 2907 oculis
709 2871 822 2908 orbati
843 2883 968 2908 manus
980 2868 1126 2917 fludaeofie

100 2930 271 2980 praeferre
288 2934 409 2970 easque
429 2921 582 2970 subsequi
595 2922 715 2969 [olent.
763 2922 977 2960 Prudentius
1000 2921 1035 2957 in
1060 2919 1130 2956 Pu-

105 2990 175 3028 gna
193 2973 362 3022 largitatis
389 2973 425 3008 &
452 2972 621 3008 avaritiae
648 2972 728 3009 usus
758 2973 806 3010 est
839 2971 952 3011 verbo
975 2970 1128 3019 simplici

105 3039 237 3070 tentare
252 3024 380 3065 eadem
401 3022 580 3064 notione,
606 3031 689 3058 curn
709 3023 770 3060 ait:

412 3121 511 3131 ---
538 3102 617 3139 huic
636 3103 767 3140 lumine
782 3105 936 3155 adempto

158 3156 344 3207 Effiffisque
362 3155 462 3193 oculis
475 3184 485 3199 ‚
513 3154 610 3190 velut
628 3155 664 3191 in
686 3154 826 3199 caligine
845 3160 946 3194 noetis

160 3214 307 3259 caetum
322 3220 435 3260 errare
438 3205 525 3258 finit
534 3233 545 3251 ,
566 3213 691 3256 perque
710 3204 909 3257 offensamla
926 3207 1043 3257 multa

2025 353 2205 411 Pastor

1227 509 1279 541 Ire
1291 531 1301 548 ,
1329 515 1388 540 nec
1407 499 1585 551 oppositum
1609 500 1727 538 baculo
1745 510 1879 538 tentare
1892 497 2072 548 periclumi

1172 571 1219 610 Et
1240 581 1325 611 ante
1345 573 1447 612 illum
1469 572 1668 613 Phraedrus
1693 575 1753 613 lib.
1775 585 1839 611 ιιι.
1861 569 2002 608 fab.1o.

1217 656 1287 667 —
1313 658 1385 667 —
1409 658 1481 667 -—
1507 657 1576 667 --
1606 643 1731 677 Tentat
1748 639 1785 675 in
1805 633 1950 673 tenebris
1968 642 2081 682 caput.

1174 716 1342 773 Satvae.
1379 718 1534 767 magistro
1562 718 1638 756 duo
1661 717 1819 755 codices.
1847 716 2117 765 ministerunuS.
2137 716 2204 751 miv

1176 768 1735 818 mstrospr.Edit.propraetentes
1759 768 1869 806 etiam
1901 767 2062 815 sustentes
2092 765 2206 812 Juret.

1177 819 1272 856 male
1301 819 1468 857 vid.xrv.
1494 819 1589 856 Met.
1615 818 1696 863 184.

1230 870 1315 908 262.
1342 870 1501 907 Luminis
1520 867 1644 917 orbis.]
1674 869 1865 912 Emenda,
1892 868 2015 913 orbus,
2042 876 2082 905 ut
2099 864 2207 917 pleri-

1176 931 1251 1009 }ue
1264 949 1275 965 ,
1288 922 1399 959 etiam
1409 920 1567 970 impreffi
1578 920 1724 958 codices
1734 946 1744 964 ,
1773 918 1885 956 fidem
1897 919 2046 957 faciunt.
2058 919 2210 956 Consr,

1211 985 1276 1010 AN.

1232 1024 1319 1071 263.
1347 1029 1420 1060 Nec
1437 1021 1514 1071 plus
1532 1021 1700 1070 adspicias
1713 1048 1724 1065 ‚
1753 1032 1860 1068 quam
1881 1033 1968 1071 quae
1981 1020 2045 1067 [ua
2062 1018 2139 1065 filia
2159 1032 2212 1055 re-

1174 1072 1250 1118 xit,
1282 1079 1448 1120 Expertus
1460 1071 1568 1120 scelus
1580 1072 1621 1116 esi
1641 1072 1735 1119 cujus
1756 1081 1897 1119 uterque
1919 1069 2082 1121 parem]
2131 1070 2212 1106 Oe-

1175 1124 1280 1172 dipus
1300 1124 1392 1163 filius
1415 1124 1494 1172 Laji
1516 1124 1553 1160 ὃ(
1573 1123 1735 1169 Jocastae
1749 1150 1759 1166 ,
1788 1122 1916 1159 inscius
1938 1131 2079 1169 patrem
2100 1120 2213 1158 inter-

1175 1175 1283 1220 fecit,
1312 1176 1350 1213 &
1373 1186 1459 1213 curn
1494 1180 1609 1211 matre
1637 1172 1865 1215 concubuit;
1895 1172 2059 1221 quare-se
2083 1181 2214 1209 excae-

1179 1229 1301 1270 cavit,
1326 1237 1438 1275 quem
1460 1225 1591 1261 orbum
1605 1222 1744 1261 filiasua
1767 1223 1957 1271 Antigone
1979 1223 2096 1266 duxit,
2109 1220 2213 1270 quod

1179 1279 1228 1315 ait
1252 1278 1394 1315 Statius.
1423 1276 1666 1313 quenalis.
1696 1273 1863 1320 Oedipus
1886 1273 2116 1322 significatur.
2151 1272 2212 1308 De

1182 1328 1334 1376 Oedipo
1357 1328 1527 1375 Hyginus
1548 1338 1625 1374 cap.
1640 1337 1697 1374 57.
1726 1322 1889 1369 Suafilia,
1918 1323 2122 1372 Antigone.
2141 1322 2216 1359 Eu-

1181 1379 1311 1427 ripides
1332 1380 1369 1416 in
1383 1377 1582 1416 Phoenissis
1598 1405 1606 1419 ,
1636 1378 1673 1414 &
1686 1374 1886 1424 Sophocles
1904 1375 1939 1412 in
1955 1374 2143 1422 Antigone
2155 1400 2164 1416 ,
2177 1373 2216 1410 δε

1183 1431 1219 1467 in
1232 1430 1383 1476 Oedipo
1396 1428 1592 1466 Colonaeo
1616 1428 1715 1464 Rexit
1730 1455 1739 1471 ,
1777 1425 1941 1464 Athenas
1965 1425 2081 1462 duxit.
2111 1423 2216 1461 Idem

1184 1481 1384 1529 Sophocles
1409 1478 1558 1517 ibidem.
1597 1479 1765 1515 CIOFAN.
1794 1476 1962 1525 Oedipus
1982 1474 2155 1524 parricida
2179 1476 2219 1512 &

1184 1532 1359 1575 incestus,
1388 1539 1518 1578 utpote
1536 1530 1598 1577 qui
1621 1529 1753 1566 Laium
1789 1536 1928 1576 patrem
1959 1526 2097 1564 occidit
2119 1525 2221 1570 ,vlo-

1184 1583 1314 1620 castam
1339 1591 1493 1619 matrem
1518 1583 1554 1617 in
1583 1584 1736 1617 uxorem
1765 1579 1922 1626 accipit,
1951 1576 2050 1614 unde
2063 1576 2221 1624 cognitis

1183 1633 1415 1676 criminibus,
1443 1632 1503 1669 fibi
1527 1631 1654 1669 oculos
1673 1631 1788 1672 eruit,
1818 1629 1926 1677 seque
1939 1627 2138 1676 regendum
2154 1636 2225 1664 tra-

1186 1685 1278 1723 didit
1312 1685 1520 1731 Antigonae
1551 1681 1645 1719 filiae
1673 1681 1779 1724 suae,
1807 1680 1989 1728 reliquum
2017 1680 2111 1716 vitae
2131 1679 2226 1715 inter

1186 1735 1328 1784 suspiria
1343 1735 1381 1772 ὃ(
1400 1734 1575 1782 lacrymas
1592 1733 1746 1770 aeturus.
1778 1730 1934 1768 Historia
1956 1728 2225 1777 utriusquelin-

1188 1798 1281 1836 guae
1302 1785 1448 1824 theatris
1468 1783 1776 1825 decantatiffima‚
1805 1781 1850 1819 de
1871 1792 1942 1830 qua
1965 1780 2140 1817 nimirum
2156 1778 2223 1815 So-

1189 1837 1329 1886 phoclis
1349 1837 1385 1874 ὅ(
1406 1836 1566 1872 Senecae
1585 1833 1819 1882 Tragoediae
1840 1840 1975 1869 extant.
2029 1830 2226 1867 SALVAGN.

1190 1888 1372 1934 Nonprius
1391 1885 1543 1923 Moreti.
1577 1898 1633 1920 nec
1647 1887 1722 1933 plus
1743 1882 1898 1931 inspicias
1913 1882 2048 1928 Regius
2069 1882 2104 1916 ἃ
2127 1881 2227 1917 arius.

1240 1939 1324 1985 264.
1353 1943 1519 1987 Expertus
1540 1935 1650 1984 scelus
1668 1934 1751 1982 est.]
1779 1931 2111 1981 Expertus‘sacinus
2130 1931 2226 1978 cujus
2264 1936 2269 1939 “

1189 1990 1360 2027 Francos.

1237 2039 1321 2084 265.
1347 2036 1474 2086 Qalis
1504 2045 1579 2073 erat
1602 2050 1611 2077 ;
1637 2034 1856 2085 postquam.]
1886 2032 2022 2070 Fabula
2044 2031 2089 2069 dc
2111 2031 2225 2069 Tire-

1186 2089 1232 2127 fia
1245 2098 1333 2127 nota
1346 2091 1408 2125 est.
1425 2088 1462 2124 in
1479 2085 1681 2134 Appollinea
1701 2096 1775 2121 arte
1790 2085 1877 2121 dicit
1904 2084 1990 2131 qui-a
2002 2082 2227 2119 vaticinandi

1186 2141 1319 2186 peritus
1337 2146 1421 2175 erat.
1451 2137 1616 2173 Iurene.
1647 2135 1852 2183 Dejudicio
1866 2132 2031 2171 Tirefiae
2050 2161 2061 2177 ,
2089 2133 2126 2170 δε
2140 2143 2227 2170 cau-

1184 2189 1218 2226 sa
1239 2188 1506 2226 excaecationis
1522 2214 1532 2230 ,
1570 2185 1668 2223 idem
1702 2189 1814 2234 po'e'ta
1833 2185 1944 2222 tertio
1966 2184 2122 2221 Metam.
2143 2194 2223 2220 mc-

1187 2240 1308 2277 minit.
1344 2239 1539 2275 Caeterum
1566 2236 1719 2274 traditur
1737 2238 1776 2273 &
1806 2235 1874 2273 alia
1901 2235 2026 2278 causa,
2055 2246 2118 2272 cur
2146 2234 2224 2272 visu

1188 2291 1346 2339 privatus
1370 2289 1477 2326 fuerit
1503 2287 1658 2325 Tiresias
1682 2300 1690 2324 z
1720 2286 1893 2325 videlicet
1913 2285 2013 2335 quod
2036 2284 2222 2323 Palladem

1191 2342 1373 2378 lavantem
1397 2339 1532 2376 nudam
1555 2337 1751 2386 aspexisset.
1792 2337 1852 2374 De
1876 2348 1946 2386 qua
1968 2348 2006 2373 re
2029 2345 2126 2373 extat
2149 2336 2226 2373 ele-

1191 2395 1249 2440 gia
1272 2390 1507 2434 Callimachi,
1536 2401 1629 2436 quac
1652 2388 1877 2430 inscribitur,
1904 2385 1952 2428 ἐις
1965 2389 2101 2432 λουτρὰ
2123 2391 2224 2422 παλ-

1192 2441 1313 2484 anseg.
1329 2443 1503 2479 micui.
1529 2439 1685 2477 Tiresias
1713 2438 1913 2476 Thebanus
1925 2438 2051 2475 Eueris
2073 2438 2110 2474 δε
2126 2437 2224 2474 Cha-

1189 2493 1294 2542 riclus
1314 2492 1406 2531 filius
1427 2519 1436 2535 ‚
1465 2493 1527 2541 qui
1559 2502 1642 2528 cum
1675 2499 1872 2538 utrumque
1899 2489 2022 2526 sexum
2053 2496 2224 2536 expertus

1186 2543 1273 2582 effet
1295 2572 1305 2588 ,
1341 2543 1571 2592 proindeque
1598 2541 1759 2589 sumptus
1787 2541 1916 2577 arbiter
1945 2539 1979 2576 in
2010 2539 2073 2576 lite
2087 2539 2219 2587 jocosa

1184 2596 1278 2633 inter
1307 2595 1442 2641 Jovem
1475 2594 1510 2629 ὃ(
1538 2593 1723 2637 Junonem
1749 2619 1759 2634 ,
1794 2602 1860 2638 pro
1888 2591 1982 2636 Jove
2001 2589 2218 2627 sententiam

1183 2644 1337 2689 tuliffet,
1364 2645 1407 2682 ab
1427 2643 1563 2681 offensa
1580 2643 1726 2689 Junone
1742 2641 1914 2679 caecitate
1936 2639 2129 2677 muletatus
2151 2640 2217 2680 est.

1184 2698 1321 2745 Iupiter
1335 2707 1395 2746 pro
1419 2695 1549 2732 lumine
1575 2693 1754 2742 adempto,
1781 2692 1868 2728 scire
1882 2691 2010 2736 futura
2028 2690 2124 2727 dedit
2139 2700 2215 2738 poe-

1179 2760 1328 2796 namque
1352 2746 1490 2783 levavit
1517 2745 1638 2781 honore
1658 2772 1668 2787 ‚
1705 2753 1743 2781 ut
1766 2743 1862 2779 canit
1883 2741 2043 2779 Ovidius
2069 2741 2127 2778 lib.
2151 2754 2216 2780 ιη,

1181 2800 1335 2835 Metam.
1358 2808 1439 2845 337.
1467 2796 1569 2833 litem
1599 2805 1786 2837 enarrans,
1815 2804 1910 2842 quae
1938 2803 2021 2829 cum
2044 2792 2213 2840 turpis&

1179 2848 1362 2886 obscoena
1380 2847 1590 2889 fit,merito
1617 2843 1880 2893 praetereunda
1915 2843 1975 2880 est.
2039 2842 2212 2880 Fabulam

1181 2898 1420 2947 prodiderunt
1440 2899 1477 2935 δι
1500 2897 1559 2934 alii
1580 2896 1685 2933 multi
1700 2924 1709 2940 ‚
1738 2904 1817 2932 turn
1829 2893 1992 2941 Phlegon
2006 2893 2212 2931 Trallianus

1183 2950 1242 2988 lib¹
1267 2951 1347 2993 περὶ
1382 2949 1596 2991 Θαυμασίων
1629 2958 1706 2994 cap.
1734 2959 1768 2991 4.
1816 2944 1884 2982 Sed
1913 2946 2012 2981 enim
2040 2943 2212 2981 caetitatis

1185 2999 1448 3047 causamlonge
1467 2997 1642 3036 diversam
1657 2998 1700 3034 ab
1721 2995 1905 3033 Ovidiana
1924 2996 2112 3043 proferunt
2132 2993 2217 3030 Cal·

1184 3051 1359 3089 limachus
1374 3048 1423 3092 εἷς
1436 3050 1571 3091 >taurea
1586 3050 1648 3089 τῆς
1670 3047 1888 3089 Παλλάδος,
1916 3046 2073 3083 Nonnus
2100 3042 2160 3080 lib.
2179 3056 2214 3089 ς.

1189 3100 1405 3149 Dionyfiac.
1458 3101 1606 3147 Nempe
1619 3098 1720 3147 quod
1743 3099 1950 3135 Minervam
1967 3095 2099 3133 nudam
2123 3104 2215 3130 con-

1185 3153 1336 3198 spicatus
1362 3153 1398 3189 in
1430 3151 1569 3190 Saturni
1598 3150 1716 3197 legem
1748 3145 1947 3196 peccasset,
1971 3156 2041 3194 qua
2064 3152 2214 3183 cautum

1190 3204 1231 3242 sit
1253 3230 1263 3249 ,
1300 3211 1339 3241 ut
1370 3202 1580 3252 quicunque
1611 3200 1771 3236 invitum
1813 3198 1937 3236 Deum
1990 3201 2052 3232 aut
2093 3194 2216 3232 Deam

1608 3249 1646 3285 H
1675 3258 1694 3294 3
2133 3244 2184 3294 ar}
2196 3257 2224 3292 εἳ
