2547 3708
839 173 861 230 1
1003 171 1049 228 B

1198 169 1223 228 I
1368 169 1419 226 S.
2117 128 2178 241 9‘1

417 283 529 353 Qui
555 295 691 335 nova
718 274 972 348 Myrtoae
999 269 1217 325 nomina
1242 268 1369 324 fecit
1402 283 1601 340 aquae,

345 356 420 412 Ut
445 355 535 426 qui
567 353 804 407 velocem
829 345 1014 401 frustra
1039 343 1246 422 petiere
1272 341 1496 423 puellam
1513 379 1528 402 ‚

421 428 571 484 Dum
599 437 754 496 capta
772 420 847 476 est
870 418 1042 492 pomis
1079 414 1280 469 tardior
1308 415 1391 468 illa
1417 413 1600 467 tribuS.

62 650 157 691 testis
198 647 245 687 est
275 643 409 684 eodem
446 643 534 680 loco
582 636 772 686 Apollonii
816 640 1092 671 commentator

63 704 215 740 Cousr.
242 698 339 735 Fau.
393 693 562 742 Myrtilus
582 687 756 726 Mercurii
780 687 815 723 δί
836 684 1030 722 Phaetusae
1050 683 1092 720 fi-

61 754 128 792 lius
143 780 153 798 ,
166 748 356 788 Oenomai
369 746 518 792 Auriga,
530 741 687 789 quicum
700 736 1092 791 Pelopem-jurejuran-

63 804 113 842 do
134 798 327 850 adegiffet,
351 804 390 833 ut
407 795 559 844 primam
576 789 637 827 sibi
652 788 927 836 Hippodamiae
938 783 1090 823 norflem

65 853 311 893 concederet,
338 846 528 895 ipsumque
556 839 720 889 prorniffi
753 846 947 880 moneret,
977 836 1020 892 ab
1043 847 1091 892 eo

63 907 101 944 in
123 915 222 942 mare
252 900 462 949 proximum
489 892 623 943 ejectus
646 891 694 928 est
719 917 728 933 ,
767 898 807 926 ut
841 887 1028 925 Pausanias
1053 898 1091 923 in

65 953 250 993 Arcadicis
274 949 404 986 author
423 944 482 982 est.
536 944 621 987 Eius
643 941 892 989 proditionem
906 938 1092 985 eleganter

66 1003 293 1055 prosequitur
304 997 473 1037 Pindarus
485 996 521 1032 in
534 992 752 1043 Olymp.ubi
766 990 866 1028 illum
882 1000 1007 1026 cereos
1019 987 1089 1044 cla·

66 1068 134 1093 vos
165 1055 361 1092 ferreorum
391 1049 477 1085 loco
508 1055 669 1083 rotarum
704 1041 878 1079 modiolis
910 1036 1092 1076 inseruisse

66 1106 184 1145 tradit.
237 1099 432 1139 Historiam
462 1097 522 1134 alii
551 1096 653 1133 aliter
682 1100 855 1134 narrant,
887 1090 960 1127 fuse
998 1100 1090 1127 vero

64 1165 203 1207 praeter
220 1153 405 1190 Authores
424 1146 539 1185 modo
559 1146 687 1183 citatos
702 1143 860 1180 Homeri
881 1140 1092 1178 scholiastes

66 1207 167 1245 Iliad.
188 1218 233 1244 11.
259 1215 302 1240 ex
331 1214 377 1239 eo
406 1209 547 1237 nomen
577 1198 771 1234 inventurn
801 1193 893 1248 rnari
922 1192 1092 1239 Myrtoo.

64 1256 182 1305 Quod
209 1255 327 1292 innuit
359 1249 588 1298 Lycophron
604 1248 641 1284 in
655 1258 701 1283 eo
725 1246 827 1282 versu
843 1271 853 1287 ,
880 1244 1091 1288 Φερονύμους

63 1307 172 1349 ἔδυψε
190 1305 326 1349 Νηρέως
341 1303 500 1347 τάφους,
529 1297 725 1347 cognomina
737 1295 848 1346 subiit
862 1295 964 1332 Nerei
974 1292 1091 1342 sepul-

59 1357 157 1395 chra.
212 1356 312 1393 Hinc
333 1353 471 1390 Seneca
488 1350 677 1398 Thyeste:

390 1414 551 1451 Proditus
570 1411 690 1448 occidit

111 1476 270 1519 Deceptor
293 1466 423 1504 domini
447 1463 639 1512 Myrtilus,
665 1473 709 1501 (φ’
724 1459 791 1505 fide

112 1524 231 1558 Veffus
245 1548 255 1565 ‚
281 1531 351 1568 qua
369 1517 497 1553 tulerat
513 1542 522 1558 ‚
545 1512 653 1551 nobile
673 1512 825 1550 reddidit

111 1577 256 1609 Mutato
270 1569 404 1620 pelagus
425 1567 573 1605 nomine.

59 1648 246 1687 Pausanias
265 1657 389 1685 tamen
408 1644 429 1682 a
457 1645 641 1693 Myrtone
663 1639 782 1691 puella
804 1649 945 1677 nornen
966 1637 999 1674 ei
1022 1636 1091 1674 Pe-

57 1699 142 1748 lago
160 1700 315 1737 inditum
338 1697 492 1735 mavult.
541 1694 601 1732 Est
623 1702 746 1731 autem
757 1692 864 1729 maris
882 1689 992 1738 AEgei
1012 1699 1089 1734 pars

58 1750 164 1789 valde
182 1749 379 1800 procellosa
401 1748 438 1785 δε
459 1745 653 1793 naufragiis
680 1742 828 1786 infesta,
858 1741 956 1778 uncle
988 1739 1090 1776 Flac·

60 1811 121 1838 cus
161 1813 170 1838 z
227 1807 406 1850 Myrtoum
461 1796 612 1846 pavidus
669 1804 782 1831 nauta
834 1793 942 1841 secets
981 1802 1089 1826 mare.

59 1850 257 1890 Sumen.
284 1850 381 1888 Vide
394 1848 585 1887 Claudian.
605 1845 724 1883 Laud.
746 1845 869 1882 Seren.
889 1842 929 1880 ils.
955 1843 1020 1885 167
1034 1841 1087 1896 ⁴&

61 1900 111 1938 ibi
132 1902 256 1939 Heins.
278 1901 339 1939 ubi
361 1912 422 1938 cur
436 1899 588 1949 proditor
616 1905 773 1934 vocetur
791 1893 942 1931 videbis.
969 1892 1088 1940 pertit-

62 1963 126 1999 que
147 1954 268 2000 auriga
288 1951 384 1989 Edit.
404 1951 550 1989 Domit.
570 1948 713 1997 Gryph.
733 1948 769 1984 &
798 1944 899 1982 aliae.
938 1944 1088 1980 Metue-

61 2000 262 2039 bantenim
280 2001 445 2050 syllabae.
474 1999 593 2036 scaevi
615 1999 726 2035 etiam
757 1995 906 2043 Regius.

113 2062 198 2100 373.
224 2058 268 2089 Ut
292 2051 352 2101 qui
372 2049 558 2098 velocem]
596 2047 662 2083 Ista
691 2045 819 2084 eadem
854 2044 970 2081 fabula
989 2043 1090 2091 supra

58 2100 153 2139 dieta
175 2102 234 2139 est.
288 2102 527 2139 INTERPRES.
555 2098 664 2135 Duae
696 2098 844 2134 fuerunt
871 2094 1088 2138 Atalantae,

57 2150 84 2189 fi
101 2152 294 2200 Apollonii
316 2149 589 2187 commentario
610 2149 647 2184 in
679 2159 692 2184 1
720 2147 860 2194 Argon.
882 2144 1062 2181 credimus
1077 2172 1087 2188 ,

58 2213 130 2240 una
150 2202 301 2249 Jafionis
322 2201 392 2238 filia
415 2201 452 2237 ἃ
471 2196 791 2246 Hippomedontis
818 2206 922 2232 uxor.
962 2193 1088 2248 Altera

56 2252 193 2301 Argiva
206 2280 216 2297 ,
231 2252 424 2290 Schoeneo
444 2250 565 2299 genita
579 2275 589 2292 ‚
619 2247 831 2294 conjuxque
849 2244 1065 2280 Milanionis
1078 2271 1088 2287 ‚

57 2302 104 2341 de
119 2314 190 2352 qua
222 2314 320 2341 nunc
346 2302 462 2339 Poeta
484 2298 663 2346 intelligit.
691 2296 749 2334 alii
769 2296 873 2337 sunt,
902 2294 964 2343 qui
989 2294 1090 2332 aliter

55 2354 222 2398 tradunt,
250 2362 286 2391 ut
305 2365 372 2391 nos
393 2351 475 2390 alibi
497 2350 673 2388 dicemus.
703 2345 959 2383 Cos-suffit<-
1001 2345 1091 2381 Ara-

55 2403 172 2442 lantae
185 2405 284 2452 proci
299 2431 309 2448 ,
340 2404 467 2451 quibus
483 2398 693 2450 hujusmodi
715 2395 984 2444 certamenipsa
1005 2406 1091 2451 pro-

57 2455 224 2502 posuerat
243 2455 318 2504 ejus
339 2454 373 2491 se
395 2455 553 2491 futuram
569 2478 579 2495 ‚
601 2449 623 2487 a
644 2460 719 2498 quo
742 2447 879 2497 pedum
892 2446 1091 2484 velocitate

56 2504 280 2549 vietaforet,
307 2506 488 2553 superatus
499 2510 623 2540 autem
635 2499 956 2537 vitamamitteret.
984 2496 1090 2534 Tan-

57 2554 141 2593 dem
163 2556 320 2604 pluribus
347 2553 544 2592 interfectis
575 2553 836 2599 Hippomenes
864 2549 1026 2585 Macarei
1048 2546 1090 2585 fi-

57 2605 146 2651 lius,
173 2606 246 2644 five
276 2606 482 2647 Minalion.
510 2611 550 2641 ut
581 2602 656 2639 aliis
676 2601 813 2649 placet,
842 2598 1013 2647 projectis
1032 2599 1090 2636 in-

61 2662 115 2692 ter
134 2657 349 2695 currendum
371 2657 482 2694 tribus
508 2654 610 2692 malis
638 2652 755 2689 aureis
773 2650 794 2687 *a
811 2650 962 2687 Venere
981 2661 1086 2687 acce-

61 2705 154 2751 ptis,
178 2707 305 2754 quibus
337 2706 560 2755 sublegendis
587 2704 706 2753 puella
727 2712 870 2739 moram
897 2702 1005 2744 fecit,
1035 2700 1090 2737 vi-

63 2754 142 2791 c‘tae
162 2758 330 2804 conjugio
350 2759 483 2805 potitus
503 2756 562 2794 est.
615 2753 786 2791 Fabulam
808 2752 1088 2799 vulgatissimam

63 2807 254 2853 exequitur
277 2807 432 2845 Ovidius
455 2807 514 2844 lib.
533 2819 567 2843 x.
603 2804 857 2852 Metamorph.
883 2801 1088 2849 Apollodo-

60 2866 120 2892 rus
148 2856 283 2892 lib.1ri.
305 2857 630 2901 ,loannestetzes
659 2854 827 2893 Chitxz.
854 2853 1090 2900 Histor.453.

61 2905 192 2942 Obiter
221 2915 344 2943 autem
367 2907 589 2944 Theocritus
608 2906 713 2954 ldyll.
735 2916 769 2953 3.
806 2904 976 2942 Musaeus
995 2905 1091 2941 1)οέ-

61 2957 172 2993 mario
191 2956 231 2993 de
252 2956 404 2992 Leandri
423 2969 464 2996 cy
483 2963 592 2993 Herus
614 2955 786 2993 amoribus
806 2983 817 3000 ‚
846 2954 1015 2992 Sidonius
1037 2955 1091 2993 A·

60 3007 244 3054 pollinaris
265 3007 492 3055 Panegyrico
507 3007 720 3050 Anthemii,
751 3007 845 3045 Item
865 3006 1089 3054 Panegyrico

62 3058 260 3106 Majoriani
276 3059 330 3096 his
353 3057 527 3096 versibus:

446 3119 660 3167 plantasque
676 3117 832 3167 superbas

112 3172 223 3208 Haud
251 3172 303 3209 ita
327 3181 384 3222 per
407 3169 533 3220 ficcam
566 3175 719 3206 Nemeen
747 3170 831 3206 citus
862 3169 986 3207 extulit
1017 3173 1092 3207 Ar-

166 3236 220 3259 cas
239 3250 249 3266 ‚

116 3274 225 3323 Cujus
243 3274 280 3312 in
299 3273 422 3311 Aetolo
440 3271 652 3311 volitantem
673 3270 814 3321 pulvere
834 3279 983 3308 matrem

2100 485 2177 542 Ut

1199 630 1345 668 Horruit
1366 628 1597 678 Hippomenesss

1148 700 1239 745 Quo
1260 700 1346 735 loco
1367 711 1429 746 per
1448 700 1556 735 citum
1581 696 1758 734 Arcadem
1780 696 2081 745 Parthenopoens
2092 697 2183 735 Ata-‘

1147 749 1266 786 lantae
1288 749 1379 786 filius
1399 749 1668 796 intelligendus.
1712 756 1750 785 ut
1773 749 1894 785 minus
1916 749 2181 794 reetejacobus

1150 799 1349 836 Simondus
1362 827 1372 842 ‚
1388 800 1441 836 vir
1452 798 1676 836 doctissimus
1694 826 1703 842 ,
1718 807 1858 846 praeter
1882 801 2053 837 omnium
2077 799 2181 837 codi-

1149 861 1233 887 cum
1258 849 1367 887 fidem
1393 850 1628 898 rescripserit,
1657 850 1724 885 cita
1737 849 1878 897 sustulit
1901 850 2021 892 Arbas
2054 850 2092 887 ὅτ
2113 861 2180 898 pro

1148 912 1300 937 matrem
1330 901 1459 949 legerit
1483 907 1639 936 Martem
1657 928 1666 943 ,
1683 900 1785 936 nullo
1810 900 1918 937 sensu.
1971 902 2096 949 Quam
2117 912 2184 945 all-y

1147 959 1224 988 tem
1255 952 1352 988 Naso
1375 951 1544 996 velocem,
1574 950 1820 987 Callimachus
1850 951 2009 998 Hymno
2034 953 2069 988 in
2090 951 2183 997 Diaf

1147 1013 1234 1039 nam
1265 1001 1448 1047 oroEop’f‘oiuv
1470 1010 1592 1038 vocat.
1644 1000 1765 1038 Plures
1795 1001 1940 1037 fuerunt
1965 1002 2182 1047 Atalantae.

1149 1053 1195 1090 de
1217 1053 1347 1102 quibus
1370 1061 1468 1090 extat
1482 1052 1567 1089 Lilii
1583 1052 1722 1089 Giraldi
1746 1051 2004 1099 Dialogismus.
2030 1053 2183 1090 Arcadi-

1149 1115 1228 1142 cam
1274 1106 1451 1142 nimirum
1515 1105 1551 1140 &
1597 1103 1772 1150 Argivam
1823 1102 1988 1150 plerique
2042 1103 2183 1147 Poeta-,

1146 1167 1226 1192 rum
1250 1167 1355 1192 more
1378 1155 1442 1192 suo
1465 1154 1714 1191 confundunt.
1766 1154 1966 1190 Sumen.

1202 1215 1283 1255 374.
1311 1212 1407 1242 Dum
1418 1207 1521 1251 sabla
1542 1204 1623 1254 est.]
1640 1250 1643 1253 ,
1662 1210 1775 1252 Capta
1795 1204 1838 1250 est
1866 1216 1910 1241 ex
1939 1204 2061 1243 multis
2080 1208 2184 1252 vete3‘

1145 1269 1240 1295 rum.
1297 1257 1428 1294 Noster
1446 1255 1604 1304 Epistola
1625 1256 1833 1304 Cydippes:

1197 1319 1372 1369 Cydippen
1390 1330 1529 1369 pomum
1544 1346 1554 1363 ,
1577 1329 1718 1368 pomum
1741 1317 1940 1355 Schoeneida
1958 1318 2052 1367 cepit.

1145 1381 1190 1420 In
1213 1383 1370 1432 Priapeis
1386 1383 1662 1431 Epigrammate
1674 1392 1734 1418 xv.

1195 1449 1370 1497 Qtalibus
1394 1449 1611 1497 Hippomenes
1632 1446 1713 1495 cepit
1738 1443 1940 1480 Schoeneida
1958 1444 2083 1493 pomis&

1147 1509 1221 1547 Ubi
1249 1512 1365 1557 rapuit
1384 1510 1589 1547 Schoeneida
1617 1520 1717 1545 nunc
1749 1507 1871 1542 minus
1911 1504 2005 1542 bene
2043 1506 2187 1554 iegiturss

1146 1561 1290 1598 Hms.
1315 1562 1361 1600 de
1389 1563 1457 1599 hac
1485 1561 1679 1601 Atalanta,
1709 1559 1744 1595 &
1766 1557 1878 1594 altera
1901 1555 1973 1592 vid.
2004 1556 2048 1592 ad
2069 1558 2185 1596 Ovid.

1145 1625 1182 1649 x.
1203 1613 1296 1650 Met.
1317 1614 1400 1660 ς6ς.
1430 1621 1529 1661 capta
1552 1609 1744 1648 confirmat
1765 1607 1894 1646 Claud.
1918 1606 2035 1645 Laud.
2058 1608 2185 1646 Seren-

1150 1674 1229 1710 170.
1259 1663 1304 1701 de
1329 1665 1596 1712 Hippomene:

1195 1734 1337 1767 Aurato
1357 1728 1531 1767 volucrem
1546 1727 1648 1777 flexit
1672 1724 1873 1765 Schoeneida
1886 1732 1998 1773 pomo.

1145 1788 1276 1829 Euam.

1197 1863 1280 1899 375.
1310 1854 1352 1889 Ut
1370 1851 1431 1900 qui
1450 1852 1539 1888 tec'r'a
1562 1848 1688 1899 novi]
1728 1848 1787 1886 De
1811 1848 1876 1886 illis
1905 1847 2020 1892 dicit,
2045 1848 2107 1898 qui
2136 1847 2183 1886 ad

1145 1903 1405 1940 Minotaurum
1437 1901 1643 1940 devorandi
1676 1901 1767 1938 miffi
1798 1900 1890 1937 sunt.
1940 1899 2183 1938 iuremus.

1145 1952 1301 2000 Septena
1320 1953 1378 1990 illa
1400 1965 1598 2001 puerorum
1621 1979 1631 1997 ‚
1659 1952 1894 1999 totidemque
1913 1950 2097 1997 virginum
2118 1951 2183 1988 de-

1144 2004 1236 2041 lecta
1258 2005 1353 2041 sorte
1374 2014 1528 2051 corpora
1549 2031 1559 2047 ‚
1596 2014 1690 2049 quae
1725 2000 1965 2037 Athenienses
1993 2000 2042 2036 ob
2069 2001 2184 2037 inter-

1147 2054 1286 2091 fectum
1316 2055 1560 2101 Androgeum
1593 2051 1717 2088 Minoi
1737 2052 1954 2100 quotannis,
1984 2051 2042 2088 vel
2064 2061 2103 2088 ut
2123 2051 2184 2088 alii

1146 2104 1299 2148 volunt,
1329 2115 1434 2140 nono
1457 2114 1610 2152 quoque
1632 2113 1753 2145 anno,
1778 2101 1900 2138 tributi
1917 2100 2071 2137 nomine
2090 2112 2182 2148 pen-

1145 2154 1278 2192 debant
1299 2153 1317 2191 a
1340 2153 1609 2191 Minotauroin
1628 2152 1860 2198 Labyrintho
1880 2150 2103 2188 devoranda.
2122 2151 2181 2189 Ex

1146 2205 1288 2241 Ovidio
1300 2203 1423 2240 nostro
1451 2203 1510 2239 lib.
1529 2214 1620 2240 vui.
1649 2201 1802 2239 AEneid.
1831 2200 2032 2238 Catullode
2044 2202 2181 2248 nuptiis

1144 2253 1514 2296 Pelei&Thetidos,
1552 2252 1791 2302 Apollodoro
1826 2251 1883 2288 lib.
1901 2263 1966 2289 111.
2004 2252 2180 2290 Diodoro

1144 2304 1204 2342 lib.
1230 2316 1282 2342 1v.
1310 2304 1482 2341 Pausania
1503 2305 1539 2340 in
1552 2304 1707 2348 Atticis,
1736 2303 1929 2340 Plutarcho
1954 2303 1989 2339 in
2015 2302 2181 2342 Theseo.

1147 2357 1380 2393 Minotaurus
1403 2355 1476 2392 alio
1494 2356 1648 2392 nomine
1679 2354 1876 2391 vocabatur
1899 2353 2079 2397 Asterius,
2103 2353 2181 2392 sive

1145 2406 1316 2444 Asterion
1333 2434 1343 2450 ,
1367 2414 1407 2444 ut
1427 2406 1473 2443 est
1507 2406 1601 2454 apud
1621 2404 1894 2453 Apollodorum
1916 2405 2002 2440 loco
2029 2404 2177 2443 laudato

1146 2457 1356 2495 Pausaniam
1370 2458 1406 2494 in
1422 2457 1686 2500 Corinthiacis,
1715 2456 1884 2493 Tzetzen
1903 2455 1939 2492 in
1954 2455 2178 2502 Lycophro-

1147 2519 1250 2545 nem.
1303 2507 1475 2545 Fabulam
1489 2515 1611 2544 autern
1628 2507 1874 2552 ἀλληγορικῶς
1894 2514 2085 2554 exponunt
2099 2507 2178 2544 Lu-

1143 2559 1494 2607 cianusDialogode
1507 2558 1726 2606 Assrfflogia,
1763 2557 1998 2605 Palaephatus
2029 2558 2064 2593 in
2088 2557 2178 2605 My-

1141 2610 1285 2658 tholog.
1338 2609 1550 2658 Apoffialius
1571 2609 1745 2647 Centuria
1772 2620 1849 2646 xxv.
1890 2608 2090 2645 Proverbio
2114 2608 2178 2657 96.

1144 2661 1289 2699 Servius
1317 2662 1354 2698 in
1382 2672 1434 2698 vr.
1471 2660 1620 2697 AEneid.
1671 2659 1860 2697 Luctatius
1887 2660 1923 2695 in
1960 2658 2178 2696 1.Achillei-

1144 2712 1224 2751 dos.
1273 2712 1333 2749 Ad
1365 2711 1634 2759 Labyrinthum
1664 2711 1767 2760 quod
1798 2711 1926 2747 attinet
1952 2709 2088 2747 Plinius
2115 2709 2179 2748 lib.

1144 2775 1278 2803 xxxvi.
1307 2774 1384 2811 cap.
1410 2773 1466 2810 13.
1502 2770 1660 2810 quatuor
1688 2760 1842 2809 insignes
1878 2768 2178 2804 commemorat;

1143 2813 1391 2863 AEgyptium,
1419 2814 1633 2857 Creticum,
1663 2812 1863 2849 Lemnium
1886 2839 1896 2854 ,
1922 2811 2068 2848 Italum.
2121 2811 2180 2850 Sic

1146 2874 1270 2904 autern
1299 2864 1464 2902 describit
1494 2864 1682 2902 Creticum
1708 2890 1719 2905 ‚
1757 2864 1924 2899 Itinerum
1945 2862 2100 2910 ambages
2124 2874 2178 2899 oc-

1147 2917 1328 2965 cursusque
1345 2928 1383 2951 ac
1413 2915 1564 2962 recursus
1596 2913 1847 2964 inexplicabiles
1872 2914 2022 2956 obtinet,
2051 2926 2118 2950 non
2137 2922 2179 2949 ut

1146 2968 1183 3004 in
1200 2965 1413 3015 pavimentis
1428 2974 1658 3015 puerorumve
1688 2964 1829 3001 ludicris
1851 2963 2084 3012 campestribus
2105 2964 2179 3000 bre-

1147 3017 1188 3055 vi
1209 3017 1337 3054 lacinia
1362 3016 1476 3054 millia
1502 3017 1656 3065 pasj'uum
1684 3016 1787 3065 plura
1808 3015 2054 3052 ambulationis
2072 3013 2179 3051 conri-

1148 3078 1307 3113 nentem‚
1328 3067 1390 3115 sed
1420 3067 1541 3104 crebris
1563 3066 1694 3111 foribus
1711 3066 1835 3103 inditis
1862 3066 1910 3102 ad
1929 3066 2101 3112 fallendos
2125 3076 2181 3108 σεο,

1149 3120 1264 3166 cursus
1284 3146 1294 3162 ‚
1332 3118 1611 3167 redeundumque
1642 3118 1678 3154 in
1706 3130 1829 3154 errores
1848 3118 1990 3156 eosdem.
2045 3115 2179 3152 Osten-

1149 3170 1245 3206 ditur
1271 3170 1382 3206 etiam
1412 3179 1511 3206 nunc
1540 3167 1908 3216 Pseudolabyrinthus
1939 3170 1975 3205 in
2004 3166 2113 3202 Creta
2132 3163 2180 3203 ad

1150 3221 1286 3258 radices
1307 3218 1443 3256 montis
1473 3219 1582 3264 Idae,
1610 3220 1672 3268 qui
1701 3219 1789 3256 nihil
1817 3219 1914 3256 aliud
1932 3229 2040 3265 quam
2063 3217 2182 3253 Lato-

1153 3270 1228 3321 rnia
1250 3271 1318 3309 suit
1332 3298 1344 3315 ,
1367 3269 1511 3310 tametsi
1532 3269 1813 3358 Cretessidseseam
1834 3268 2037 3309 adulterino
2056 3264 2184 3322 Laby-

1704 3328 1729 3358 2
2106 3327 2183 3364 Ilng
