2547 3708
751 183 842 270 dP.
915 173 1327 236 OVIDII

578 285 818 343 Vulnera
842 292 1035 351 totque
1061 277 1227 341 feraS,

285 217 377 252 112

1398 174 1936 233 NASONIS

1265 286 1400 349 quot
1426 273 1626 327 dicitur
1652 273 1738 329 ille
1767 270 1965 341 tulisse,

657 357 824 427 Cujus
853 355 916 408 ab
943 352 1144 406 inferiis
1169 350 1338 405 culter
1363 344 1533 401 abesse
1562 346 1709 399 solet.

435 453 540 508 455
581 432 971 500 Attonitusque
999 426 1270 505 secesuut
1307 437 1442 503 quos
1468 417 1728 489 Cybeleia
1753 430 1929 473 mater

655 502 873 565 Incitat,
912 498 979 553 ad
1005 498 1266 570 Phrygios
1292 496 1416 550 vilia
1442 491 1677 546 membra
1705 492 1918 546 modos.

293 749 444 788 Niliacis
467 745 641 790 littoribus
659 741 831 791 cognitam
857 737 965 777 dixit.
1015 734 1252 775 Emblemate
1273 730 1334 781 87.

295 801 334 838 in
356 802 455 838 hunc
471 797 653 836 modum:

352 865 453 911 Qae
472 859 571 902 rollro
591 855 721 906 clystere
743 853 842 892 velut
856 850 920 901 [ibi
937 850 1068 900 proluit
1090 850 1241 895 alvum,

394 912 461 948 Ibis
483 909 630 947 Niliacis
653 905 787 955 cognita
805 903 992 942 littoribus.

340 961 492 1012 Tranfiit
512 959 673 1010 opprobrii
712 958 749 993 in
783 967 926 998 nomen,
957 966 1021 1001 quo
1043 951 1188 989 Publius
1205 950 1329 1000 hostem

392 1014 486 1062 Naso
500 1016 607 1060 suum
627 1008 798 1058 appellat,
827 1005 1072 1054 Battiadesque
1085 1005 1206 1052 suum.

291 1076 491 1115 ΞΑινΑΕΝ.
529 1078 583 1109 Ex
606 1069 728 1120 quibus
752 1078 835 1106 tres.
860 1082 876 1106 e
893 1066 1017 1118 quibus
1044 1079 1150 1104 unt-15.
1180 1066 1326 1114 dignata

290 1125 402 1163 libello
424 1125 544 1162 codex
567 1122 808 1160 petavianus:
835 1132 923 1169 quae
946 1121 1010 1166 [aa
1024 1120 1170 1167 projecta
1189 1127 1324 1167 corpora

289 1177 389 1215 idem
413 1177 451 1213 δε
476 1174 597 1212 Iureti.
620 1172 769 1221 projeo'ia
783 1181 873 1207 vero
887 1169 944 1207 illa
963 1182 1056 1219 aqua
1075 1168 1323 1217 nescioquae-

290 1239 379 1266 nam
402 1226 455 1263 fit.
491 1236 535 1262 an
568 1235 634 1272 pro
661 1221 794 1270 injecta
825 1231 888 1269 per
918 1220 1071 1258 rostrum
1102 1220 1140 1256 in
1173 1218 1327 1257 alvum?

290 1289 378 1316 nam
407 1276 527 1314 salsam
557 1285 689 1324 aquam
725 1273 876 1320 injicere
904 1270 1075 1314 solitam,
1114 1281 1157 1307 ex
1189 1270 1327 1308 Pisidae

290 1328 450 1366 versibus
472 1334 570 1376 patet
591 1353 599 1368 ‚
629 1325 665 1361 iu
688 1323 818 1372 quibus
847 1321 1093 1366 Ἐμβκλοῦσα.
1125 1321 1270 1357 Vereor
1283 1333 1330 1358 ne

291 1380 381 1428 quid
412 1377 569 1416 mendae
600 1374 715 1413 sublit.
742 1386 786 1410 an
814 1374 961 1420 projesta
992 1385 1057 1421 pro
1087 1370 1265 1409 demiffa?
1294 1380 1332 1410 ut

291 1430 342 1467 ita
362 1430 511 1466 Petron.
535 1437 690 1464 cxxxvi.
717 1425 863 1473 projecta
888 1423 1009 1471 vestis,
1037 1435 1132 1472 quae
1162 1432 1247 1460 ante
1265 1422 1333 1459 col-

290 1480 378 1518 lena
399 1488 473 1516 erat
498 1479 614 1515 altius.
644 1476 774 1513 BURM.

341 1541 428 1578 453.
460 1530 610 1566 Vulnera
634 1537 751 1574 totque
763 1525 900 1574 seraa]
931 1524 1177 1562 Callimachus
1196 1524 1334 1562 dicitin

290 1574 406 1620 Creta
438 1579 670 1617 Menedemo
700 1577 796 1615 sacra
831 1575 913 1616 fieri>
937 1575 1012 1613 fine
1041 1576 1164 1619 ferro,
1193 1577 1276 1624 quia
1296 1577 1333 1613 in

289 1632 464 1680 Trojano
486 1631 582 1667 bello
605 1627 763 1676 pluribus
775 1626 984 1665 vulneribus
1000 1626 1198 1663 cultrorum
1222 1627 1332 1664 inter-

292 1685 350 1720 iit.
408 1683 648 1720 iuri-mimas.
698 1678 889 1716 Domitius
925 1678 962 1714 ὃ(
998 1676 1159 1714 Sanctius
1196 1677 1332 1725 Osyrin

293 1732 484 1781 fignificat-i
506 1731 657 1773 volunt,
684 1730 748 1778 qui
768 1727 789 1766 a
811 1729 1003 1778 Typhone
1024 1728 1177 1765 fratrein
1201 1729 1331 1775 viginti

290 1793 450 1832 quatuor
481 1790 595 1831 partes
618 1781 813 1828 discerptus
828 1807 838 1824 ‚
870 1781 907 1817 ὃς
928 1790 991 1826 per
1011 1789 1163 1825 campos
1185 1777 1331 1826 AEgyp-

290 1837 363 1872 tios
384 1833 568 1882 projectus
589 1832 682 1874 fuit,
712 1832 748 1867 in
780 1831 882 1878 cujus
915 1829 1052 1866 inferiis
1071 1831 1114 1865 ab
1138 1841 1253 1866 uxore
1276 1832 1331 1866 in-

290 1885 419 1923 stitutis
438 1884 622 1933 piaculum
645 1881 684 1919 sit
704 1880 865 1929 gladium
889 1880 963 1917 five
977 1880 1131 1917 cultrum
1148 1878 1228 1917 effe.
1258 1880 1328 1918 Sed

289 1936 382 1973 haec
404 1935 478 1972 fine
501 1934 683 1971 Authore.
730 1932 929 1968 SALvAoN.
958 1930 1016 1967 Ab
1037 1931 1203 1980 exsequiis
1223 1930 1328 1968 Peta-

290 1986 420 2024 vianus
439 1983 573 2022 codex.
598 1982 701 2030 abeffe
718 1982 807 2017 velit
833 1982 986 2019 Moreti.

341 2049 427 2085 455.
456 2033 710 2082 Attonitusque
732 2030 863 2079 seces.]
903 2030 1043 2080 Cybele
1071 2038 1188 2068 mater
1226 2033 1332 2070 Deo-

292 2098 390 2126 rum.
445 2086 686 2123 INTERPRES.
712 2082 772 2119 Sic
794 2081 966 2119 Tibullus
992 2080 1052 2119 lib.
1074 2093 1103 2118 1.
1133 2081 1282 2131 Eleg.4.

352 2153 399 2186 Et
409 2147 499 2196 secet
521 2147 568 2184 ad
591 2145 756 2194 Phrygios
773 2144 864 2181 vilia
884 2144 1043 2182 membra
1062 2145 1188 2184 modos.

289 2211 388 2250 Galli
415 2208 742 2248 nimirumMatris
767 2205 900 2243 Idaeae
928 2206 1140 2246 Sacerdotes
1160 2209 1205 2247 ad
1222 2211 1336 2260 Phry-

291 2263 374 2311 gios
405 2261 541 2299 modos
573 2259 635 2297 sibi
660 2258 747 2296 testa
777 2257 955 2306 virilitatis
984 2267 1126 2306 partem
1168 2271 1335 2308 amputa-

294 2313 393 2351 bant.
447 2312 640 2359 Iidemque
665 2310 701 2346 in
726 2307 842 2356 Aprili
863 2307 986 2344 mense
1008 2308 1333 2357 Megalenfibusse·

291 2364 328 2401 se
349 2362 608 2403 cruentabant,
640 2359 752 2408 usque
773 2358 860 2396 dum
882 2358 919 2395 in
939 2358 1104 2396 Almone
1126 2360 1240 2399 fluvio
1254 2374 1332 2399 ma.

291 2421 385 2451 trem
412 2413 558 2451 Idaeam
580 2409 754 2448 lavissent.
807 2409 909 2446 Tum
932 2409 1032 2446 enim
1066 2411 1145 2448 Dea
1164 2412 1332 2460 deposito

294 2464 462 2514 squalore
480 2462 692 2501 &sordibus
712 2459 830 2497 hilaris
850 2458 1064 2503 videbatur,
1096 2463 1133 2497 δε
1153 2462 1216 2510 ipfi
1247 2475 1334 2501 ean-

291 2515 379 2554 dem
400 2515 577 2554 laetitiam
600 2510 874 2560 concipiebant.
910 2510 1024 2548 Unde
1038 2510 1208 2551 Valerius
1231 2513 1333 2552 Flac-

295 2577 382 2606 cus:

345 2626 400 2664 sic
420 2625 479 2663 ubi
500 2624 701 2675 Mygdonios
717 2624 874 2672 planetus
892 2623 985 2669 sacer
1008 2622 1121 2663 abluit
1141 2625 1249 2663 Almo
1262 2653 1273 2670 ,

343 2683 520 2728 Laetaque
544 2677 626 2726 jam
657 2675 780 2723 Cybele
800 2702 813 2720 ,
840 2673 1012 2725 festaeque
1039 2684 1098 2724 per
1121 2678 1239 2727 oppida
1259 2686 1332 2715 tae-

424 2728 488 2765 dae
511 2742 522 2771 ;

349 2779 440 2827 {Quis
458 2778 555 2815 modo
573 2778 650 2827 jam
666 2777 789 2825 fhevos
808 2776 925 2824 adytis
936 2776 1073 2827 fluxiffe
1090 2792 1220 2817 cruores

348 2832 504 2878 Cogitet,
531 2839 596 2866 aut
621 2827 681 2876 ipfi
698 2827 759 2878 qui
766 2840 847 2876 Jam
869 2828 1051 2865 meminere
1069 2830 1233 2877 ministri.

296 2895 341 2933 ld
361 2901 484 2932 autem
509 2905 594 2931 cum
616 2891 748 2935 fiebat,
775 2891 910 2929 lavatio
937 2892 1060 2930 matris
1086 2892 1210 2930 Deum
1233 2893 1333 2932 dice-

293 2945 409 2983 batur.
459 2944 656 2981 Arnobius.
685 2942 864 2986 Lavatio‚
893 2943 1014 2989 inquit
1032 2969 1043 2987 ,
1072 2948 1186 2979 Deum
1209 2943 1336 2980 matris

298 2996 342 3041 est
361 2993 471 3032 hodie,
529 2994 634 3031 Tum
666 3003 788 3031 autern
815 3004 883 3029 ceu
914 2992 1043 3029 divino
1071 2993 1192 3040 spiritu
1224 2994 1336 3033 afflati

295 3048 335 3085 ὅ(
355 3045 453 3084 aestu
468 3044 633 3095 quodam
663 3043 796 3081 mentis
819 3043 945 3090 perciti
969 3051 1078 3092 caput
1092 3043 1229 3092 janare
1245 3045 1336 3083 sole-

293 3098 393 3136 bant.
428 3095 588 3134 Ovidius
616 3094 677 3132 hb.
695 3106 749 3131 1v.
775 3093 987 3132 Fastorum:

678 3160 860 3209 mollesque
878 3160 1028 3204 ministri

344 3214 509 3251 Caedunt
522 3213 671 3261 jaciatis
692 3211 783 3249 vilia
803 3211 959 3248 membra
976 3213 1091 3250 comis.

293 3285 413 3324 Varro
442 3283 744 3325 Eudaemonibus
785 3283 882 3334 apud
919 3284 1112 3326 Nonium:
1143 3284 1219 3325 Tibi
1241 3296 1335 3323 nunc

2226 565 2426 641 Deque

1388 729 1535 819 femilvg
1552 755 1564 775 ‚
1600 718 1742 767 teretem
1766 740 1899 768 comam
1913 728 2056 779 janam
2079 727 2146 768 tibi
2162 730 2270 771 Galli.
2306 731 2429 780 Lucaz

1389 794 1457 822 nus
1489 795 1499 820 1
1527 808 1539 821 .
1560 791 1589 817 1.

1435 863 1744 877 ·-·--·--
1771 856 1967 906 crinemque
1987 865 2139 895 rotantes

1435 904 1623 953 sanguinei
1636 905 1767 955 populis
1796 907 1993 944 cecinerunt
2012 908 2125 955 tristia
2144 905 2256 946 Galli.

1385 983 1464 1022 Dio
1487 983 1658 1020 oratione
1685 992 1720 1021 1.
1746 981 1792 1020 de
1808 984 1942 1031 Regno
1957 1013 1967 1030 ,
1999 989 2116 1025 ταῦτα
2138 984 2171 1023 δὲ
2204 986 2332 1035 ἔλεγεν,
2351 982 2431 1035 οὐχ’

1383 1036 1499 1090 iio-weg
1517 1039 1542 1076 ὂι
1563 1040 1756 1076 oroma-izv
1776 1037 1956 1090 λεγομῖρων
1986 1044 2092 1080 ἐνθέων
2113 1039 2229 1090 εἰνὲρῖιῑν
2252 1045 2282 1094 '53
2302 1057 2428 1087 ymim-

1380 1097 1456 1137 κᾶν,
1477 1093 1707 1143 oio-&palmea
1721 1098 1752 1146 ις
1762 1091 1985 1135 &demago-ot
1997 1094 2243 1143 vadzzoaaba‘.
2280 1097 2429 1143 Quam-

1381 1149 1510 1185 obrem
1540 1149 1649 1185 Livio
1684 1148 1746 1185 lib.
1776 1160 1905 1186 xxxw.
1943 1151 2107 1186 iuvenali
2137 1151 2253 1197 Satyr.
2276 1163 2321 1187 ii.
2359 1149 2429 1187 Ul-

1382 1200 1494 1247 piano
1522 1198 1583 1236 lib.
1612 1211 1639 1236 1.
1678 1200 1712 1240 §.
1741 1198 1836 1248 apud
1864 1199 2082 1238 Vivianum.
2114 1199 2150 1236 ff.
2183 1200 2228 1237 de
2255 1199 2429 1238 AEdilitio

1383 1249 1507 1287 edicito
1531 1277 1540 1293 ‚
1577 1248 1780 1287 Prudentio
1805 1250 1842 1287 in
1870 1251 1996 1288 Roma
2015 1279 2028 1295 ‚
2064 1250 2217 1292 fanatici
2243 1250 2430 1300 appellan-

1384 1307 1466 1344 tur,
1496 1300 1534 1337 δε
1566 1299 1785 1349 Lampridio
1809 1300 1947 1348 praecifi
1969 1301 2163 1348 fanatici,
2201 1313 2285 1338 cum
2317 1302 2367 1339 ait
2388 1303 2429 1339 in

1387 1351 1635 1399 Heliogabalo
1652 1365 1661 1388 :
1716 1350 1888 1396 Jaffavit
1906 1361 2024 1389 autem
2042 1362 2141 1401 caput
2159 1353 2250 1389 inter
2265 1351 2431 1401 praecifhs

1379 1403 1580 1447 fanaticos,
1611 1412 1654 1441 ω’
1671 1401 1838 1449 genitalia
1851 1400 1920 1449 fibi
1937 1402 2116 1440 devinxit.
2171 1403 2243 1440 Cui
2268 1402 2431 1439 vocabu-

1389 1453 1427 1489 lo
1448 1452 1600 1490 succinit
1619 1452 1707 1490 illud
1729 1452 2091 1498 Nasonisattonitus,
2117 1453 2287 1502 quamvis
2308 1454 2431 1491 minus

1390 1506 1560 1551 proprie:
1592 1504 1688 1540 Nam
1717 1504 1914 1548 attonitas,
1942 1514 1982 1541 ut
2009 1505 2058 1541 ait
2087 1504 2255 1547 Servius,
2283 1505 2431 1552 proprie

1391 1553 1543 1598 dicitur,
1573 1555 1629 1592 cui
1659 1554 1757 1591 casus
1785 1555 1897 1592 vicini
1928 1555 2089 1593 fulminis
2113 1555 2150 1592 &
2174 1553 2310 1592 sonitus
2331 1555 2433 1593 toni-

1391 1611 1516 1642 truum
1539 1605 1624 1642 dant
1643 1605 1827 1653 stuporem
1843 1633 1852 1648 ‚
1883 1615 1944 1643 aut
1963 1613 2003 1643 ut
2017 1604 2211 1643 Cornelius
2231 1604 2353 1643 Celsus
2365 1617 2432 1643 ex-

1390 1658 1523 1703 ponit,
1554 1656 1655 1703 cujus
1677 1667 1807 1701 corpus
1827 1657 1863 1692 ὃ(
1891 1667 1994 1694 mens
2015 1655 2142 1703 stupet.
2195 1657 2344 1693 Graecis
2366 1656 2431 1700 ἐμ-

1387 1706 1582 1752 βρόντητος
1607 1707 1645 1743 &
1672 1706 2014 1751 ἐμβεβριντημένσς,
2044 1705 2147 1755 quod
2175 1707 2326 1754 quidem
2348 1717 2431 1743 ver-

1387 1757 1475 1794 bum
1505 1769 1568 1805 per
1599 1757 1855 1803 metaphoram
1886 1756 1931 1793 ad
1959 1757 2027 1794 alia
2054 1756 2288 1801 transfertur,
2317 1757 2432 1793 inter-

1387 1807 1553 1856 dumque
1586 1806 1759 1845 vesanum
1795 1817 1905 1855 atque
1934 1807 2048 1845 animi
2081 1808 2265 1853 impotem
2295 1805 2431 1855 fignifi-

1388 1867 1445 1896 cat
1459 1886 1469 1901 ‚
1501 1866 1540 1896 ut
1560 1859 1632 1894 hoe
1654 1858 1743 1894 loco
1761 1857 1948 1895 attonitus.
1987 1858 2261 1896 Demosthenes
2274 1859 2431 1903 περὶτοῦ

1384 1907 1566 1956 ςεΦεὶνου,
1581 1907 1802 1953 ἐμβρόντητε
1814 1905 1897 1945 εἶτα
1915 1909 1975 1945 νῦν
1995 1911 2130 1955 λέγεις.
2166 1909 2267 1946 Hinc
2287 1908 2433 1955 ἐμβρον-

1389 1961 1501 2000 τησία
1523 1959 1715 2008 Hesychio
1737 1960 1786 1998 est
1806 1959 1914 2002 μανίαι
1937 1961 1975 1997 &
1993 1959 2283 2007 Φρενοβλαβλῑκ.
2337 1960 2429 1998 8Ἀι-
2456 1990 2459 1994 .

1387 2022 1512 2049 vasu.

1441 2062 1525 2110 456.
1553 2060 1827 2110 Queiscybele'ia
1839 2060 1992 2111 maten]
2021 2060 2258 2110 Quosscripti.
2284 2062 2428 2100 Huius.

1392 2113 1431 2151 in
1458 2114 1636 2151 Patavino
1663 2121 1738 2150 erat
1758 2140 1768 2154 ‚
1807 2126 1918 2163 quas,
1957 2120 1998 2150 ut
2026 2113 2093 2149 hos
2120 2111 2307 2149 semiviros
2332 2120 2430 2150 tam-

1397 2176 1510 2213 quam
1539 2164 1693 2202 feminas
1720 2162 1861 2200 habeat.
1888 2162 1963 2199 vid.
1984 2161 2112 2199 Heins.
2143 2161 2188 2198 ad
2207 2161 2275 2210 Ep.
2296 2174 2349 2200 xv.
2364 2175 2428 2211 49.

1390 2213 1521 2252 Burin.

1443 2265 1528 2309 456.
1556 2263 1620 2300 Ad
1646 2263 1810 2312 Phrygios
1831 2262 1986 2312 modos.]
2016 2264 2191 2311 Quatuor
2213 2261 2317 2301 fuiffe
2344 2276 2430 2302 mo-

1390 2312 1456 2352 dos
1478 2314 1552 2351 five
1573 2322 1774 2351 concentus
1798 2315 1912 2352 cuivis
1934 2313 2167 2351 mediocriter
2187 2314 2427 2354 itteristineto

1389 2373 1524 2402 notum
1549 2364 1597 2402 est
1621 2393 1629 2407 ‚
1667 2365 1846 2402 nimirum
1871 2364 2094 2413 Phrygium,
2126 2365 2289 2414 Lydium
2305 2393 2314 2409 ‚
2344 2367 2429 2404 Do-

1387 2417 1502 2453 ricum
1519 2442 1530 2459 ,
1560 2416 1731 2453 lonicum
1747 2443 1756 2458 ‚
1785 2415 1832 2453 de
1862 2427 2022 2461 quorum
2047 2425 2173 2453 natura
2198 2417 2236 2453 ὃς
2261 2418 2429 2466 proprie-

1388 2474 1463 2504 tate
1494 2464 1541 2502 fic
1573 2466 1757 2503 Lucianus
1792 2467 1829 2504 in
1863 2466 2133 2504 Hermonide:
2171 2468 2243 2506 'ras
2266 2467 2427 2512 ἁρμονίαις

1388 2516 1526 2557 {adque
1553 2515 1828 2562 ὃιαφυλιὶττειν
1859 2517 1901 2554 τὸ
1921 2517 2104 2562 ἰ”ὃιον,τῆς
2125 2518 2279 2561 Φρυγίας
2302 2519 2345 2555 τὸ
2371 2520 2428 2555 ἓν·

1389 2567 1480 2607 θεον,
1507 2568 1569 2608 τ’ἦς
1591 2567 1726 2611 Λυδίας
1741 2569 1782 2604 τὸ
1813 2570 2016 2613 Βκκχικόν,
2045 2568 2111 2609 τῆς
2129 2567 2261 2610 Ampiae
2280 2567 2323 2604 ’τὸ
2339 2581 2430 2614 ospe-

1389 2619 1462 2662 νῦν,
1491 2617 1556 2659 τῆς
1573 2619 1713 2660 Ιωνικῆς
1737 2618 1781 2655 τὸ
1795 2619 2001 2665 γλαφυρῶν,
2055 2618 2321 2668 Πηίκςσιι]α[ῳιε
2340 2620 2426 2657 har-

1390 2668 1526 2707 moniae
1538 2670 1647 2714 suam
1673 2668 1717 2716 est
1745 2668 1925 2717 observare
1948 2667 2204 2717 proprietatem.
2256 2668 2427 2719 Phrygiae

1390 2720 1556 2769 impeturn
1575 2719 1766 2763 divinum,
1796 2720 1925 2768 Lydiae
1947 2719 2176 2764 Bacchicam,
2204 2720 2332 2758 Doriae
2339 2735 2424 2770 gra·

1389 2784 1453 2815 ve,
1482 2769 1848 2816 Jonicaejucundum.
1899 2769 1970 2806 Pro
1990 2781 2038 2806 eo
2059 2781 2148 2807 vero
2166 2771 2270 2819 quod
2291 2772 2425 2811 Lucia·
2466 2782 2471 2785 '

1388 2832 1456 2859 nus
1481 2822 1522 2857 τὸ
1542 2820 1669 2862 ἔνθεον,
1697 2819 1877 2867 Apulejus
1896 2819 2089 2869 religiosum
2108 2821 2199 2858 dixit
2216 2821 2316 2859 lib.1-
2337 2822 2424 2861 Flo-

1389 2872 1553 2909 ridorum
1569 2898 1579 2915 ,
1607 2870 1669 2908 ubi
1687 2873 1797 2907 etiam
1817 2881 1884 2918 pro
1906 2870 2038 2908 lonico
2060 2871 2201 2916 modo,
2227 2871 2423 2913 AEolicum

1390 2924 1428 2960 δε
1449 2921 1580 2960 Iasium
1612 2929 1803 2958 enumerat
1835 2948 1845 2964 ‚
1885 2930 1924 2959 ut
1961 2923 2128 2971 quinque
2154 2922 2234 2960 sint.
2287 2922 2423 2962 Tibicen

1389 2973 1534 3023 quidam
1558 2972 1635 3018 fuit
1668 2971 1902 3020 Antigenidas
1922 3000 1932 3016 ‚
1971 2974 2094 3022 inquit
2113 3000 2124 3017 ,
2151 2973 2261 3010 omnis
2278 2974 2422 3013 voculae

1391 3023 1532 3061 melleus
1551 3021 1769 3067 modulator,
1789 3023 1853 3070 seu
1872 3033 1912 3059 tu
1931 3022 2035 3060 velles
2054 3021 2236 3059 Aeolicum
2247 3021 2398 3074 simplex
2410 3054 2422 3071 ,

1384 3077 1446 3125 seu
1476 3071 1621 3123 Jafium
1649 3074 1792 3111 varium
1813 3101 1823 3118 ,
1854 3076 1917 3119 seu
1941 3074 2092 3121 Lydium
2119 3073 2303 3122 querulum
2326 3103 2337 3120 ,
2357 3078 2423 3124 seu

1391 3125 1581 3174 Phrygium
1610 3124 1820 3173 religiosam,
1842 3127 1901 3173 seu
1923 3123 2090 3161 Doricum
2109 3123 2311 3171 bellicosum.
2363 3128 2422 3168 Ex

1391 3176 1444 3214 his
1462 3184 1585 3222 patet,
1613 3186 1674 3213 cur
1693 3176 1922 3213 Gallimatris
1933 3173 2059 3212 Deum
2081 3174 2294 3213 Sacerdotes
2309 3176 2426 3227 Phry.

1389 3229 1470 3275 gios
1488 3227 1622 3264 modos
1652 3225 1905 3275 usurpaverint.
1923 3252 1934 3270 ,
1971 3233 2012 3264 ut
2031 3227 2293 3264 concitatiores
2314 3230 2352 3265 ὅ(
2371 3230 2426 3267 fa-

1389 3278 1519 3318 naticis
1538 3278 1701 3317 maxime
1721 3284 1980 3325 congruentes.
2031 3277 2136 3326 Quin
2158 3278 2270 3317 etiarn
2294 3283 2425 3318 carmi·
2460 3323 2463 3327 ,

2377 3342 2426 3371 na
