2547 3708
423 144 1708 231 DEP.OV1D10NA30NE.
2028 166 2142 229 ηρ,

67 252 78 262 ·
110 273 116 276 -
135 240 212 288 Ille
230 240 465 286 verecundis
483 240 660 286 diitabit
679 240 810 284 verba
821 240 941 299 puell
946 242 998 298 ³5,

196 304 322 367 ,Quae
331 303 496 365 scribat
517 305 677 350 domino
701 319 881 366 quaeque
902 309 1046 351 reliffla
1059 305 1164 367 fiio:

132 371 219 416 Aut
241 382 374 429 gemet
392 371 435 416 in
447 369 610 432 foribus
633 386 712 416 non
735 371 955 416 exauditus
976 381 1166 417 amator:
1227 425 1243 433 ,

196 445 287 479 Aut
309 434 496 481 dominae
516 439 670 482 lentam
680 435 926 498 sollicitabit
949 450 1074 496 opem.

130 497 195 544 Et
219 507 332 544 modo
347 503 597 560 praecipiet,
629 512 812 547 tenerum
833 502 948 548 modo
966 503 1078 548 tollet
1103 516 1301 561 amorem,

194 563 258 608 Et
279 567 422 611 medici
438 577 581 626 partes
604 570 838 613 conciliator
857 578 964 629 aget.

128 628 261 676 Nunc
269 629 421 691 species
435 631 678 693 formasque
701 634 808 678 alias
827 635 1014 692 inducet,
1047 633 1102 685 {9⁹
1127 648 1280 680 annum

192 695 411 757 Lapsaque
418 696 502 759 sub
524 708 659 743 terras
683 708 852 758 ortaque
865 701 987 759 stgna
1011 708 1144 744 canet.

126 758 191 805 Et
214 759 411 822 nusquam
432 764 557 808 deerit
565 761 777 823 facundae
795 776 908 821 copia
930 766 1120 824 inguae,

194 825 409 887 Grataque
420 830 695 888 stmpticitas,
728 828 1012 889 mobilitasque
1032 830 1145 874 viri:

128 890 224 936 Nec
249 891 374 936 dulcis
394 908 629 954 quanquam
650 894 693 939 in
712 894 894 938 minimis
905 896 1118 955 sapientia
1139 894 1282 953 rebus3

194 955 322 1018 ,Quae
344 962 433 1002 vim
451 973 528 1006 non
551 959 680 1020 rigide
694 961 981 1018 praecipientis
1000 959 1126 1004 habet
1144 975 1154 1003 :

127 1018 191 1064 Et
213 1023 406 1082 qufcqutd
424 1025 549 1086 longis
571 1028 649 1069 vix
663 1022 815 1085 suadet
841 1023 1020 1068 Graecia
1045 1023 1218 1070 chartis.

194 1086 298 1131 Non
318 1088 398 1132 alio
421 1088 600 1146 Delphis
624 1089 773 1134 Delius
793 1104 859 1134 ore
879 1091 1006 1134 canit.

128 1149 262 1214 Qod
271 1151 480 1213 superest,
517 1154 702 1199 Fortuna
716 1152 854 1214 fave,
877 1152 1071 1216 sedfata
1093 1156 1334 1213 minantum

193 1215 257 1260 Et
270 1218 464 1274 pluviam
485 1219 576 1262 coeli·
602 1219 770 1280 discolor
789 1234 910 1265 arcus
934 1229 1035 1282 agit.

124 1278 313 1340 Eloquar
343 1296 398 1326 an
409 1279 589 1342 fileam?
622 1286 820 1329 lacrimae
830 1283 917 1346 sita·
938 1285 1068 1329 verba
1090 1294 1333 1332 morantur:

191 1343 432 1408 (Verbaque
457 1363 547 1393 cum
570 1350 756 1394 lacrimis
783 1352 918 1395 mixta
932 1349 1060 1411 fuiffe
1071 1347 1258 1411 ferunt.)

123 1408 221 1456 Nec
242 1414 374 1474 magis
397 1423 473 1458 aut
489 1415 732 1473 Cremerae,
759 1410 891 1460 Ticini
911 1426 987 1460 aut
1007 1414 1121 1477 caesa
1131 1416 1368 1476 juventus,

189 1477 283 1520 Aut
301 1478 434 1523 clades
443 1477 607 1539 superis
629 1482 714 1525 ulla
735 1480 924 1538 pudenda
940 1479 1062 1541 fuit:

128 1540 224 1586 Nec
244 1544 376 1604 magis
396 1541 623 1604 infaustum
646 1546 805 1590 Romae
817 1544 914 1606 fuit
940 1547 1056 1592 Allia
1082 1561 1241 1593 nomen.

193 1605 340 1665 (Inter
363 1607 588 1670 Caesareas
613 1620 712 1654 atra
724 1613 786 1671 stt
807 1612 882 1656 illa
901 1609 1011 1657 dies!
1029 1615 1043 1665 )

127 1671 297 1717 Finibus
319 1674 363 1717 in
384 1673 583 1732 Scythicis
597 1707 612 1733 ,
649 1677 838 1736 ultraque
858 1676 1073 1722 binominis
1099 1675 1228 1737 Istri,

190 1736 268 1782 [lle
292 1746 388 1783 tuus
410 1740 612 1800 quondam
626 1773 641 1798 ‚
669 1741 824 1801 perfide
840 1776 852 1792 ,
887 1742 1025 1787 εἰοῦἵον
1047 1743 1143 1788 erit.

126 1800 231 1848 Non
251 1801 393 1849 Venus
417 1803 491 1849 hoc
507 1815 623 1851 natos
645 1805 752 1865 dese
769 1806 935 1865 sperare
944 1808 1152 1868 jubebat;

191 1868 405 1914 Ardorum
420 1872 604 1932 genitrix
617 1903 633 1928 ,
668 1873 986 1934 Aeneadumque
1003 1887 1171 1933 parens.

128 1927 324 1983 Tristibus
352 1933 417 1978 hic
433 1937 552 1996 elegis
572 1938 757 1994 patriam
772 1939 956 1995 plorabit
978 1939 1219 1997 ademtam,

192 1997 289 2042 Nec
310 1997 441 2042 Ponti
455 2000 633 2059 gelidam
655 2000 921 2058 diffimulabit
940 2003 1127 2048 humum.

127 2061 295 2124 ⁸‚Qualia
314 2060 469 2122 deserta
494 2063 727 2110 Philomela
740 2064 821 2127 sub
844 2066 1017 2124 arbore,
1050 2067 1166 2111 natis

193 2126 314 2171 Orba
340 2138 500 2187 repente
510 2127 603 2190 suis
617 2163 631 2187 ,
665 2139 741 2174 aut
763 2129 944 2176 viduata
958 2164 974 2187 ‚
1001 2133 1148 2193 gemit.

128 2190 297 2255 Qalia
321 2193 555 2249 [maeandri
579 2205 695 2239 toties
716 2195 918 2240 redeuntis
943 2199 987 2241 in
1010 2197 1162 2252 undis,

92 2255 95 2257 Δ
192 2259 287 2303 Aut
309 2260 451 2316 canit,
484 2269 561 2304 aut
575 2257 750 2320 fertur,
771 2260 870 2319 jam
895 2265 1147 2316 moriturus,
1182 2259 1278 2305 olor.

126 2318 217 2368 Izic
226 2321 323 2383 fati
343 2326 613 2370 immemorem
635 2324 845 2386 distringet
867 2342 1032 2373 carmen
1056 2329 1100 2372 in
1122 2325 1232 2371 Ibin.

192 2387 432 2434 Archilochi
450 2390 554 2436 diris
575 2391 733 2452 dignior
752 2392 818 2435 ille
830 2389 937 2452 fuit.

127 2451 344 2500 Dixerat:
380 2457 587 2516 ingemuit.
623 2471 761 2501 vocem
785 2467 946 2502 tenuere
955 2458 1129 2517 sorores.

193 2519 287 2565 Flet
309 2519 450 2566 Venus
471 2521 683 2567 admonitu
699 2555 714 2580 ‚
735 2521 819 2580 flet
845 2524 950 2587 male
964 2533 1113 2584 gratus
1136 2524 1285 2569 Amor.

128 2583 311 2630 Indoluit
334 2585 548 2632 Phoebus:
574 2585 840 2647 sublebtaque
860 2588 988 2632 verba
999 2586 1139 2648 fhrori

196 2651 410 2707 Rettulit,
443 2662 538 2698 ante
557 2653 685 2697 oculos
707 2651 822 2712 visits
847 2653 1003 2713 adeſje,
1037 2652 1152 2698 mihi.

127 2710 269 2758 Dicta
291 2716 376 2761 dies
396 2717 572 2774 aderat,
602 2719 839 2778 primasque
866 2721 1035 2763 Aurora
1059 2718 1247 2764 tenebras

197 2777 427 2838 Purpureis
449 2783 623 2828 nondum
647 2793 734 2827 tota
754 2784 965 2843 premebat
985 2786 1109 2844 equis.

132 2840 221 2903 Ipft
245 2843 385 2889 Deum
404 2848 508 2892 vidi.
533 2847 608 2908 fi’u
628 2852 764 2893 tactae
784 2851 930 2894 mentis
951 2850 1084 2910 imago
1097 2881 1113 2905 ‚

198 2907 280 2954 Seu
289 2908 458 2970 somnus
468 2911 632 2971 fuerit:
668 2928 737 2959 nec
759 2924 857 2973 puto
873 2914 1035 2971 somnus
1057 2922 1163 2959 erat.

132 2972 284 3019 Laeva
311 2974 396 3019 Dei
420 2986 626 3034 myrtum,
661 2972 1018 3040 dileitaquefi’rta
1036 2979 1230 3039 gerebat:

200 3040 470 3098 Compofitum
494 3041 642 3091 fidibus
665 3042 812 3088 dextra
835 3046 1004 3090 tenebatv
1018 3045 1131 3089 ebur.

133 3102 401 3165 Littoreaque
417 3120 601 3166 premens
620 3107 769 3152 leviter
790 3124 880 3154 mea
904 3119 1086 3169 tempora
1110 3116 1267 3168 myrto,

199 3169 336 3217 Sacra
357 3169 442 3219 dies
463 3171 563 3220 haec
582 3170 664 3233 est,
699 3171 754 3226 ὅ*
777 3174 1016 3222 celebranda
1036 3176 1144 3234 tibi,

1150 3291 1199 3339 G
1213 3305 1247 3355 g
1281 3301 1307 3333 2
1999 3280 2134 3331 Sacra,
