2547 3708
749 160 885 217 Pax}
927 166 1484 230 J.MASS'ON.
2096 199 2166 247 77

64 276 98 333 3,
129 265 327 326 dixerit,
363 262 569 311 Asinium
594 275 737 325 paene
759 261 815 308 ad
835 273 1096 308 extremum
1122 263 1443 327 Principatum
1469 264 1668 331 Augusti
1689 267 1965 330 pervenisse:
2001 271 2164 332 penul-

60 358 98 396 „
131 333 268 381 timus
289 330 410 376 enim
433 344 576 374 annus
603 327 803 390 Augusti
828 326 994 372 incidit
1023 328 1070 372 in
1092 342 1220 372 num.
1247 330 1554 378 MMXXIX
1587 331 1664 393 (a).

126 399 189 444 ΙΙ.
225 397 355 442 Alius
377 392 557 456 insuper
578 392 626 437 in
652 391 813 437 eodem
841 390 1085 437 Chronico
1111 392 1239 438 locus
1260 408 1364 453 cum
1391 395 1471 441 illo
1496 397 1689 442 collatus
1711 395 2165 454 ostendit,Meffalae

63 462 242 511 obitum
275 474 334 506 ex
363 456 651 526 Eusebianis‚
686 454 759 502 seu
797 457 953 521 potius
976 456 1350 519 Hieronymianis
1386 459 1639 506 rationibus
1673 461 1960 506 referendum
1994 461 2078 506 esse
2110 463 2165 509 ad

62 525 256 574 eundem
303 521 512 570 Abrahae
554 537 725 568 annum
764 520 1090 568 MMXXIX.
1135 529 1256 567 anno
1293 521 1356 568 U.
1393 523 1451 569 C.
1493 523 1827 571 DCCLXVI.
1872 524 2169 572 desinentem.

60 589 250 638 Etenim
286 603 394 634 cum
422 588 739 649 Hieronymus
764 584 979 632 Meffalae
1014 585 1181 631 natales
1213 584 1499 651 affignaverit
1524 605 1643 635 anno
1667 590 1729 635 ll.
1767 590 1963 652 Olymp.
1986 605 2168 636 chxx.

35 688 38 689 γ
63 655 135 703 seu
159 652 370 700 Abrahae
393 649 892 698 MDCCCCLVIII.
929 649 1008 710 qui
1036 650 1297 714 Septembri
1324 653 1416 698 An.
1441 653 1506 700 U.
1533 654 1592 699 C.
1619 652 1907 700 DCXCIV.
1941 653 2074 711 iniit3
2101 667 2169 700 at-

0 759 3 761 .
62 734 151 782 que
186 718 294 766 loco
331 717 457 780 prius
493 716 639 762 citato
672 714 822 771 dicat,
859 713 1095 760 Messalam
1130 732 1236 762 anno
1264 721 1417 764 aetatis
1442 718 1659 763 LXXII.
1695 720 1790 764 vita
1814 717 2022 765 functum
2051 718 2163 764 effe:

0 836 4 842 ,
61 784 174 831 hinc
205 781 436 845 sequitur,
471 794 641 825 annum
676 777 859 823 huncce
882 776 1101 824 LXXII.
1136 779 1351 826 Meflalae
1383 781 1706 840 noviffimum,
1741 781 1774 828 fi
1797 782 1851 829 ab
1875 799 1993 829 anno
2020 782 2084 830 U.
2110 782 2170 830 C.

0 855 4 889 ’-
62 846 354 896 DCXCiV.
387 844 687 907 supputetur,
723 843 773 887 in
796 857 966 888 annum
994 841 1056 888 U.
1082 841 1140 888 C.
1166 843 1499 892 DCCLa'VI.
1525 846 1740 892 incidere.

0 928 1 932 ¹
129 913 219 959 111.
256 912 360 958 Hos
393 924 500 956 vero
523 907 804 970 Hieronymi
837 906 1038 952 calculos
1072 908 1250 970 optime
1290 911 1488 956 revincit
1511 911 1661 957 Ovidii
1693 911 1821 957 locus
1847 910 1987 958 modo
2014 908 2166 958 lauda-

62 989 135 1024 tus
151 998 167 1032 3
205 974 423 1039 siquidem
452 971 666 1035 deinceps
688 969 1015 1034 probabimus,
1049 971 1179 1018 illum
1207 973 1409 1035 priorem
1430 974 1601 1021 librum
1628 975 1936 1037 Epistolarum
1964 992 2020 1022 ex
2045 977 2170 1022 Pon-

0 1066 3 1084 ,·
64 1055 117 1088 to
140 1040 409 1103 scriptarum
435 1036 555 1084 haud
578 1049 684 1083 ante
710 1036 911 1082 hiemem
925 1034 1145 1083 Ovidiani
1164 1036 1310 1083 exsilii
1332 1051 1692 1102 quartam,anno
1706 1039 1769 1086 U.
1786 1039 1844 1085 C.
1860 1039 2171 1087 DCCLXV.

61 1117 261 1152 exeunte
299 1103 633 1165 incipientem,
666 1101 716 1147 in
750 1117 874 1147 auras
897 1100 1125 1164 prodiisse.
1194 1102 1323 1148 Idem
1356 1120 1542 1167 quoque
1578 1120 1706 1151 error
1735 1105 1959 1167 retegitur
1981 1119 2038 1150 ex
2061 1104 2169 1150 Lib.

66 1170 132 1217 11.
161 1169 246 1231 Ep.
273 1182 315 1214 2..
335 1167 429 1213 -ubi
463 1182 570 1212 cum
601 1165 895 1228 triumphum
920 1165 1125 1225 Noster,
1159 1183 1183 1213 a
1202 1167 1401 1214 Tiberio
1436 1168 1492 1214 de
1517 1169 1742 1215 Dalmatis
1763 1168 2094 1231 Pannoniisque
2116 1183 2172 1214 eo

63 1235 161 1297 ipso
176 1249 294 1280 anno
308 1231 498 1279 du&um
511 1264 527 1290 ,
540 1231 830 1277 memorasset
844 1264 859 1290 ,
874 1229 999 1277 addit
1012 1264 1028 1289 ,
1044 1230 1240 1277 eundem
1253 1233 1549 1280 Messalinum
1565 1234 1798 1296 alloquens
1813 1249 1955 1292 ,vers
1968 1249 1997 1287 9
2001 1249 2045 1287 9.
2069 1248 2174 1279 roo.

195 1299 290 1344 IIoc
311 1308 439 1360 pater
462 1298 530 1343 ille
552 1308 685 1353 tuus,
713 1298 848 1356 primo
871 1296 974 1342 mihi
1000 1298 1132 1342 cultus
1153 1298 1207 1343 ab
1229 1313 1360 1357 aevo,

260 1363 310 1409 Si
331 1361 432 1423 quid
449 1360 575 1407 habet
587 1360 731 1422 sensus
755 1360 937 1407 Umbra
958 1359 1120 1407 diserta
1134 1394 1150 1420 ,
1177 1364 1301 1422 petit.

65 1426 250 1487 Qibus
283 1438 441 1489 patet,
474 1426 703 1485 llleffalam
726 1425 857 1472 illum
882 1428 1133 1473 Oratorem
1157 1426 1404 1485 disertum,
1440 1425 1556 1473 nihil
1578 1437 1677 1472 tum
1704 1425 1788 1473 nisi
1813 1427 2002 1473 umbram
2026 1424 2171 1471 suisse.

69 1513 72 1518 ·
131 1491 222 1540 IV.
258 1489 398 1539 Hisce
431 1489 595 1536 addere
620 1491 761 1549 licet,
797 1505 912 1553 quae
940 1492 1033 1553 jam
1062 1490 1175 1537 olim
1201 1491 1267 1554 (b)
1295 1492 1446 1539 obiter
1466 1507 1522 1538 ex
1552 1491 1780 1539 Cicerone
1807 1490 2174 1549 observavimus,

66 1568 121 1604 ut
155 1555 481 1620 probaremus,
524 1554 754 1617 Mesthlam
790 1568 895 1602 ante
929 1571 1100 1601 annum
1135 1555 1190 1602 ab
1224 1557 1520 1619 Hieronymo
1557 1555 1784 1619 signatum
1815 1557 1964 1602 lucem
2003 1554 2172 1601 vidiffe.

66 1620 258 1668 Etenim
293 1620 324 1667 fi
358 1620 434 1667 ille
465 1635 586 1666 anno
624 1619 837 1666 Abrahae
874 1620 1370 1668 MDCCCCLVIII.
1409 1621 1517 1683 (qui
1547 1622 1602 1667 ab
1629 1622 1873 1667 Autumno
1909 1621 2000 1666 An.
2025 1619 2088 1666 U.
2113 1618 2172 1663 C.

70 1684 362 1735 DCXCIV.
398 1684 577 1748 coepit)
613 1695 746 1731 natus
769 1683 921 1731 fuisset
936 1717 952 1743 ,
975 1697 1074 1732 tum
1096 1684 1188 1731 hoc
1212 1684 1473 1748 sequeretur
1493 1684 1733 1732 absurdum
1748 1720 1762 1744 ,
1785 1684 2021 1731 Messalam
2046 1698 2175 1730 nem-

65 1764 125 1814 pe
147 1763 252 1797 ante
274 1762 471 1798 aetatem
497 1763 636 1813 togae
659 1749 801 1797 Virili
824 1765 880 1795 eo
904 1765 1016 1797 aevo
1041 1763 1193 1813 aptam
1219 1750 1395 1814 petiisse
1422 1750 1612 1798 Athenas
1630 1785 1646 1810 ,
1673 1767 1765 1813 quo
1788 1760 2010 1795 unacum
2037 1748 2175 1793 Cice-

67 1830 181 1861 rone
220 1814 321 1862 filio
359 1814 617 1862 studiorum
651 1814 798 1861 caussa
832 1814 1066 1876 profectus
1098 1814 1166 1860 est
1200 1831 1320 1861 anno
1344 1815 1410 1862 U.
1435 1814 1494 1860 C.
1531 1814 1768 1862 DCCIX.
1806 1814 1854 1859 ὃς
1883 1813 2006 1858 unde
2041 1812 2175 1858 rediit

66 1894 187 1925 anno
223 1878 520 1942 subsequente
554 1878 707 1925 mense
724 1879 898 1939 Junio,
933 1881 1005 1926 uti
1040 1880 1187 1943 palam
1222 1878 1278 1926 fit
1302 1895 1359 1926 ex
1384 1879 1531 1943 Epist.
1562 1893 1633 1941 31.
1660 1879 1767 1926 Lib.
1791 1878 1909 1924 Xll.
1935 1877 1989 1924 ad
2027 1877 2174 1922 Attic.

67 1957 121 1989 ac
147 1943 237 2004 Ep.
266 1958 338 2003 17.
361 1944 472 1990 Lib.
497 1944 614 1991 XV.
649 1943 782 2004 Qun
805 1944 943 1989 etiam
969 1960 1080 1990 XVI.
1103 1943 1245 1989 modo
1262 1977 1277 2001 ,
1304 1943 1378 1991 vel
1404 1943 1630 1989 summum
1658 1959 1743 1991 xvi
1762 1957 1801 1988 1.
1828 1943 1983 1988 aetatis
2004 1955 2172 1986 annum

67 2006 258 2070 egisset,
294 2022 401 2052 cum
437 2007 528 2053 An.
554 2007 620 2054 U.
643 2006 701 2053 C.
734 2006 967 2053 DCCXI.
1003 2009 1199 2054 mortuis
1234 2007 1360 2052 Coss.
1396 2007 1676 2069 Lepidoque
1709 2022 1814 2052 cum
1851 2006 1925 2051 M.
1961 2004 2173 2050 Antonio

66 2069 257 2133 junstO,
294 2070 440 2133 (quod
467 2088 511 2132 4.
539 2070 639 2117 Cal.
661 2072 770 2131 Jun.
794 2071 1100 2133 contigit‚ex
1127 2073 1216 2134 Ep.
1241 2085 1315 2132 23.
1340 2070 1450 2117 Lib.
1475 2070 1536 2115 X.
1560 2070 1710 2126 Fam.)
1746 2085 1851 2116 eum
1874 2068 1927 2114 ad
1953 2069 2028 2115 M.
2054 2070 2174 2114 Bru-

69 2148 168 2183 tum
205 2134 247 2181 se
269 2134 584 2182 conferentem
613 2134 782 2181 Cicero
807 2133 992 2181 summis
1014 2134 1150 2181 effert
1174 2136 1408 2192 laudibus,
1444 2150 1559 2196 quae
1584 2135 1648 2180 illi
1675 2149 1769 2180 non
1794 2134 2078 2179 conveniunt
2105 2148 2176 2176 ae·
2228 2186 2237 2197 ·

70 2199 181 2259 tati,
215 2201 271 2245 ne
305 2199 454 2245 dicam
492 2200 731 2261 pueritiae.
801 2200 844 2245 Is
878 2200 999 2244 enim
1037 2199 1182 2261 Epist.
1214 2215 1286 2253 19.
1326 2198 1435 2244 Lib.
1470 2198 1526 2243 ad
1554 2199 1627 2243 M.
1648 2199 1871 2243 Brutum:
1910 2199 2052 2254 Cave,
2089 2196 2177 2254 ait,

62 2275 206 2325 putes,
234 2254 472 2324 probitate,
506 2264 759 2324 constantia,
793 2279 920 2320 cura,
946 2263 1083 2322 studio
1105 2266 1223 2323 Reip.
1261 2264 1482 2323 quidquam
1515 2263 1578 2307 illi
1599 2263 1672 2322 effi>
1685 2264 1836 2322 fimile.
1907 2263 1969 2307 Ut
1991 2262 2175 2321 eloquen-

69 2331 159 2387 tia,
194 2344 274 2390 qua
309 2330 558 2374 mirabiliter
588 2329 747 2373 excellit
781 2327 966 2386 (NR),
1001 2329 1079 2389 vix
1116 2329 1159 2372 in
1194 2343 1235 2372 eo
1275 2328 1405 2373 locum
1427 2327 1485 2372 ad
1502 2327 1757 2373 laudandum
1779 2325 1929 2373 habere
1950 2325 2178 2380 videntum

70 2408 305 2455 quanquam
335 2395 379 2439 in
416 2393 495 2438 huc
515 2392 602 2454 ipsa
613 2392 825 2454 sapientia
843 2393 938 2451 plus
959 2402 1158 2451 apparet:
1193 2394 1256 2437 ita
1271 2395 1403 2453 gravi
1413 2392 1602 2452 judicio,
1637 2393 1847 2452 multaque
1881 2390 2008 2447 (NB
2039 2389 2054 2445 )
2089 2400 2180 2433 arte

59 2457 108 2520 se
132 2460 312 2505 exercuit
330 2461 373 2503 z'n
395 2458 597 2516 veriffimo
613 2473 756 2519 genere
775 2457 946 2502 dicendi.
1015 2453 1152 2502 Tanta
1173 2467 1311 2502 autem
1334 2455 1536 2514 industria
1560 2457 1612 2516 est
1626 2490 1641 2514 ,
1675 2466 1914 2515 tantumque
1937 2455 2109 2515 evigilat
2134 2456 2178 2498 in

59 2521 226 2583 studio,
259 2532 306 2569 ut
335 2537 412 2568 non
442 2525 631 2568 maxima
651 2524 832 2583 ingenio,
868 2521 974 2581 quod
994 2523 1038 2566 in
1059 2537 1100 2566 eo
1113 2519 1324 2582 summum
1343 2521 1423 2578 est,
1451 2523 1596 2583 gratia
1618 2521 1805 2566 habenda
1831 2520 2051 2575 videatur,
2087 2517 2179 2562 &c.

74 2584 254 2651 Urgere
275 2602 459 2650 quoque
485 2585 712 2650 possemus
735 2601 850 2648 quae
867 2586 964 2631 Dio
986 2584 1042 2632 ad
1062 2586 1155 2631 An.
1184 2584 1245 2632 U.
1273 2585 1331 2630 C.
1360 2583 1650 2632 DCCXIX.
1687 2596 1836 2630 narrat
1860 2582 1916 2628 de
1938 2582 2068 2629 rebus
2083 2582 2179 2628 bel-

73 2650 120 2697 lo
153 2651 358 2698 adversus
387 2650 603 2719 Salassos,
639 2650 732 2696 &o
766 2667 790 2696 a
815 2649 1004 2696 Messala
1040 2650 1267 2712 praeclare
1299 2649 1464 2713 gestis,
1499 2649 1546 2694 &
1580 2648 1744 2712 quibus
1765 2648 2052 2710 triumphum
2083 2661 2176 2691 rne-

75 2716 194 2770 ruit3
231 2717 294 2763 ita
315 2715 363 2762 δί
388 2732 501 2778 quae
525 2715 744 2762 Tibullus
767 2713 876 2761 Lib.
904 2715 969 2761 ΙΙ.
994 2715 1069 2761 El.
1094 2730 1138 2775 5.
1173 2714 1230 2761 de
1253 2713 1473 2778 ejus'filio
1503 2714 1744 2761 Messalino
1768 2714 1920 2768 canit3
1947 2725 2083 2773 atque
2107 2723 2176 2755 et·-

0 2802 4 2805 ,
75 2780 164 2826 iam
190 2794 303 2842 quae
328 2781 575 2828 Suetonius
596 2780 653 2827 de
678 2779 875 2837 Tiberio
899 2778 1056 2826 scribit
1071 2813 1086 2839 ,
1101 2794 1199 2842 cap.
1222 2795 1302 2839 70.
1336 2779 1390 2824 In
1411 2779 1614 2825 Oratione
1633 2780 1794 2825 Latina
1806 2776 1969 2839 secutus
1993 2775 2047 2835 est
2076 2778 2178 2820 Cor-

74 2845 221 2891 vinum
242 2842 496 2903 Mefflzlam‚
529 2862 644 2906 quem
667 2845 851 2892 SENEM
890 2845 1041 2906 (NB.)
1078 2846 1423 2890 ADOLESCENS
1447 2843 1753 2906 observaverat.
1824 2839 1921 2886 Etsi
1942 2841 2062 2885 enim
2091 2840 2179 2884 Ti—

75 2908 188 2954 berii
218 2907 530 2969 adolescentiam
560 2910 613 2955 ad
644 2926 811 2956 annum
848 2909 988 2972 usque
1017 2910 1174 2956 aetatis
1207 2924 1319 2955 xxv.
1353 2907 1600 2953 extendere
1625 2906 1823 2954 lubuerit
1839 2926 1854 2961 3
1878 2905 2004 2967 senex
2027 2916 2181 2950 tamen

75 2970 168 3034 jain
206 2972 342 3019 fuerit
366 2972 558 3019 Meffala
591 2989 711 3020 anno
747 2976 935 3021 circiter
963 2974 1027 3020 U.
1053 2973 1110 3019 C.
1138 2971 1531 3020 DCCXXXVI.
1568 2988 1659 3036 quo
1681 2970 1899 3017 Tiberius
1935 2984 2043 3014 xvi.
2071 2968 2181 3014 No·

83 3035 232 3084 vemb.
264 3051 433 3083 annum
456 3036 627 3084 XXV.
662 3036 868 3084 absolvit.
936 3037 1116 3086 Contra
1141 3054 1253 3087 vero
1280 3037 1312 3084 fi
1335 3037 1530 3084 rationes
1556 3037 1847 3098 Hieronymo
1873 3034 2005 3079 initas
2026 3031 2179 3094 seque*

2110 3110 2179 3142 re·³

94 3164 331 3269 Arssaffiobcilit
350 3167 517 3271 ἓεηέρέ
546 3176 748 3231 Augustus
780 3177 863 3220 An.
889 3178 950 3222 U.
977 3180 1282 3224 C.Dchxv11.
1316 3102 1523 3220 alc<m31nus
1555 3178 1738 3220 Abrahae
1762 3187 1953 3218 MMxxxx.
1984 3173 2178 3215 defluebat

161 3257 168 3264 ·
249 3259 257 3268 ·
318 3261 328 3273 ο
387 3244 434 3271 CC
468 3244 560 3272 XVI.

145 3279 203 3332 (b)
230 3282 312 3332 Jani
335 3281 506 3338 Templ.
527 3283 661 3327 Refer.
684 3297 722 3338 p.
746 3295 814 3337 53.
