2547 3708
409 135 509 187 '196
898 129 1787 183 DEDICATIONES
1863 129 1967 181 'nr‘

413 231 511 264 rem
536 213 674 263 etiam
697 212 731 262 fi
754 213 1006 263 istiusmodi
1026 216 1316 264 librariorum
1337 228 1480 263 errata
1499 230 1596 262 non
1619 214 1942 277 corrigantur,
1976 210 2279 264 nihilominus
2301 221 2515 273 tamen&

414 293 499 328 tuo
522 279 571 326 &
591 281 658 328 tui
680 279 894 328 fimilium
918 297 1135 345 perquam
1157 282 1252 328 acri
1273 279 1538 343 sinceroque
1552 279 1732 342 judicio
1756 294 1830 324 me
1850 277 2176 328 adversusistos
2190 281 2517 342 obtreEtatorefl

412 357 570 395 tutum
589 345 676 393 esse
701 343 949 410 cognosco.
984 346 1126 406 Vale,
1151 346 1374 393 eximium
1401 345 1646 391 Corneliae
1669 342 1838 389 Gentis
1859 356 2196 393 ornamentum.

1108 437 1151 483 E
1210 436 1242 497 J
1308 435 1360 483 U
1425 436 1456 484 S
1526 434 1575 481 D
1644 432 1688 478 E
1755 432 1815 478 M

1244 510 1372 557 Ante
1399 507 1704 573 Apologiam.

542 593 1399 657 PHILIPPO
1532 579 2373 656 CYVLANO

502 691 680 755 Majori
702 692 936 756 Agriensis
964 690 1197 740 Ecclefiae
1218 690 1514 756 Praepofit0‚
1547 690 1604 737 ab
1628 687 1865 753 Ungariae
1885 690 2021 753 Rege
2044 689 2099 736 ad
2124 690 2424 742 Veneti-arum

1015 757 1278 821 Principem
1301 757 1521 815 Oratori‚
1554 754 1836 802 felicitatem.

527 844 672 893 Pelles
705 846 782 894 ille
806 846 966 907 Cous,
998 847 1077 911 qui
1116 861 1274 893 omnes
1306 857 1412 892 ante
1435 860 1486 891 ac
1511 843 1614 908 post
1639 842 1681 890 se
1704 844 1918 908 genitos,
1953 856 2005 891 ut
2030 843 2078 890 in
2102 845 2294 892 naturali
2321 848 2504 900 historia

559 911 733 958 Plinius
756 926 932 970 narrat,
967 911 1188 976 pingendi
1207 923 1303 957 arte
1325 909 1576 973 superavit:
1613 910 1887 972 Magnoque
1927 909 2189 956 Alexandro
2211 924 2369 976 gratus
2391 915 2502 969 adeo

398 974 489 1019 suit
504 1007 520 1033 ,
555 989 608 1021 ut
630 976 671 1021 se
696 976 752 1023 ab
773 978 863 1024 alio
889 978 1047 1040 pingi,
1083 977 1156 1023 vel
1179 974 1332 1022 edicto
1356 976 1584 1033 vetuerit,
1607 973 1810 1020 absoluta
1833 988 1970 1037 opera
1994 989 2254 1037 proponere
2276 991 2379 1024 ante
2401 995 2501 1042 per-

398 1038 561 1100 gulam,
587 1039 790 1099 solebat,
827 1042 875 1088 δε
908 1041 941 1088 fi
975 1041 1086 1104 quid
1119 1041 1225 1088 vitii
1261 1045 1287 1086 a
1319 1055 1553 1102 quoquam
1583 1041 1631 1084 in
1663 1039 1726 1084 eis
1760 1050 2028 1096 notaretur,
2062 1038 2203 1085 latens
2228 1041 2500 1107 auscultare,

397 1102 498 1164 plus
534 1102 641 1151 fidei
679 1106 811 1169 vulgi
849 1106 1023 1168 judicio
1057 1105 1274 1152 adhibens
1300 1120 1435 1168 quarn
1461 1103 1555 1150 suo.
1625 1104 1668 1149 Is
1696 1104 1841 1166 igitur
1864 1118 1972 1148 cum
1997 1102 2024 1148 a
2047 1101 2199 1149 sutore
2221 1105 2372 1153 nescio
2392 1110 2500 1171 quid

398 1167 446 1212 in
482 1169 679 1231 crepidis
707 1163 1029 1234 reprehensum
1066 1168 1369 1228 emendasset,
1403 1182 1540 1232 atque
1571 1167 1755 1231 postero
1791 1167 1866 1213 die
1899 1168 2022 1213 circa
2060 1170 2380 1218 crus.eundem
2408 1176 2502 1236 pri-

396 1229 555 1278 dianae
583 1237 890 1297 correptionis
916 1235 1212 1299 castigatione
1232 1233 1411 1281 tumide
1434 1233 1635 1280 cavillari
1659 1231 2067 1291 animadvertisset,
2102 1230 2128 1279 ὲ
2151 1235 2341 1297 pergula
2361 1251 2500 1301 caput

393 1295 660 1358 proferens,
691 1315 748 1346 ne
778 1300 910 1362 supra
940 1300 1173 1363 crepidam
1205 1298 1333 1345 sutor
1369 1297 1658 1354 ascenderet,
1692 1312 1788 1342 non
1809 1298 2042 1343 immerito
2068 1298 2325 1359 prohibuit.
2394 1303 2496 1352 Hac

392 1359 508 1406 mihi
556 1362 824 1427 lepidiffima
869 1365 1101 1427 pistorum
1143 1361 1480 1410 eminentissimi
1518 1360 1850 1408 consuetudine
1880 1360 2146 1421 delectato,
2191 1379 2297 1410 curn
2334 1365 2383 1412 ὃς
2413 1369 2495 1417 alia
2540 1394 2547 1418 r

390 1425 612 1486 quaedam
649 1427 896 1491 opuscula,
933 1429 981 1475 &
1012 1430 1059 1475 in
1083 1428 1246 1477 Ovidii
1274 1425 1679 1490 Metamorphosin
1715 1426 1874 1473 breves
1894 1425 1995 1473 sane
2016 1428 2351 1489 enarrationes,
2389 1447 2496 1494 quas
2544 1443 2547 1496 ,ἱ

391 1488 648 1538 adolescens
682 1492 1026 1556 composueram
1043 1528 1058 1552 ,
1093 1495 1248 1557 paucis
1273 1506 1377 1540 ante
1402 1493 1528 1539 annis
1551 1491 1819 1550 emisissem,
1853 1491 2067 1537 nonnihil
2086 1491 2418 1541 subauscultare
2441 1498 2495 1546 li·
2538 1516 2547 1562 i

392 1552 525 1614 buit,
561 1557 672 1619 quid
696 1556 753 1604 de
778 1558 866 1605 illis
889 1557 1106 1605 sentirent
1130 1557 1330 1605 studiosi.
1399 1557 1472 1603 Ac
1494 1555 1785 1602 eruditorum
1809 1554 1994 1620 quidem
2021 1556 2196 1618 judicio
2220 1561 2495 1622 comproba.-
2536 1566 2547 1622 ‚³

388 1631 489 1678 tae,
523 1622 810 1684 quorundam
843 1622 1048 1669 sutorum
1085 1638 1137 1669 ac
1172 1624 1328 1686 potius
1364 1622 1849 1669 veteramentariorum
1885 1621 2134 1667 calumnias
2168 1619 2373 1686 effugere
2397 1642 2495 1674 non

387 1697 673 1747 potuerunt,
707 1688 786 1749 qui
811 1687 884 1735 vel
906 1703 957 1733 ea
976 1703 1090 1751 quae
1112 1703 1261 1734 minus
1285 1687 1577 1750 percipiunt,
1613 1687 1686 1733 vel
1711 1701 1824 1749 quae
1839 1687 1935 1747 jam
1958 1686 2073 1731 mihi
2096 1702 2283 1749 quoque
2305 1687 2495 1739 fuerunt
2534 1751 2535 1756 ¹

387 1749 654 1810 emendata,
690 1766 872 1814 carpere
904 1768 1138 1815 nunquam
1163 1752 1343 1799 ceffant.
1411 1752 1585 1814 Neque
1607 1752 1730 1797 enim
1753 1749 1957 1797 diffiteor
1978 1765 2053 1796 me
2078 1750 2127 1797 ὃς
2150 1752 2198 1796 in
2224 1751 2492 1813 quibusdam

375 1811 557 1877 ¹lapsum
606 1814 747 1862 fuisse.
825 1817 1054 1863 Homines
1099 1817 1222 1863 enim
1257 1815 1440 1874 sumus,
1486 1816 1534 1862 &
1568 1815 1787 1862 nonnulla
1821 1830 2006 1878 quoque
2040 1830 2148 1860 cum
2184 1831 2299 1878 opus
2333 1817 2492 1881 edidi,
2532 1870 2533 1874 Ἰ

383 1877 633 1941 ignoraffe,
668 1896 866 1942 quorum
905 1880 1089 1944 quidem
1124 1881 1338 1945 pleraque
1375 1894 1428 1926 ut
1466 1880 1621 1943 postea
1652 1896 1709 1926 ex
1745 1881 1865 1927 varia
1900 1878 2177 1942 scriptorum
2208 1881 2255 1925 δε
2283 1880 2490 1931 Graeco·
2531 1884 2534 1915 ἕ

382 1957 484 1988 rum
526 1942 574 1989 &
594 1944 871 1992 Latinorum
905 1946 1106 1992 lectione
1138 1958 1354 2009 percepta
1386 1946 1599 2003 correxi,
1633 1943 1694 1990 fic
1724 1943 1916 2006 paucula
1941 1942 2162 2006 quaedam
2179 1944 2395 1993 nondum
2420 1949 2489 1995 in-

383 2007 539 2054 venire
573 2010 729 2072 quivi,
764 2022 817 2056 ut
846 2011 894 2056 in
924 2009 1030 2074 ipfis
1063 2026 1250 2074 quoque
1270 2008 1628 2056 enarrationibus
1649 2007 1746 2054 sum
1774 2008 1975 2054 testatus.
2043 2007 2189 2067 Qod
2211 2008 2395 2071 quidem
2417 2013 2488 2060 in-

383 2086 537 2134 genue
565 2071 695 2119 fateri
719 2089 774 2120 eo
799 2075 948 2121 minus
972 2091 1046 2121 me
1067 2075 1237 2137 pudet,
1272 2073 1397 2138 quod
1418 2090 1479 2120 ex
1505 2073 1785 2132 Qintiliani
1811 2072 2032 2119 sententia
2053 2073 2172 2118 inter
2193 2077 2489 2135 grammatici

381 2136 576 2182 virtutes
607 2137 802 2184 habetur
834 2138 1088 2186 fabularum
1129 2139 1299 2203 aliquid
1339 2140 1581 2203 ignorare,
1616 2137 1664 2183 &
1688 2137 1940 2199 superfluus
1966 2137 2013 2182 in
2035 2135 2188 2182 studiis
2212 2137 2398 2200 longior
2421 2139 2485 2187 es-

378 2197 443 2245 set
476 2199 631 2260 labor,
666 2200 699 2248 fi
733 2218 828 2248 non
858 2204 1041 2251 daretur
1063 2204 1316 2268 praeteritis
1338 2205 1541 2250 invenire
1566 2203 1770 2248 meliora.
1836 2200 2135 2263 Posteaquam
2157 2213 2310 2247 autem
2337 2204 2482 2251 Enar-
2524 2224 2547 2269 35.-

381 2264 582 2310 rationes
603 2266 781 2312 nostrae
805 2269 1016 2331 vulgatae
1040 2269 1173 2329 sunt,
1207 2268 1496 2330 complures,
1520 2282 1628 2312 cum
1654 2266 1764 2311 alios
1790 2277 1969 2310 autores
1994 2265 2341 2324 Graecos,tum
2363 2270 2482 2316 Pau·
2530 2291 2547 2327 ρ,

378 2326 543 2374 faniam
576 2331 863 2392 poeticarum
901 2334 1192 2379 historiarum
1216 2330 1609 2395 diligentissimum
1646 2328 1956 2392 expositorem
1986 2330 2187 2402 perlegi,
2222 2347 2280 2377 ex
2316 2334 2484 2395 quibus
2532 2354 2547 2403 ,ς

380 2392 429 2437 &
463 2394 608 2439 multa
643 2398 766 2457 prius
800 2396 933 2443 editis
966 2396 1323 2444 enarrationibus
1356 2395 1531 2458 adjeci,
1565 2395 1614 2441 &
1646 2392 1861 2456 quaedam
1894 2409 2007 2466 quae
2028 2410 2182 2442 minus
2208 2396 2328 2442 re&a
2352 2398 2483 2448 vide·
2530 2408 2537 2438 i

379 2456 573 2516 bantur,
608 2459 740 2505 facile
774 2462 984 2519 correxi,
1017 2459 1493 2524 praestantissimorum
1528 2471 1743 2505 autorum
1781 2457 1971 2521 vestigia
2002 2457 2197 2506 secutus.
2265 2461 2393 2507 Nam
2430 2462 2480 2510 δε

378 2519 722 2585 Hippocrates,
758 2523 807 2571 ὃς
832 2524 1031 2583 Cicero,
1066 2526 1113 2570 &
1138 2524 1486 2584 Quintilianus,
1521 2523 1570 2569 &
1604 2522 1735 2569 divus
1757 2524 2041 2586 Augustinus
2079 2523 2127 2570 &
2162 2524 2368 2587 plerique
2402 2526 2477 2575 alii

377 2586 607 2649 praeclare
640 2587 791 2634 feciffe
824 2588 1063 2649 videntur,
1098 2589 1222 2652 quod
1255 2604 1428 2634 errores
1461 2586 1676 2651 quosdam
1703 2587 1829 2647 suos,
1863 2603 1919 2633 ne
1944 2587 2113 2650 posteri
2134 2589 2182 2634 in
2203 2587 2381 2636 eosdem
2406 2591 2481 2638 in-

378 2650 583 2698 ciderent
599 2686 613 2710 ,
648 2653 848 2717 ingenue
883 2652 1169 2701 damnarunt.
1237 2653 1466 2723 Homines
1489 2652 1612 2698 enim
1634 2651 1719 2698 sese
1740 2654 1825 2698 effe
1846 2654 2157 2700 meminerunt
2172 2686 2188 2712 ,
2222 2654 2301 2716 qui
2324 2655 2475 2703 multo

375 2714 505 2777 plura
536 2717 782 2779 ignorant,
817 2734 951 2781 quam
985 2718 1080 2765 ullo
1112 2733 1312 2780 unquam
1351 2730 1561 2780 tempore
1596 2719 1831 2780 percipere
1862 2716 2044 2779 poffint.
2112 2717 2272 2774 Quare
2296 2731 2475 2767 tantum

374 2778 499 2826 abest
532 2793 584 2827 ut
619 2781 675 2828 ab
706 2781 797 2828 istis
830 2784 1083 2830 alienorum
1117 2798 1309 2846 operum
1337 2781 1723 2828 obtre&atoribus
1745 2781 1771 2828 a
1793 2780 2029 2829 scribendo
2054 2782 2308 2842 deterrear,
2341 2797 2395 2830 ut
2417 2800 2472 2832 eo
2514 2812 2515 2823 i

372 2845 517 2907 magis
547 2846 778 2909 magisque
799 2848 845 2893 in
867 2848 959 2895 dies
980 2849 1230 2906 accendar,
1266 2846 1390 2909 quod
1413 2863 1494 2893 nos
1516 2862 1701 2910 quoque
1725 2847 1938 2893 nonnihil
1960 2847 2115 2893 studiis
2138 2847 2380 2894 contulisse
2402 2848 2470 2896 vi·
2512 2895 2513 2899 ,
2539 2866 2543 2870 ’

372 2907 549 2955 demur.
619 2911 748 2956 Nam
772 2913 934 2959 Ovidii
959 2910 1377 2975 Metamorphosis,
1412 2911 1691 2974 praeclarum
1725 2912 1773 2957 in
1808 2912 1969 2974 primis
2000 2927 2144 2975 opus,
2177 2910 2468 2974 posteaquam
2510 2918 2513 2974 j

371 2974 734 3021 enarrationibus
763 2975 925 3024 nostris
955 2977 1046 3023 fuit
1081 2976 1328 3036 illustrata,
1363 2974 1452 3034 fic,
1486 2976 1753 3038 ubicunque
1775 2977 1989 3023 Romana
2010 2975 2074 3022 est
2103 2977 2151 3022 in
2182 2977 2263 3022 usu
2285 2977 2468 3040 lingua,
2510 3002 2511 3028 i

370 3035 629 3097 leffitatur,
662 3051 716 3085 ut
750 3040 798 3086 in
829 3040 1161 3105 quinquaginta
1190 3041 1315 3088 milia
1335 3040 1664 3104 exemplarium
1697 3041 1747 3087 &
1776 3041 1969 3103 amplius
2002 3042 2093 3102 jam
2129 3038 2311 3087 dicatur
2344 3039 2501 3088 fuisse!

368 3099 606 3165 descripta.
640 3118 745 3149 cum
783 3118 914 3151 antea
933 3108 1011 3152 vix
1037 3106 1063 3152 a
1083 3122 1314 3169 quoquam
1340 3118 1532 3169 propter
1554 3104 1707 3152 foedas
1729 3105 2077 3168 depravationes
2101 3120 2153 3151 ac
2180 3104 2462 3151 obscuriores
2508 3145 2509 3154 ,

367 3164 496 3212 locos
530 3167 579 3213 in
611 3183 767 3215 manus
801 3168 1065 3218 sumeretur.
1133 3169 1248 3230 Qio
1280 3183 1431 3217 autem
1471 3171 1643 3231 majore
1679 3173 1726 3217 in
1751 3170 1828 3216 usu
1850 3169 2070 3228 habetur,
2103 3184 2160 3217 eo
2182 3169 2294 3216 mihi
2322 3169 2461 3215 hone·
2508 3174 2509 3180 ’
2539 3188 2543 3206 ›

364 3228 477 3285 stior
508 3230 589 3281 hic
618 3232 934 3300 castigationes
969 3235 1139 3286 nostras
1168 3234 1413 3299 adjiciendi
1436 3227 1552 3284 visus
1576 3235 1642 3284 est
1666 3234 1810 3283 labor.
1876 3233 2007 3284 Nam
2032 3248 2083 3282 ea
2103 3249 2219 3299 quae
2242 3232 2460 3298 frugifera

2356 3295 2459 3344 sunt
2505 3299 2507 3333 f
