<?xml version="1.0" encoding="UTF-8"?>
<!DOCTYPE html PUBLIC "-//W3C//DTD XHTML 1.0 Transitional//EN"
    "http://www.w3.org/TR/xhtml1/DTD/xhtml1-transitional.dtd">
<html xmlns="http://www.w3.org/1999/xhtml" xml:lang="en" lang="en">
 <head>
  <title>
</title>
<meta http-equiv="Content-Type" content="text/html;charset=utf-8" />
  <meta name='ocr-system' content='tesseract 3.04.00' />
  <meta name='ocr-capabilities' content='ocr_page ocr_carea ocr_par ocr_line ocrx_word'/>
</head>
<body>
  <div class='ocr_page' id='page_1' title='image "./publiiovidiinaso04ovid_0068.png"; bbox 0 0 2547 3708; ppageno 0'>
   <div class='ocr_carea' id='block_1_1' title="bbox 290 128 1329 205">
    <p class='ocr_par' dir='ltr' id='par_1_1' title="bbox 290 128 1329 205">
     <span class='ocr_line' id='line_1_1' title="bbox 290 128 1329 205; baseline -0.009 -9"><span class='ocrx_word' id='word_1_1' title='bbox 290 158 357 205; x_wconf 78' lang='lat'><strong>60</strong></span> <span class='ocrx_word' id='word_1_2' title='bbox 781 139 842 197; x_wconf 93' lang='lat' dir='ltr'><strong>P.</strong></span> <span class='ocrx_word' id='word_1_3' title='bbox 916 128 1329 195; x_wconf 84' lang='lat' dir='ltr'>OVID&#39;II</span> 
     </span>
    </p>
   </div>
   <div class='ocr_carea' id='block_1_2' title="bbox 1402 99 1936 189">
    <p class='ocr_par' dir='ltr' id='par_1_2' title="bbox 1402 99 1936 189">
     <span class='ocr_line' id='line_1_2' title="bbox 1402 99 1936 189; baseline 0 -1"><span class='ocrx_word' id='word_1_4' title='bbox 1402 99 1936 189; x_wconf 80' lang='lat' dir='ltr'><strong>NASoNIS</strong></span> 
     </span>
    </p>
   </div>
   <div class='ocr_carea' id='block_1_3' title="bbox 580 234 1945 319">
    <p class='ocr_par' dir='ltr' id='par_1_3' title="bbox 580 234 1945 319">
     <span class='ocr_line' id='line_1_3' title="bbox 580 234 1945 319; baseline -0.007 -18"><span class='ocrx_word' id='word_1_5' title='bbox 580 244 767 319; x_wconf 85' lang='lat' dir='ltr'><strong>Qualis</strong></span> <span class='ocrx_word' id='word_1_6' title='bbox 790 243 844 297; x_wconf 74' lang='grc' dir='ltr'><strong>δε</strong></span> <span class='ocrx_word' id='word_1_7' title='bbox 870 241 979 314; x_wconf 89' lang='lat' dir='ltr'><strong>ipse</strong></span> <span class='ocrx_word' id='word_1_8' title='bbox 1002 238 1102 294; x_wconf 88' lang='lat' dir='ltr'><strong>fuit</strong></span> <span class='ocrx_word' id='word_1_9' title='bbox 1119 277 1134 302; x_wconf 86' lang='lat'>‚</span> <span class='ocrx_word' id='word_1_10' title='bbox 1173 252 1284 310; x_wconf 92' lang='lat' dir='ltr'><strong>quo</strong></span> <span class='ocrx_word' id='word_1_11' title='bbox 1307 235 1667 308; x_wconf 81' lang='lat' dir='ltr'><strong>praecipiente</strong></span> <span class='ocrx_word' id='word_1_12' title='bbox 1691 234 1945 291; x_wconf 77' lang='lat' dir='ltr'><strong>columba</strong></span> 
     </span>
    </p>
   </div>
   <div class='ocr_carea' id='block_1_4' title="bbox 650 306 1806 383">
    <p class='ocr_par' dir='ltr' id='par_1_4' title="bbox 650 306 1806 383">
     <span class='ocr_line' id='line_1_4' title="bbox 650 306 1806 383; baseline -0.01 -9"><span class='ocrx_word' id='word_1_13' title='bbox 650 318 744 374; x_wconf 63' lang='lat' dir='ltr'><strong>Est</strong></span> <span class='ocrx_word' id='word_1_14' title='bbox 769 317 892 371; x_wconf 89' lang='lat' dir='ltr'><strong>data</strong></span> <span class='ocrx_word' id='word_1_15' title='bbox 914 312 1171 368; x_wconf 77' lang='lat' dir='ltr'><strong>Palladiae</strong></span> <span class='ocrx_word' id='word_1_16' title='bbox 1199 310 1411 383; x_wconf 88' lang='lat' dir='ltr'><strong>praevia</strong></span> <span class='ocrx_word' id='word_1_17' title='bbox 1440 309 1660 382; x_wconf 84' lang='lat' dir='ltr'><strong>duxque</strong></span> <span class='ocrx_word' id='word_1_18' title='bbox 1690 306 1806 363; x_wconf 90' lang='lat' dir='ltr'><strong>rati.</strong></span> 
     </span>
    </p>
   </div>
   <div class='ocr_carea' id='block_1_5' title="bbox 289 520 1336 1282">
    <p class='ocr_par' dir='ltr' id='par_1_5' title="bbox 289 520 1336 1282">
     <span class='ocr_line' id='line_1_5' title="bbox 289 520 1330 580; baseline -0.017 -6"><span class='ocrx_word' id='word_1_19' title='bbox 289 534 409 577; x_wconf 73' lang='lat' dir='ltr'><strong>socius</strong></span> <span class='ocrx_word' id='word_1_20' title='bbox 424 542 467 570; x_wconf 87' lang='lat' dir='ltr'><strong>ac</strong></span> <span class='ocrx_word' id='word_1_21' title='bbox 487 529 665 580; x_wconf 72' lang='lat' dir='ltr'><strong>particeps</strong></span> <span class='ocrx_word' id='word_1_22' title='bbox 685 523 824 569; x_wconf 65' lang='lat' dir='ltr'><strong>faetus,</strong></span> <span class='ocrx_word' id='word_1_23' title='bbox 851 523 906 562; x_wconf 86' lang='lat' dir='ltr'><strong>his</strong></span> <span class='ocrx_word' id='word_1_24' title='bbox 936 522 1039 562; x_wconf 85' lang='lat' dir='ltr'><strong>rebus</strong></span> <span class='ocrx_word' id='word_1_25' title='bbox 1061 520 1233 559; x_wconf 85' lang='lat' dir='ltr'><strong>omnibus</strong></span> <span class='ocrx_word' id='word_1_26' title='bbox 1258 520 1330 558; x_wconf 85' lang='lat' dir='ltr'><strong>ela·</strong></span> 
     </span>
     <span class='ocr_line' id='line_1_6' title="bbox 293 570 1330 630; baseline -0.017 -6"><span class='ocrx_word' id='word_1_27' title='bbox 293 594 352 624; x_wconf 82' lang='lat' dir='ltr'><strong>tus</strong></span> <span class='ocrx_word' id='word_1_28' title='bbox 373 586 411 622; x_wconf 63' lang='grc' dir='ltr'><strong>ὅς</strong></span> <span class='ocrx_word' id='word_1_29' title='bbox 432 580 568 630; x_wconf 81' lang='lat' dir='ltr'><strong>Pegaso</strong></span> <span class='ocrx_word' id='word_1_30' title='bbox 600 579 735 623; x_wconf 81' lang='lat' dir='ltr'><strong>fretus,</strong></span> <span class='ocrx_word' id='word_1_31' title='bbox 759 577 892 615; x_wconf 87' lang='lat' dir='ltr'><strong>dicitur</strong></span> <span class='ocrx_word' id='word_1_32' title='bbox 911 574 1001 622; x_wconf 89' lang='lat' dir='ltr'><strong>quid</strong></span> <span class='ocrx_word' id='word_1_33' title='bbox 1032 575 1069 610; x_wconf 90' lang='lat' dir='ltr'><strong>in</strong></span> <span class='ocrx_word' id='word_1_34' title='bbox 1092 571 1199 609; x_wconf 91' lang='lat' dir='ltr'><strong>coelo</strong></span> <span class='ocrx_word' id='word_1_35' title='bbox 1218 570 1304 608; x_wconf 85' lang='lat' dir='ltr'><strong>effet</strong></span> <span class='ocrx_word' id='word_1_36' title='bbox 1319 597 1330 615; x_wconf 90' lang='lat'>,</span> 
     </span>
     <span class='ocr_line' id='line_1_7' title="bbox 292 621 1330 686; baseline -0.016 -12"><span class='ocrx_word' id='word_1_37' title='bbox 292 635 431 686; x_wconf 88' lang='lat' dir='ltr'><strong>quidve</strong></span> <span class='ocrx_word' id='word_1_38' title='bbox 449 633 499 671; x_wconf 88' lang='lat' dir='ltr'><strong>ibi</strong></span> <span class='ocrx_word' id='word_1_39' title='bbox 520 629 624 668; x_wconf 89' lang='lat' dir='ltr'><strong>fieret</strong></span> <span class='ocrx_word' id='word_1_40' title='bbox 644 629 833 677; x_wconf 81' lang='lat' dir='ltr'><strong>explorare</strong></span> <span class='ocrx_word' id='word_1_41' title='bbox 852 622 1018 663; x_wconf 86' lang='lat' dir='ltr'><strong>voluiffe.</strong></span> <span class='ocrx_word' id='word_1_42' title='bbox 1075 624 1162 671; x_wconf 90' lang='lat' dir='ltr'><strong>Qua</strong></span> <span class='ocrx_word' id='word_1_43' title='bbox 1181 621 1330 659; x_wconf 90' lang='lat' dir='ltr'><strong>audacia</strong></span> 
     </span>
     <span class='ocr_line' id='line_1_8' title="bbox 293 672 1332 730; baseline -0.015 -5"><span class='ocrx_word' id='word_1_44' title='bbox 293 684 452 725; x_wconf 84' lang='lat' dir='ltr'><strong>offensus</strong></span> <span class='ocrx_word' id='word_1_45' title='bbox 473 682 614 730; x_wconf 83' lang='lat' dir='ltr'><strong>Jupiter</strong></span> <span class='ocrx_word' id='word_1_46' title='bbox 628 707 638 724; x_wconf 92' lang='lat'>‚</span> <span class='ocrx_word' id='word_1_47' title='bbox 666 679 824 717; x_wconf 82' lang='lat' dir='ltr'><strong>oestrum</strong></span> <span class='ocrx_word' id='word_1_48' title='bbox 850 677 887 714; x_wconf 92' lang='lat' dir='ltr'><strong>in</strong></span> <span class='ocrx_word' id='word_1_49' title='bbox 898 674 1074 724; x_wconf 87' lang='lat' dir='ltr'><strong>Pegasum</strong></span> <span class='ocrx_word' id='word_1_50' title='bbox 1095 672 1332 717; x_wconf 76' lang='lat' dir='ltr'><strong>immitit,ita</strong></span> 
     </span>
     <span class='ocr_line' id='line_1_9' title="bbox 293 723 1333 782; baseline -0.016 -6"><span class='ocrx_word' id='word_1_51' title='bbox 293 734 459 777; x_wconf 83' lang='lat' dir='ltr'><strong>excuffus</strong></span> <span class='ocrx_word' id='word_1_52' title='bbox 481 744 581 782; x_wconf 92' lang='lat' dir='ltr'><strong>equo</strong></span> <span class='ocrx_word' id='word_1_53' title='bbox 601 730 852 777; x_wconf 85' lang='lat' dir='ltr'><strong>Bellerophon</strong></span> <span class='ocrx_word' id='word_1_54' title='bbox 874 728 912 765; x_wconf 91' lang='lat' dir='ltr'><strong>in</strong></span> <span class='ocrx_word' id='word_1_55' title='bbox 935 727 1075 777; x_wconf 81' lang='lat' dir='ltr'><strong>Lyciae</strong></span> <span class='ocrx_word' id='word_1_56' title='bbox 1096 735 1247 773; x_wconf 90' lang='lat' dir='ltr'><strong>campos</strong></span> <span class='ocrx_word' id='word_1_57' title='bbox 1268 723 1333 760; x_wconf 87' lang='lat' dir='ltr'><strong>de-</strong></span> 
     </span>
     <span class='ocr_line' id='line_1_10' title="bbox 289 775 1331 835; baseline -0.016 -8"><span class='ocrx_word' id='word_1_58' title='bbox 289 787 381 828; x_wconf 83' lang='lat' dir='ltr'><strong>cidit</strong></span> <span class='ocrx_word' id='word_1_59' title='bbox 395 814 405 832; x_wconf 96' lang='lat'>,</span> <span class='ocrx_word' id='word_1_60' title='bbox 433 785 498 835; x_wconf 91' lang='lat' dir='ltr'><strong>qui</strong></span> <span class='ocrx_word' id='word_1_61' title='bbox 516 782 600 820; x_wconf 90' lang='lat' dir='ltr'><strong>Alei</strong></span> <span class='ocrx_word' id='word_1_62' title='bbox 621 781 696 818; x_wconf 70' lang='grc' dir='ltr'><strong>ἀπὸ</strong></span> <span class='ocrx_word' id='word_1_63' title='bbox 719 781 781 819; x_wconf 74' lang='grc' dir='ltr'><strong>τοῦ</strong></span> <span class='ocrx_word' id='word_1_64' title='bbox 800 779 978 822; x_wconf 74' lang='grc' dir='ltr'><strong>ἀλᾶσθαι,</strong></span> <span class='ocrx_word' id='word_1_65' title='bbox 1006 775 1107 826; x_wconf 90' lang='lat' dir='ltr'><strong>quod</strong></span> <span class='ocrx_word' id='word_1_66' title='bbox 1130 775 1178 813; x_wconf 90' lang='lat' dir='ltr'><strong>est</strong></span> <span class='ocrx_word' id='word_1_67' title='bbox 1200 785 1331 819; x_wconf 87' lang='lat' dir='ltr'><strong>errare,</strong></span> 
     </span>
     <span class='ocr_line' id='line_1_11' title="bbox 293 824 1333 883; baseline -0.015 -6"><span class='ocrx_word' id='word_1_68' title='bbox 293 837 384 878; x_wconf 70' lang='lat' dir='ltr'><strong>dieti</strong></span> <span class='ocrx_word' id='word_1_69' title='bbox 403 837 505 879; x_wconf 90' lang='lat' dir='ltr'><strong>sunt,</strong></span> <span class='ocrx_word' id='word_1_70' title='bbox 534 834 713 883; x_wconf 86' lang='lat' dir='ltr'><strong>quoniam</strong></span> <span class='ocrx_word' id='word_1_71' title='bbox 734 832 772 869; x_wconf 90' lang='lat' dir='ltr'><strong>in</strong></span> <span class='ocrx_word' id='word_1_72' title='bbox 799 830 840 868; x_wconf 86' lang='lat' dir='ltr'><strong>iis</strong></span> <span class='ocrx_word' id='word_1_73' title='bbox 863 830 999 876; x_wconf 87' lang='lat' dir='ltr'><strong>campis</strong></span> <span class='ocrx_word' id='word_1_74' title='bbox 1020 826 1135 866; x_wconf 67' lang='lat' dir='ltr'><strong>fracto</strong></span> <span class='ocrx_word' id='word_1_75' title='bbox 1159 836 1201 863; x_wconf 90' lang='lat' dir='ltr'><strong>ac</strong></span> <span class='ocrx_word' id='word_1_76' title='bbox 1230 824 1333 863; x_wconf 86' lang='lat' dir='ltr'><strong>debi-</strong></span> 
     </span>
     <span class='ocr_line' id='line_1_12' title="bbox 289 874 1333 934; baseline -0.015 -6"><span class='ocrx_word' id='word_1_77' title='bbox 289 891 399 929; x_wconf 88' lang='lat' dir='ltr'><strong>litato</strong></span> <span class='ocrx_word' id='word_1_78' title='bbox 422 895 580 934; x_wconf 88' lang='lat' dir='ltr'><strong>corpore</strong></span> <span class='ocrx_word' id='word_1_79' title='bbox 604 883 738 922; x_wconf 88' lang='lat' dir='ltr'><strong>errarit.</strong></span> <span class='ocrx_word' id='word_1_80' title='bbox 791 881 897 919; x_wconf 86' lang='lat' dir='ltr'><strong>Haec</strong></span> <span class='ocrx_word' id='word_1_81' title='bbox 928 878 1090 917; x_wconf 86' lang='lat' dir='ltr'><strong>Homeri</strong></span> <span class='ocrx_word' id='word_1_82' title='bbox 1115 874 1333 914; x_wconf 86' lang='lat' dir='ltr'><strong>Scholiastae</strong></span> 
     </span>
     <span class='ocr_line' id='line_1_13' title="bbox 291 926 1332 980; baseline -0.016 -1"><span class='ocrx_word' id='word_1_83' title='bbox 291 941 382 980; x_wconf 85' lang='lat' dir='ltr'><strong>loco</strong></span> <span class='ocrx_word' id='word_1_84' title='bbox 416 938 530 976; x_wconf 90' lang='lat' dir='ltr'><strong>citato</strong></span> <span class='ocrx_word' id='word_1_85' title='bbox 553 961 565 980; x_wconf 91' lang='lat'><strong>,</strong></span> <span class='ocrx_word' id='word_1_86' title='bbox 610 933 813 975; x_wconf 87' lang='lat' dir='ltr'><strong>Eustathius</strong></span> <span class='ocrx_word' id='word_1_87' title='bbox 839 933 877 969; x_wconf 90' lang='lat' dir='ltr'><strong>in</strong></span> <span class='ocrx_word' id='word_1_88' title='bbox 914 928 1140 980; x_wconf 83' lang='lat' dir='ltr'><strong>Dionysium</strong></span> <span class='ocrx_word' id='word_1_89' title='bbox 1163 955 1173 972; x_wconf 96' lang='lat'><strong>‚</strong></span> <span class='ocrx_word' id='word_1_90' title='bbox 1202 926 1332 964; x_wconf 80' lang='lat' dir='ltr'><strong>isacius</strong></span> 
     </span>
     <span class='ocr_line' id='line_1_14' title="bbox 295 978 1332 1035; baseline -0.015 -6"><span class='ocrx_word' id='word_1_91' title='bbox 295 990 459 1030; x_wconf 82' lang='lat' dir='ltr'><strong>Tzetzes</strong></span> <span class='ocrx_word' id='word_1_92' title='bbox 481 989 517 1026; x_wconf 92' lang='lat' dir='ltr'><strong>in</strong></span> <span class='ocrx_word' id='word_1_93' title='bbox 546 985 840 1035; x_wconf 87' lang='lat' dir='ltr'><strong>Lycophronem</strong></span> <span class='ocrx_word' id='word_1_94' title='bbox 864 1010 874 1027; x_wconf 93' lang='lat'><strong>‚</strong></span> <span class='ocrx_word' id='word_1_95' title='bbox 909 981 1044 1029; x_wconf 87' lang='lat' dir='ltr'><strong>aliique</strong></span> <span class='ocrx_word' id='word_1_96' title='bbox 1071 978 1188 1017; x_wconf 86' lang='lat' dir='ltr'><strong>multi.</strong></span> <span class='ocrx_word' id='word_1_97' title='bbox 1241 978 1332 1025; x_wconf 91' lang='lat' dir='ltr'><strong>Quo</strong></span> 
     </span>
     <span class='ocr_line' id='line_1_15' title="bbox 292 1029 1334 1088; baseline -0.016 -7"><span class='ocrx_word' id='word_1_98' title='bbox 292 1039 471 1088; x_wconf 85' lang='lat' dir='ltr'><strong>exemplo</strong></span> <span class='ocrx_word' id='word_1_99' title='bbox 493 1036 665 1077; x_wconf 85' lang='lat' dir='ltr'><strong>Pindarus</strong></span> <span class='ocrx_word' id='word_1_100' title='bbox 684 1036 797 1072; x_wconf 86' lang='lat' dir='ltr'><strong>utitur</strong></span> <span class='ocrx_word' id='word_1_101' title='bbox 826 1033 948 1071; x_wconf 85' lang='lat' dir='ltr'><strong>Isshm.</strong></span> <span class='ocrx_word' id='word_1_102' title='bbox 969 1031 1035 1068; x_wconf 77' lang='grc' dir='ltr'><strong>ἐὶδ.</strong></span> <span class='ocrx_word' id='word_1_103' title='bbox 1054 1029 1088 1077; x_wconf 77' lang='grc' dir='ltr'><strong>ξ.</strong></span> <span class='ocrx_word' id='word_1_104' title='bbox 1116 1039 1275 1066; x_wconf 84' lang='lat' dir='ltr'><strong>monens</strong></span> <span class='ocrx_word' id='word_1_105' title='bbox 1287 1039 1334 1065; x_wconf 89' lang='lat' dir='ltr'><strong>ne</strong></span> 
     </span>
     <span class='ocr_line' id='line_1_16' title="bbox 295 1077 1335 1142; baseline -0.013 -12"><span class='ocrx_word' id='word_1_106' title='bbox 295 1093 377 1142; x_wconf 86' lang='lat' dir='ltr'><strong>quis</strong></span> <span class='ocrx_word' id='word_1_107' title='bbox 400 1091 461 1128; x_wconf 85' lang='lat' dir='ltr'><strong>sibi</strong></span> <span class='ocrx_word' id='word_1_108' title='bbox 481 1083 876 1133; x_wconf 88' lang='lat' dir='ltr'><strong>immortalitatisspem</strong></span> <span class='ocrx_word' id='word_1_109' title='bbox 888 1089 1072 1132; x_wconf 85' lang='lat' dir='ltr'><strong>proponat</strong></span> <span class='ocrx_word' id='word_1_110' title='bbox 1086 1108 1097 1125; x_wconf 90' lang='lat'><strong><em>‚</em></strong></span> <span class='ocrx_word' id='word_1_111' title='bbox 1126 1091 1211 1118; x_wconf 91' lang='lat' dir='ltr'><strong>cum</strong></span> <span class='ocrx_word' id='word_1_112' title='bbox 1226 1077 1335 1117; x_wconf 86' lang='lat' dir='ltr'><strong>fimus</strong></span> 
     </span>
     <span class='ocr_line' id='line_1_17' title="bbox 294 1129 1336 1187; baseline -0.015 -6"><span class='ocrx_word' id='word_1_113' title='bbox 294 1142 469 1182; x_wconf 83' lang='lat' dir='ltr'><strong>mortales</strong></span> <span class='ocrx_word' id='word_1_114' title='bbox 484 1167 495 1184; x_wconf 94' lang='lat'>,</span> <span class='ocrx_word' id='word_1_115' title='bbox 523 1139 694 1187; x_wconf 86' lang='lat' dir='ltr'><strong>vitaeque</strong></span> <span class='ocrx_word' id='word_1_116' title='bbox 708 1136 827 1174; x_wconf 90' lang='lat' dir='ltr'><strong>multo</strong></span> <span class='ocrx_word' id='word_1_117' title='bbox 839 1134 1016 1172; x_wconf 88' lang='lat' dir='ltr'><strong>brevioris</strong></span> <span class='ocrx_word' id='word_1_118' title='bbox 1028 1158 1041 1177; x_wconf 89' lang='lat'>‚</span> <span class='ocrx_word' id='word_1_119' title='bbox 1052 1143 1164 1180; x_wconf 89' lang='lat' dir='ltr'><strong>quarn</strong></span> <span class='ocrx_word' id='word_1_120' title='bbox 1178 1138 1217 1167; x_wconf 92' lang='lat' dir='ltr'><strong>ut</strong></span> <span class='ocrx_word' id='word_1_121' title='bbox 1232 1129 1336 1166; x_wconf 88' lang='lat' dir='ltr'><strong>Deo-</strong></span> 
     </span>
     <span class='ocr_line' id='line_1_18' title="bbox 293 1180 1336 1237; baseline -0.014 -5"><span class='ocrx_word' id='word_1_122' title='bbox 293 1205 379 1232; x_wconf 77' lang='lat' dir='ltr'><strong>rum</strong></span> <span class='ocrx_word' id='word_1_123' title='bbox 412 1191 535 1230; x_wconf 88' lang='lat' dir='ltr'><strong>sedem</strong></span> <span class='ocrx_word' id='word_1_124' title='bbox 563 1191 743 1237; x_wconf 86' lang='lat' dir='ltr'><strong>attingere</strong></span> <span class='ocrx_word' id='word_1_125' title='bbox 772 1186 958 1235; x_wconf 83' lang='lat' dir='ltr'><strong>poffimus.</strong></span> <span class='ocrx_word' id='word_1_126' title='bbox 1020 1183 1103 1221; x_wconf 87' lang='lat' dir='ltr'><strong>Nec</strong></span> <span class='ocrx_word' id='word_1_127' title='bbox 1128 1180 1336 1219; x_wconf 78' lang='lat' dir='ltr'><strong>absimiliter</strong></span> 
     </span>
     <span class='ocr_line' id='line_1_19' title="bbox 294 1236 990 1282; baseline -0.014 1"><span class='ocrx_word' id='word_1_128' title='bbox 294 1243 474 1282; x_wconf 86' lang='lat' dir='ltr'><strong>Pindarus</strong></span> <span class='ocrx_word' id='word_1_129' title='bbox 491 1240 644 1278; x_wconf 85' lang='lat' dir='ltr'><strong>Latinus</strong></span> <span class='ocrx_word' id='word_1_130' title='bbox 671 1239 730 1277; x_wconf 81' lang='lat' dir='ltr'><strong>lib.</strong></span> <span class='ocrx_word' id='word_1_131' title='bbox 751 1249 804 1276; x_wconf 72' lang='grc' dir='ltr'><strong>ιν.</strong></span> <span class='ocrx_word' id='word_1_132' title='bbox 831 1236 917 1274; x_wconf 89' lang='lat' dir='ltr'><strong>Ode</strong></span> <span class='ocrx_word' id='word_1_133' title='bbox 935 1247 990 1274; x_wconf 85' lang='lat'><strong>11.</strong></span> 
     </span>
    </p>
   </div>
   <div class='ocr_carea' id='block_1_6' title="bbox 345 1298 1096 1510">
    <p class='ocr_par' dir='ltr' id='par_1_6' title="bbox 475 1298 1056 1354">
     <span class='ocr_line' id='line_1_20' title="bbox 475 1298 1056 1354; baseline -0.012 -11"><span class='ocrx_word' id='word_1_134' title='bbox 475 1304 683 1354; x_wconf 83' lang='lat' dir='ltr'><strong>Exemplum</strong></span> <span class='ocrx_word' id='word_1_135' title='bbox 700 1315 811 1352; x_wconf 84' lang='lat' dir='ltr'><strong>grave</strong></span> <span class='ocrx_word' id='word_1_136' title='bbox 827 1301 963 1350; x_wconf 85' lang='lat' dir='ltr'><strong>praebet</strong></span> <span class='ocrx_word' id='word_1_137' title='bbox 986 1298 1056 1336; x_wconf 85' lang='lat' dir='ltr'><strong>ales</strong></span> 
     </span>
    </p>

    <p class='ocr_par' dir='ltr' id='par_1_7' title="bbox 345 1353 1096 1455">
     <span class='ocr_line' id='line_1_21' title="bbox 345 1353 1096 1408; baseline -0.013 -11"><span class='ocrx_word' id='word_1_138' title='bbox 345 1358 494 1408; x_wconf 81' lang='lat' dir='ltr'><strong>Pegasus</strong></span> <span class='ocrx_word' id='word_1_139' title='bbox 506 1385 516 1402; x_wconf 93' lang='lat'>,</span> <span class='ocrx_word' id='word_1_140' title='bbox 544 1367 720 1393; x_wconf 80' lang='lat' dir='ltr'><strong>terrenum</strong></span> <span class='ocrx_word' id='word_1_141' title='bbox 741 1353 904 1404; x_wconf 77' lang='lat' dir='ltr'><strong>Equitem</strong></span> <span class='ocrx_word' id='word_1_142' title='bbox 920 1359 1096 1401; x_wconf 80' lang='lat' dir='ltr'><strong>gravatus</strong></span> 
     </span>
     <span class='ocr_line' id='line_1_22' title="bbox 477 1405 765 1455; baseline -0.01 -10"><span class='ocrx_word' id='word_1_143' title='bbox 477 1405 765 1455; x_wconf 78' lang='lat' dir='ltr'><strong>Bellerophontem</strong></span> 
     </span>
    </p>

    <p class='ocr_par' dir='ltr' id='par_1_8' title="bbox 349 1454 1007 1510">
     <span class='ocr_line' id='line_1_23' title="bbox 349 1454 1007 1510; baseline -0.012 -11"><span class='ocrx_word' id='word_1_144' title='bbox 349 1466 483 1510; x_wconf 84' lang='lat' dir='ltr'><strong>Semper</strong></span> <span class='ocrx_word' id='word_1_145' title='bbox 504 1467 544 1496; x_wconf 83' lang='lat' dir='ltr'><strong>ut</strong></span> <span class='ocrx_word' id='word_1_146' title='bbox 562 1468 595 1495; x_wconf 86' lang='lat' dir='ltr'><strong>te</strong></span> <span class='ocrx_word' id='word_1_147' title='bbox 614 1457 720 1507; x_wconf 80' lang='lat' dir='ltr'><strong>digna</strong></span> <span class='ocrx_word' id='word_1_148' title='bbox 737 1457 881 1507; x_wconf 81' lang='lat' dir='ltr'><strong>sequare</strong></span> <span class='ocrx_word' id='word_1_149' title='bbox 894 1483 904 1500; x_wconf 92' lang='lat'><strong>,</strong></span> <span class='ocrx_word' id='word_1_150' title='bbox 933 1454 1007 1492; x_wconf 83' lang='lat' dir='ltr'><strong>&amp;c.</strong></span> 
     </span>
    </p>
   </div>
   <div class='ocr_carea' id='block_1_7' title="bbox 295 1513 1360 3281">
    <p class='ocr_par' dir='ltr' id='par_1_9' title="bbox 295 1513 1360 3281">
     <span class='ocr_line' id='line_1_24' title="bbox 295 1513 1342 1563; baseline -0.011 0"><span class='ocrx_word' id='word_1_151' title='bbox 295 1525 401 1563; x_wconf 90' lang='lat' dir='ltr'><strong>Hinc</strong></span> <span class='ocrx_word' id='word_1_152' title='bbox 423 1523 460 1560; x_wconf 68' lang='grc' dir='ltr'><strong>ὅτ</strong></span> <span class='ocrx_word' id='word_1_153' title='bbox 484 1520 627 1559; x_wconf 89' lang='lat' dir='ltr'><strong>Tarson</strong></span> <span class='ocrx_word' id='word_1_154' title='bbox 651 1519 779 1557; x_wconf 88' lang='lat' dir='ltr'><strong>urbem</strong></span> <span class='ocrx_word' id='word_1_155' title='bbox 801 1517 951 1556; x_wconf 86' lang='lat' dir='ltr'><strong>Ciliciae</strong></span> <span class='ocrx_word' id='word_1_156' title='bbox 968 1515 1199 1553; x_wconf 86' lang='lat' dir='ltr'><strong>nominatam</strong></span> <span class='ocrx_word' id='word_1_157' title='bbox 1222 1513 1342 1553; x_wconf 83' lang='lat' dir='ltr'><strong>existi-</strong></span> 
     </span>
     <span class='ocr_line' id='line_1_25' title="bbox 297 1566 1339 1620; baseline -0.012 -6"><span class='ocrx_word' id='word_1_158' title='bbox 297 1584 377 1614; x_wconf 88' lang='lat' dir='ltr'><strong>mat</strong></span> <span class='ocrx_word' id='word_1_159' title='bbox 410 1571 612 1620; x_wconf 85' lang='lat' dir='ltr'><strong>Dionysius</strong></span> <span class='ocrx_word' id='word_1_160' title='bbox 644 1571 773 1608; x_wconf 82' lang='lat' dir='ltr'><strong>Thrax</strong></span> <span class='ocrx_word' id='word_1_161' title='bbox 796 1597 807 1613; x_wconf 90' lang='lat'>‚</span> <span class='ocrx_word' id='word_1_162' title='bbox 851 1570 888 1605; x_wconf 90' lang='lat' dir='ltr'><strong>in</strong></span> <span class='ocrx_word' id='word_1_163' title='bbox 919 1568 982 1609; x_wconf 89' lang='lat' dir='ltr'><strong>iis,</strong></span> <span class='ocrx_word' id='word_1_164' title='bbox 1004 1578 1100 1616; x_wconf 89' lang='lat' dir='ltr'><strong>quae</strong></span> <span class='ocrx_word' id='word_1_165' title='bbox 1125 1566 1170 1604; x_wconf 89' lang='lat' dir='ltr'><strong>de</strong></span> <span class='ocrx_word' id='word_1_166' title='bbox 1201 1566 1339 1604; x_wconf 88' lang='lat' dir='ltr'><strong>Rhodo</strong></span> 
     </span>
     <span class='ocr_line' id='line_1_26' title="bbox 295 1617 1341 1674; baseline -0.008 -10"><span class='ocrx_word' id='word_1_167' title='bbox 295 1624 456 1674; x_wconf 81' lang='lat' dir='ltr'><strong>scripsit,</strong></span> <span class='ocrx_word' id='word_1_168' title='bbox 484 1622 662 1673; x_wconf 84' lang='lat' dir='ltr'><strong>quoniam</strong></span> <span class='ocrx_word' id='word_1_169' title='bbox 678 1621 807 1664; x_wconf 72' lang='grc' dir='ltr'>ταρσδς</span> <span class='ocrx_word' id='word_1_170' title='bbox 819 1619 867 1657; x_wconf 90' lang='lat' dir='ltr'><strong>est</strong></span> <span class='ocrx_word' id='word_1_171' title='bbox 890 1618 990 1666; x_wconf 90' lang='lat' dir='ltr'><strong>pedis</strong></span> <span class='ocrx_word' id='word_1_172' title='bbox 1009 1628 1109 1664; x_wconf 85' lang='lat' dir='ltr'><strong>pars,</strong></span> <span class='ocrx_word' id='word_1_173' title='bbox 1139 1618 1177 1654; x_wconf 72' lang='grc' dir='ltr'><strong>δε</strong></span> <span class='ocrx_word' id='word_1_174' title='bbox 1200 1617 1341 1666; x_wconf 85' lang='lat' dir='ltr'><strong>antiqui</strong></span> 
     </span>
     <span class='ocr_line' id='line_1_27' title="bbox 296 1666 1340 1719; baseline -0.011 -5"><span class='ocrx_word' id='word_1_175' title='bbox 296 1676 451 1714; x_wconf 86' lang='lat' dir='ltr'><strong>condita</strong></span> <span class='ocrx_word' id='word_1_176' title='bbox 470 1673 622 1711; x_wconf 88' lang='lat' dir='ltr'><strong>civitate</strong></span> <span class='ocrx_word' id='word_1_177' title='bbox 645 1671 975 1719; x_wconf 87' lang='lat' dir='ltr'><strong>Bellerophonteae</strong></span> <span class='ocrx_word' id='word_1_178' title='bbox 993 1666 1267 1705; x_wconf 84' lang='lat' dir='ltr'><strong>claudicationis</strong></span> <span class='ocrx_word' id='word_1_179' title='bbox 1278 1679 1340 1704; x_wconf 84' lang='lat' dir='ltr'><strong>ex-</strong></span> 
     </span>
     <span class='ocr_line' id='line_1_28' title="bbox 297 1720 1339 1766; baseline -0.01 -2"><span class='ocrx_word' id='word_1_180' title='bbox 297 1735 375 1765; x_wconf 86' lang='lat' dir='ltr'><strong>tare</strong></span> <span class='ocrx_word' id='word_1_181' title='bbox 406 1731 699 1762; x_wconf 87' lang='lat' dir='ltr'><strong>monumentum</strong></span> <span class='ocrx_word' id='word_1_182' title='bbox 729 1721 937 1759; x_wconf 85' lang='lat' dir='ltr'><strong>voluerunt.</strong></span> <span class='ocrx_word' id='word_1_183' title='bbox 990 1720 1182 1766; x_wconf 85' lang='lat' dir='ltr'><strong>Quoniam</strong></span> <span class='ocrx_word' id='word_1_184' title='bbox 1213 1726 1339 1755; x_wconf 89' lang='lat' dir='ltr'><strong>autem</strong></span> 
     </span>
     <span class='ocr_line' id='line_1_29' title="bbox 298 1769 1337 1824; baseline -0.01 -9"><span class='ocrx_word' id='word_1_185' title='bbox 298 1776 550 1824; x_wconf 83' lang='lat' dir='ltr'><strong>Bellerophon</strong></span> <span class='ocrx_word' id='word_1_186' title='bbox 569 1773 663 1812; x_wconf 87' lang='lat' dir='ltr'><strong>solus</strong></span> <span class='ocrx_word' id='word_1_187' title='bbox 684 1773 721 1810; x_wconf 90' lang='lat' dir='ltr'><strong>in</strong></span> <span class='ocrx_word' id='word_1_188' title='bbox 745 1772 881 1820; x_wconf 89' lang='lat' dir='ltr'><strong>campis</strong></span> <span class='ocrx_word' id='word_1_189' title='bbox 909 1769 1009 1807; x_wconf 81' lang='lat' dir='ltr'><strong>Aleis</strong></span> <span class='ocrx_word' id='word_1_190' title='bbox 1030 1769 1187 1813; x_wconf 89' lang='lat' dir='ltr'><strong>errabat,</strong></span> <span class='ocrx_word' id='word_1_191' title='bbox 1221 1770 1257 1807; x_wconf 87' lang='lat'>&amp;</span> <span class='ocrx_word' id='word_1_192' title='bbox 1273 1797 1283 1813; x_wconf 95' lang='lat'><em>‚</em></span> <span class='ocrx_word' id='word_1_193' title='bbox 1298 1777 1337 1807; x_wconf 90' lang='lat' dir='ltr'><strong>ut</strong></span> 
     </span>
     <span class='ocr_line' id='line_1_30' title="bbox 297 1819 1338 1867; baseline -0.011 -1"><span class='ocrx_word' id='word_1_194' title='bbox 297 1828 495 1867; x_wconf 85' lang='lat' dir='ltr'><strong>Homerus</strong></span> <span class='ocrx_word' id='word_1_195' title='bbox 529 1825 577 1861; x_wconf 86' lang='lat' dir='ltr'><strong>ait</strong></span> <span class='ocrx_word' id='word_1_196' title='bbox 609 1835 654 1861; x_wconf 81' lang='lat' dir='ltr'><strong>ex</strong></span> <span class='ocrx_word' id='word_1_197' title='bbox 673 1822 839 1860; x_wconf 80' lang='lat' dir='ltr'><strong>versione</strong></span> <span class='ocrx_word' id='word_1_198' title='bbox 863 1820 1054 1858; x_wconf 88' lang='lat' dir='ltr'><strong>Ciceronis</strong></span> <span class='ocrx_word' id='word_1_199' title='bbox 1071 1819 1132 1857; x_wconf 83' lang='lat' dir='ltr'><strong>lib.</strong></span> <span class='ocrx_word' id='word_1_200' title='bbox 1150 1832 1212 1857; x_wconf 75' lang='grc' dir='ltr'>ιιι.</span> <span class='ocrx_word' id='word_1_201' title='bbox 1241 1819 1338 1857; x_wconf 88' lang='lat' dir='ltr'><strong>Tus-</strong></span> 
     </span>
     <span class='ocr_line' id='line_1_31' title="bbox 300 1870 1338 1925; baseline -0.011 -7"><span class='ocrx_word' id='word_1_202' title='bbox 300 1878 374 1918; x_wconf 83' lang='lat' dir='ltr'><strong>cul.</strong></span> <span class='ocrx_word' id='word_1_203' title='bbox 417 1878 482 1925; x_wconf 80' lang='lat' dir='ltr'><strong>Ipse</strong></span> <span class='ocrx_word' id='word_1_204' title='bbox 502 1876 606 1922; x_wconf 83' lang='lat' dir='ltr'><strong>suum</strong></span> <span class='ocrx_word' id='word_1_205' title='bbox 624 1886 677 1910; x_wconf 88' lang='lat' dir='ltr'><strong>cor</strong></span> <span class='ocrx_word' id='word_1_206' title='bbox 697 1873 795 1910; x_wconf 84' lang='lat' dir='ltr'><strong>edens</strong></span> <span class='ocrx_word' id='word_1_207' title='bbox 812 1900 821 1916; x_wconf 92' lang='lat'>,</span> <span class='ocrx_word' id='word_1_208' title='bbox 834 1870 1016 1908; x_wconf 86' lang='lat' dir='ltr'><strong>hominum</strong></span> <span class='ocrx_word' id='word_1_209' title='bbox 1039 1870 1179 1918; x_wconf 81' lang='lat' dir='ltr'><strong>vesligia</strong></span> <span class='ocrx_word' id='word_1_210' title='bbox 1201 1870 1338 1915; x_wconf 81' lang='lat' dir='ltr'><strong>vitans,</strong></span> 
     </span>
     <span class='ocr_line' id='line_1_32' title="bbox 301 1921 1338 1976; baseline -0.008 -9"><span class='ocrx_word' id='word_1_211' title='bbox 301 1928 390 1967; x_wconf 88' lang='lat' dir='ltr'><strong>ideo</strong></span> <span class='ocrx_word' id='word_1_212' title='bbox 402 1926 554 1976; x_wconf 83' lang='lat' dir='ltr'><strong>gentiles</strong></span> <span class='ocrx_word' id='word_1_213' title='bbox 568 1924 939 1972; x_wconf 81' lang='lat' dir='ltr'><strong>Bellerophontaeum</strong></span> <span class='ocrx_word' id='word_1_214' title='bbox 954 1921 1125 1958; x_wconf 84' lang='lat' dir='ltr'><strong>morbum</strong></span> <span class='ocrx_word' id='word_1_215' title='bbox 1142 1921 1338 1959; x_wconf 86' lang='lat' dir='ltr'><strong>Monachis</strong></span> 
     </span>
     <span class='ocr_line' id='line_1_33' title="bbox 303 1971 1342 2028; baseline -0.008 -11"><span class='ocrx_word' id='word_1_216' title='bbox 303 1976 595 2028; x_wconf 85' lang='lat' dir='ltr'><strong>exprobrabant,</strong></span> <span class='ocrx_word' id='word_1_217' title='bbox 623 1983 664 2013; x_wconf 93' lang='lat' dir='ltr'><strong>ut</strong></span> <span class='ocrx_word' id='word_1_218' title='bbox 692 1985 736 2012; x_wconf 82' lang='lat' dir='ltr'><strong>ex</strong></span> <span class='ocrx_word' id='word_1_219' title='bbox 757 1974 811 2012; x_wconf 88' lang='lat' dir='ltr'><strong>his</strong></span> <span class='ocrx_word' id='word_1_220' title='bbox 833 1972 962 2011; x_wconf 86' lang='lat' dir='ltr'><strong>Rutilii</strong></span> <span class='ocrx_word' id='word_1_221' title='bbox 984 1971 1201 2011; x_wconf 84' lang='lat' dir='ltr'><strong>Numatiani</strong></span> <span class='ocrx_word' id='word_1_222' title='bbox 1233 1971 1342 2011; x_wconf 75' lang='lat' dir='ltr'><strong>versi-</strong></span> 
     </span>
     <span class='ocr_line' id='line_1_34' title="bbox 306 2031 500 2079; baseline -0.01 -11"><span class='ocrx_word' id='word_1_223' title='bbox 306 2031 371 2070; x_wconf 85' lang='lat' dir='ltr'><strong>bus</strong></span> <span class='ocrx_word' id='word_1_224' title='bbox 383 2035 500 2079; x_wconf 70' lang='lat' dir='ltr'><strong>patet:</strong></span> 
     </span>
     <span class='ocr_line' id='line_1_35' title="bbox 358 2089 1092 2141; baseline -0.005 -11"><span class='ocrx_word' id='word_1_225' title='bbox 358 2092 511 2141; x_wconf 85' lang='lat' dir='ltr'><strong>Proceffu</strong></span> <span class='ocrx_word' id='word_1_226' title='bbox 526 2090 637 2140; x_wconf 80' lang='lat' dir='ltr'><strong>pelagi</strong></span> <span class='ocrx_word' id='word_1_227' title='bbox 648 2091 727 2140; x_wconf 85' lang='lat' dir='ltr'><strong>jam</strong></span> <span class='ocrx_word' id='word_1_228' title='bbox 741 2092 778 2139; x_wconf 83' lang='lat' dir='ltr'><strong>se</strong></span> <span class='ocrx_word' id='word_1_229' title='bbox 799 2089 967 2139; x_wconf 76' lang='lat' dir='ltr'><strong>Capraria</strong></span> <span class='ocrx_word' id='word_1_230' title='bbox 982 2089 1074 2128; x_wconf 75' lang='lat' dir='ltr'><strong>tollit</strong></span> <span class='ocrx_word' id='word_1_231' title='bbox 1080 2103 1092 2133; x_wconf 88' lang='lat'>;</span> 
     </span>
     <span class='ocr_line' id='line_1_36' title="bbox 411 2141 1103 2193; baseline -0.001 -14"><span class='ocrx_word' id='word_1_232' title='bbox 411 2142 550 2193; x_wconf 78' lang='lat' dir='ltr'><strong>Squalet</strong></span> <span class='ocrx_word' id='word_1_233' title='bbox 569 2142 728 2190; x_wconf 80' lang='lat' dir='ltr'><strong>lucifugis</strong></span> <span class='ocrx_word' id='word_1_234' title='bbox 750 2143 865 2188; x_wconf 82' lang='lat' dir='ltr'><strong>Insula</strong></span> <span class='ocrx_word' id='word_1_235' title='bbox 880 2141 983 2189; x_wconf 87' lang='lat' dir='ltr'><strong>plena</strong></span> <span class='ocrx_word' id='word_1_236' title='bbox 1004 2142 1103 2178; x_wconf 78' lang='lat' dir='ltr'><strong>viris.</strong></span> 
     </span>
     <span class='ocr_line' id='line_1_37' title="bbox 355 2190 1170 2245; baseline -0.009 -12"><span class='ocrx_word' id='word_1_237' title='bbox 355 2192 474 2245; x_wconf 72' lang='lat' dir='ltr'><strong>&#39;Ipfifit</strong></span> <span class='ocrx_word' id='word_1_238' title='bbox 498 2191 682 2230; x_wconf 85' lang='lat' dir='ltr'><strong>Monachos</strong></span> <span class='ocrx_word' id='word_1_239' title='bbox 701 2192 807 2240; x_wconf 85' lang='lat' dir='ltr'><strong>Grajo</strong></span> <span class='ocrx_word' id='word_1_240' title='bbox 828 2191 1018 2240; x_wconf 81' lang='lat' dir='ltr'><strong>cognomine</strong></span> <span class='ocrx_word' id='word_1_241' title='bbox 1037 2190 1170 2226; x_wconf 85' lang='lat' dir='ltr'><strong>dicunt.</strong></span> 
     </span>
     <span class='ocr_line' id='line_1_38' title="bbox 415 2241 1099 2292; baseline -0.003 -11"><span class='ocrx_word' id='word_1_242' title='bbox 415 2244 521 2292; x_wconf 67' lang='lat' dir='ltr'><strong>Qod</strong></span> <span class='ocrx_word' id='word_1_243' title='bbox 538 2243 605 2292; x_wconf 80' lang='lat' dir='ltr'><strong>[oli</strong></span> <span class='ocrx_word' id='word_1_244' title='bbox 625 2242 720 2280; x_wconf 75' lang='lat' dir='ltr'><strong>nullo</strong></span> <span class='ocrx_word' id='word_1_245' title='bbox 738 2243 860 2279; x_wconf 79' lang='lat' dir='ltr'><strong>vivere</strong></span> <span class='ocrx_word' id='word_1_246' title='bbox 873 2242 948 2288; x_wconf 84' lang='lat' dir='ltr'><strong>jure</strong></span> <span class='ocrx_word' id='word_1_247' title='bbox 959 2241 1099 2279; x_wconf 84' lang='lat' dir='ltr'><strong>volum.</strong></span> 
     </span>
     <span class='ocr_line' id='line_1_39' title="bbox 364 2291 1340 2342; baseline -0.009 -9"><span class='ocrx_word' id='word_1_248' title='bbox 364 2301 518 2333; x_wconf 75' lang='lat' dir='ltr'><strong>Munera</strong></span> <span class='ocrx_word' id='word_1_249' title='bbox 533 2296 697 2341; x_wconf 74' lang='lat' dir='ltr'><strong>fortunae</strong></span> <span class='ocrx_word' id='word_1_250' title='bbox 718 2302 878 2330; x_wconf 82' lang='lat' dir='ltr'><strong>metuunt</strong></span> <span class='ocrx_word' id='word_1_251' title='bbox 900 2291 982 2342; x_wconf 81' lang='lat' dir='ltr'><strong>quia</strong></span> <span class='ocrx_word' id='word_1_252' title='bbox 995 2291 1129 2328; x_wconf 87' lang='lat' dir='ltr'><strong>damna</strong></span> <span class='ocrx_word' id='word_1_253' title='bbox 1151 2299 1340 2331; x_wconf 83' lang='lat' dir='ltr'><strong>verentur;</strong></span> 
     </span>
     <span class='ocr_line' id='line_1_40' title="bbox 416 2342 1290 2396; baseline -0.005 -16"><span class='ocrx_word' id='word_1_254' title='bbox 416 2346 615 2396; x_wconf 49' lang='lat' dir='ltr'><strong>Quisquam</strong></span> <span class='ocrx_word' id='word_1_255' title='bbox 631 2346 748 2392; x_wconf 77' lang='lat' dir='ltr'><strong>sponte</strong></span> <span class='ocrx_word' id='word_1_256' title='bbox 767 2344 868 2390; x_wconf 76' lang='lat' dir='ltr'><strong>miser</strong></span> <span class='ocrx_word' id='word_1_257' title='bbox 882 2370 892 2387; x_wconf 93' lang='lat'>‚</span> <span class='ocrx_word' id='word_1_258' title='bbox 913 2356 953 2379; x_wconf 84' lang='lat' dir='ltr'><strong>ne</strong></span> <span class='ocrx_word' id='word_1_259' title='bbox 972 2342 1071 2390; x_wconf 67' lang='lat' dir='ltr'><strong>miser</strong></span> <span class='ocrx_word' id='word_1_260' title='bbox 1089 2343 1145 2391; x_wconf 82' lang='lat' dir='ltr'><strong>effe</strong></span> <span class='ocrx_word' id='word_1_261' title='bbox 1161 2343 1290 2391; x_wconf 73' lang='lat' dir='ltr'><strong>queat!</strong></span> 
     </span>
     <span class='ocr_line' id='line_1_41' title="bbox 365 2391 1242 2446; baseline -0.009 -12"><span class='ocrx_word' id='word_1_262' title='bbox 365 2398 554 2446; x_wconf 66' lang='lat' dir='ltr'><strong>Qaenam</strong></span> <span class='ocrx_word' id='word_1_263' title='bbox 571 2393 723 2445; x_wconf 71' lang='lat' dir='ltr'><strong>perversi</strong></span> <span class='ocrx_word' id='word_1_264' title='bbox 739 2394 850 2433; x_wconf 79' lang='lat' dir='ltr'><strong>rabies</strong></span> <span class='ocrx_word' id='word_1_265' title='bbox 870 2405 948 2431; x_wconf 88' lang='lat' dir='ltr'><strong>tam</strong></span> <span class='ocrx_word' id='word_1_266' title='bbox 962 2392 1072 2439; x_wconf 84' lang='lat' dir='ltr'><strong>stulta</strong></span> <span class='ocrx_word' id='word_1_267' title='bbox 1094 2391 1242 2434; x_wconf 72' lang='lat' dir='ltr'><strong>cerebri,</strong></span> 
     </span>
     <span class='ocr_line' id='line_1_42' title="bbox 425 2440 1239 2493; baseline -0.007 -9"><span class='ocrx_word' id='word_1_268' title='bbox 425 2453 520 2484; x_wconf 86' lang='lat' dir='ltr'><strong>Dum</strong></span> <span class='ocrx_word' id='word_1_269' title='bbox 543 2446 840 2493; x_wconf 71' lang='lat' dir='ltr'><strong>nialaformt&#39;des,</strong></span> <span class='ocrx_word' id='word_1_270' title='bbox 864 2457 921 2482; x_wconf 81' lang='lat' dir='ltr'><strong>nec</strong></span> <span class='ocrx_word' id='word_1_271' title='bbox 940 2443 1028 2481; x_wconf 82' lang='lat' dir='ltr'><strong>bona</strong></span> <span class='ocrx_word' id='word_1_272' title='bbox 1043 2443 1122 2493; x_wconf 73' lang='lat' dir='ltr'><strong>posse</strong></span> <span class='ocrx_word' id='word_1_273' title='bbox 1137 2440 1239 2492; x_wconf 82' lang='lat' dir='ltr'><strong>pati?</strong></span> 
     </span>
     <span class='ocr_line' id='line_1_43' title="bbox 365 2495 1212 2547; baseline -0.011 -9"><span class='ocrx_word' id='word_1_274' title='bbox 365 2498 538 2547; x_wconf 79' lang='lat' dir='ltr'><strong>Sivesuas</strong></span> <span class='ocrx_word' id='word_1_275' title='bbox 555 2507 708 2547; x_wconf 82' lang='lat' dir='ltr'><strong>repetunt</strong></span> <span class='ocrx_word' id='word_1_276' title='bbox 725 2511 767 2535; x_wconf 85' lang='lat' dir='ltr'><strong>ex</strong></span> <span class='ocrx_word' id='word_1_277' title='bbox 781 2498 861 2544; x_wconf 87' lang='lat' dir='ltr'><strong>fato</strong></span> <span class='ocrx_word' id='word_1_278' title='bbox 882 2495 1049 2543; x_wconf 77' lang='lat' dir='ltr'><strong>ergastula</strong></span> <span class='ocrx_word' id='word_1_279' title='bbox 1065 2505 1188 2542; x_wconf 77' lang='lat' dir='ltr'><strong>poenas</strong></span> <span class='ocrx_word' id='word_1_280' title='bbox 1199 2520 1212 2537; x_wconf 95' lang='lat'><strong><em>,</em></strong></span> 
     </span>
     <span class='ocr_line' id='line_1_44' title="bbox 417 2546 1139 2596; baseline -0.006 -10"><span class='ocrx_word' id='word_1_281' title='bbox 417 2549 538 2596; x_wconf 75' lang='lat' dir='ltr'><strong>Tristia</strong></span> <span class='ocrx_word' id='word_1_282' title='bbox 554 2548 612 2596; x_wconf 82' lang='lat' dir='ltr'><strong>seu</strong></span> <span class='ocrx_word' id='word_1_283' title='bbox 633 2549 726 2596; x_wconf 77' lang='lat' dir='ltr'><strong>nigro</strong></span> <span class='ocrx_word' id='word_1_284' title='bbox 747 2547 876 2595; x_wconf 77' lang='lat' dir='ltr'><strong>viscera</strong></span> <span class='ocrx_word' id='word_1_285' title='bbox 886 2546 972 2593; x_wconf 85' lang='lat' dir='ltr'><strong>felle</strong></span> <span class='ocrx_word' id='word_1_286' title='bbox 990 2555 1139 2583; x_wconf 81' lang='lat' dir='ltr'><strong>tument.</strong></span> 
     </span>
     <span class='ocr_line' id='line_1_45' title="bbox 368 2596 1231 2646; baseline -0.009 -7"><span class='ocrx_word' id='word_1_287' title='bbox 368 2603 420 2641; x_wconf 86' lang='lat' dir='ltr'><strong>Sic</strong></span> <span class='ocrx_word' id='word_1_288' title='bbox 442 2600 572 2636; x_wconf 82' lang='lat' dir='ltr'><strong>nimiae</strong></span> <span class='ocrx_word' id='word_1_289' title='bbox 588 2599 664 2636; x_wconf 85' lang='lat' dir='ltr'><strong>bilis</strong></span> <span class='ocrx_word' id='word_1_290' title='bbox 684 2597 842 2635; x_wconf 88' lang='lat' dir='ltr'><strong>morbum</strong></span> <span class='ocrx_word' id='word_1_291' title='bbox 862 2596 1044 2646; x_wconf 78' lang='lat' dir='ltr'><strong>affignavit</strong></span> <span class='ocrx_word' id='word_1_292' title='bbox 1063 2603 1231 2634; x_wconf 83' lang='lat' dir='ltr'><strong>Homerus</strong></span> 
     </span>
     <span class='ocr_line' id='line_1_46' title="bbox 423 2648 1018 2698; baseline -0.002 -11"><span class='ocrx_word' id='word_1_293' title='bbox 423 2649 702 2698; x_wconf 70' lang='lat' dir='ltr'><strong>Bellerophonteis</strong></span> <span class='ocrx_word' id='word_1_294' title='bbox 718 2648 1018 2695; x_wconf 74' lang='lat' dir='ltr'><strong>sollicitudinibus.</strong></span> 
     </span>
     <span class='ocr_line' id='line_1_47' title="bbox 372 2697 1179 2750; baseline -0.004 -11"><span class='ocrx_word' id='word_1_295' title='bbox 372 2710 469 2742; x_wconf 77' lang='lat' dir='ltr'><strong>Nam</strong></span> <span class='ocrx_word' id='word_1_296' title='bbox 488 2701 608 2743; x_wconf 79' lang='lat' dir='ltr'><strong>iuveni</strong></span> <span class='ocrx_word' id='word_1_297' title='bbox 626 2700 743 2750; x_wconf 82' lang='lat' dir='ltr'><strong>offenso</strong></span> <span class='ocrx_word' id='word_1_298' title='bbox 754 2699 855 2747; x_wconf 85' lang='lat' dir='ltr'><strong>saevi</strong></span> <span class='ocrx_word' id='word_1_299' title='bbox 874 2701 944 2747; x_wconf 81' lang='lat' dir='ltr'><strong>post</strong></span> <span class='ocrx_word' id='word_1_300' title='bbox 965 2699 1034 2735; x_wconf 85' lang='lat' dir='ltr'><strong>tela</strong></span> <span class='ocrx_word' id='word_1_301' title='bbox 1056 2697 1179 2736; x_wconf 68' lang='lat' dir='ltr'><strong>doloris</strong></span> 
     </span>
     <span class='ocr_line' id='line_1_48' title="bbox 423 2749 1127 2799; baseline -0.006 -10"><span class='ocrx_word' id='word_1_302' title='bbox 423 2753 565 2790; x_wconf 78' lang='lat' dir='ltr'><strong>Dicitur</strong></span> <span class='ocrx_word' id='word_1_303' title='bbox 584 2752 783 2788; x_wconf 82' lang='lat' dir='ltr'><strong>humanum</strong></span> <span class='ocrx_word' id='word_1_304' title='bbox 801 2749 995 2799; x_wconf 72' lang='lat' dir='ltr'><strong>displicuiffl</strong></span> <span class='ocrx_word' id='word_1_305' title='bbox 1012 2762 1127 2797; x_wconf 80' lang='lat' dir='ltr'><strong>genus.</strong></span> 
     </span>
     <span class='ocr_line' id='line_1_49' title="bbox 322 2813 1353 2864; baseline 0.001 -11"><span class='ocrx_word' id='word_1_306' title='bbox 322 2817 581 2864; x_wconf 82' lang='lat' dir='ltr'><strong>Quamobrem</strong></span> <span class='ocrx_word' id='word_1_307' title='bbox 605 2815 789 2853; x_wconf 86' lang='lat' dir='ltr'><strong>Ausonius</strong></span> <span class='ocrx_word' id='word_1_308' title='bbox 806 2813 928 2852; x_wconf 84' lang='lat' dir='ltr'><strong>Pontii</strong></span> <span class='ocrx_word' id='word_1_309' title='bbox 950 2813 1090 2850; x_wconf 83' lang='lat' dir='ltr'><strong>Paulini</strong></span> <span class='ocrx_word' id='word_1_310' title='bbox 1113 2815 1220 2852; x_wconf 84' lang='lat' dir='ltr'><strong>amici</strong></span> <span class='ocrx_word' id='word_1_311' title='bbox 1241 2813 1353 2854; x_wconf 88' lang='lat' dir='ltr'><strong>suise-</strong></span> 
     </span>
     <span class='ocr_line' id='line_1_50' title="bbox 325 2864 1352 2915; baseline -0.004 -11"><span class='ocrx_word' id='word_1_312' title='bbox 325 2866 459 2904; x_wconf 80' lang='lat' dir='ltr'><strong>ceffum</strong></span> <span class='ocrx_word' id='word_1_313' title='bbox 484 2868 520 2904; x_wconf 89' lang='lat' dir='ltr'><strong>in</strong></span> <span class='ocrx_word' id='word_1_314' title='bbox 554 2866 766 2912; x_wconf 84' lang='lat' dir='ltr'><strong>Hispaniam</strong></span> <span class='ocrx_word' id='word_1_315' title='bbox 800 2864 963 2902; x_wconf 83' lang='lat' dir='ltr'><strong>adscribit</strong></span> <span class='ocrx_word' id='word_1_316' title='bbox 993 2864 1107 2900; x_wconf 86' lang='lat' dir='ltr'><strong>animi</strong></span> <span class='ocrx_word' id='word_1_317' title='bbox 1134 2866 1249 2908; x_wconf 86' lang='lat' dir='ltr'><strong>vitio,</strong></span> <span class='ocrx_word' id='word_1_318' title='bbox 1276 2875 1352 2915; x_wconf 85' lang='lat' dir='ltr'><strong>quo</strong></span> 
     </span>
     <span class='ocr_line' id='line_1_51' title="bbox 325 2914 1354 2963; baseline 0 -8"><span class='ocrx_word' id='word_1_319' title='bbox 325 2918 571 2963; x_wconf 85' lang='lat' dir='ltr'><strong>Bellerophon</strong></span> <span class='ocrx_word' id='word_1_320' title='bbox 591 2915 761 2955; x_wconf 73' lang='lat' dir='ltr'><strong>laborasse</strong></span> <span class='ocrx_word' id='word_1_321' title='bbox 779 2915 924 2953; x_wconf 88' lang='lat' dir='ltr'><strong>dicitur.</strong></span> <span class='ocrx_word' id='word_1_322' title='bbox 978 2914 1175 2961; x_wconf 86' lang='lat' dir='ltr'><strong>Quodipse</strong></span> <span class='ocrx_word' id='word_1_323' title='bbox 1186 2916 1354 2955; x_wconf 82' lang='lat' dir='ltr'><strong>Paulinus</strong></span> 
     </span>
     <span class='ocr_line' id='line_1_52' title="bbox 325 2964 1360 3015; baseline 0.001 -10"><span class='ocrx_word' id='word_1_324' title='bbox 325 2968 636 3006; x_wconf 56' lang='lat' dir='ltr'><strong>*infandissimus</strong></span> <span class='ocrx_word' id='word_1_325' title='bbox 663 2974 791 3015; x_wconf 80' lang='lat' dir='ltr'><strong>purgat</strong></span> <span class='ocrx_word' id='word_1_326' title='bbox 817 2966 855 3002; x_wconf 88' lang='lat' dir='ltr'><strong>in</strong></span> <span class='ocrx_word' id='word_1_327' title='bbox 890 2964 950 3004; x_wconf 83' lang='lat' dir='ltr'><strong>sua</strong></span> <span class='ocrx_word' id='word_1_328' title='bbox 978 2964 1022 3002; x_wconf 82' lang='lat' dir='ltr'><strong>ad</strong></span> <span class='ocrx_word' id='word_1_329' title='bbox 1050 2964 1210 3003; x_wconf 87' lang='lat' dir='ltr'><strong>eundem</strong></span> <span class='ocrx_word' id='word_1_330' title='bbox 1241 2966 1360 3006; x_wconf 85' lang='lat' dir='ltr'><strong>Auso-</strong></span> 
     </span>
     <span class='ocr_line' id='line_1_53' title="bbox 324 3017 834 3066; baseline -0.01 -8"><span class='ocrx_word' id='word_1_331' title='bbox 324 3020 427 3058; x_wconf 75' lang='lat' dir='ltr'><strong>nium</strong></span> <span class='ocrx_word' id='word_1_332' title='bbox 454 3018 631 3066; x_wconf 78' lang='lat' dir='ltr'><strong>Epistola,</strong></span> <span class='ocrx_word' id='word_1_333' title='bbox 661 3030 744 3054; x_wconf 86' lang='lat' dir='ltr'><strong>cum</strong></span> <span class='ocrx_word' id='word_1_334' title='bbox 767 3017 834 3053; x_wconf 86' lang='lat' dir='ltr'><strong>ait:</strong></span> 
     </span>
     <span class='ocr_line' id='line_1_54' title="bbox 379 3080 1036 3128; baseline 0 -12"><span class='ocrx_word' id='word_1_335' title='bbox 379 3097 485 3110; x_wconf 86' lang='lat'><strong>-—-·</strong></span> <span class='ocrx_word' id='word_1_336' title='bbox 513 3093 570 3116; x_wconf 85' lang='lat' dir='ltr'><strong>nec</strong></span> <span class='ocrx_word' id='word_1_337' title='bbox 594 3093 646 3116; x_wconf 88' lang='lat' dir='ltr'><strong>me</strong></span> <span class='ocrx_word' id='word_1_338' title='bbox 665 3080 723 3117; x_wconf 79' lang='lat' dir='ltr'><strong>vel</strong></span> <span class='ocrx_word' id='word_1_339' title='bbox 742 3080 876 3126; x_wconf 75' lang='lat' dir='ltr'><strong>conjuge</strong></span> <span class='ocrx_word' id='word_1_340' title='bbox 895 3088 1013 3128; x_wconf 80' lang='lat' dir='ltr'><strong>carpas</strong></span> <span class='ocrx_word' id='word_1_341' title='bbox 1026 3108 1036 3123; x_wconf 91' lang='lat'><strong>‚</strong></span> 
     </span>
     <span class='ocr_line' id='line_1_55' title="bbox 339 3130 1222 3181; baseline 0.002 -11"><span class='ocrx_word' id='word_1_342' title='bbox 339 3162 342 3163; x_wconf 16' lang='grc' dir='ltr'><em>γ</em></span> <span class='ocrx_word' id='word_1_343' title='bbox 379 3132 439 3173; x_wconf 80' lang='lat' dir='ltr'><strong>Vel</strong></span> <span class='ocrx_word' id='word_1_344' title='bbox 457 3132 581 3169; x_wconf 76' lang='lat' dir='ltr'><strong>mentis</strong></span> <span class='ocrx_word' id='word_1_345' title='bbox 600 3132 688 3170; x_wconf 77' lang='lat' dir='ltr'><strong>vitto</strong></span> <span class='ocrx_word' id='word_1_346' title='bbox 706 3159 716 3177; x_wconf 91' lang='lat'>‚</span> <span class='ocrx_word' id='word_1_347' title='bbox 746 3143 811 3167; x_wconf 80' lang='lat' dir='ltr'><strong>non</strong></span> <span class='ocrx_word' id='word_1_348' title='bbox 833 3132 941 3170; x_wconf 64' lang='lat' dir='ltr'><strong>anxia</strong></span> <span class='ocrx_word' id='word_1_349' title='bbox 960 3130 1222 3181; x_wconf 72' lang='lat' dir='ltr'><strong>Bellerophontis</strong></span> 
     </span>
     <span class='ocr_line' id='line_1_56' title="bbox 382 3182 683 3227; baseline 0.003 -7"><span class='ocrx_word' id='word_1_350' title='bbox 382 3190 482 3220; x_wconf 85' lang='lat' dir='ltr'><strong>Mens</strong></span> <span class='ocrx_word' id='word_1_351' title='bbox 497 3183 558 3227; x_wconf 78' lang='lat' dir='ltr'><strong>est.</strong></span> <span class='ocrx_word' id='word_1_352' title='bbox 675 3182 683 3185; x_wconf 65' lang='grc'><strong><em>’</em></strong></span> 
     </span>
     <span class='ocr_line' id='line_1_57' title="bbox 314 3235 531 3281; baseline -0.023 -7"><span class='ocrx_word' id='word_1_353' title='bbox 314 3235 484 3281; x_wconf 56' lang='grc' dir='ltr'><strong>,διεινὴῶ</strong></span> <span class='ocrx_word' id='word_1_354' title='bbox 494 3244 531 3270; x_wconf 70' lang='grc' dir='ltr'><strong>Ν,</strong></span> 
     </span>
    </p>
   </div>
   <div class='ocr_carea' id='block_1_8' title="bbox 344 1320 446 1331">
    <p class='ocr_par' dir='ltr' id='par_1_10' title="bbox 344 1320 446 1331">
     <span class='ocr_line' id='line_1_58' title="bbox 344 1320 446 1331; baseline 0 2377"><span class='ocrx_word' id='word_1_355' title='bbox 344 1320 446 1331; x_wconf 95' lang='lat' dir='ltr'><strong> </strong></span> 
     </span>
    </p>
   </div>
   <div class='ocr_carea' id='block_1_9' title="bbox 2287 387 2424 461">
    <p class='ocr_par' dir='ltr' id='par_1_11' title="bbox 2287 387 2424 461">
     <span class='ocr_line' id='line_1_59' title="bbox 2287 387 2424 461; baseline 0 0"><span class='ocrx_word' id='word_1_356' title='bbox 2287 387 2424 461; x_wconf 70' lang='lat' dir='ltr'><strong>Qui-</strong></span> 
     </span>
    </p>
   </div>
   <div class='ocr_carea' id='block_1_10' title="bbox 1386 515 2426 1053">
    <p class='ocr_par' dir='ltr' id='par_1_12' title="bbox 1386 515 2426 874">
     <span class='ocr_line' id='line_1_60' title="bbox 1388 515 2423 572; baseline 0.004 -15"><span class='ocrx_word' id='word_1_357' title='bbox 1388 521 1527 572; x_wconf 50' lang='lat' dir='ltr'><strong>Quique</strong></span> <span class='ocrx_word' id='word_1_358' title='bbox 1546 519 1590 557; x_wconf 76' lang='lat' dir='ltr'><strong>ab</strong></span> <span class='ocrx_word' id='word_1_359' title='bbox 1609 531 1692 571; x_wconf 82' lang='lat' dir='ltr'><strong>equo</strong></span> <span class='ocrx_word' id='word_1_360' title='bbox 1709 525 1864 568; x_wconf 89' lang='lat' dir='ltr'><strong>praeceps</strong></span> <span class='ocrx_word' id='word_1_361' title='bbox 1882 515 1920 555; x_wconf 81' lang='lat' dir='ltr'><strong>in</strong></span> <span class='ocrx_word' id='word_1_362' title='bbox 1943 518 2041 557; x_wconf 74' lang='lat' dir='ltr'><strong>Aleis</strong></span> <span class='ocrx_word' id='word_1_363' title='bbox 2058 519 2184 558; x_wconf 83' lang='lat' dir='ltr'><strong>decidit</strong></span> <span class='ocrx_word' id='word_1_364' title='bbox 2202 522 2301 559; x_wconf 80' lang='lat' dir='ltr'><strong>arvis</strong></span> <span class='ocrx_word' id='word_1_365' title='bbox 2317 549 2326 567; x_wconf 94' lang='lat'>,</span> <span class='ocrx_word' id='word_1_366' title='bbox 2354 524 2423 561; x_wconf 80' lang='lat' dir='ltr'><strong>viri</strong></span> 
     </span>
     <span class='ocr_line' id='line_1_61' title="bbox 1388 569 2424 622; baseline 0.003 -13"><span class='ocrx_word' id='word_1_367' title='bbox 1388 573 1520 609; x_wconf 88' lang='lat' dir='ltr'><strong>eruditi</strong></span> <span class='ocrx_word' id='word_1_368' title='bbox 1540 570 1793 614; x_wconf 84' lang='lat' dir='ltr'><strong>restituerunt,</strong></span> <span class='ocrx_word' id='word_1_369' title='bbox 1823 581 1908 607; x_wconf 91' lang='lat' dir='ltr'><strong>cum</strong></span> <span class='ocrx_word' id='word_1_370' title='bbox 1930 569 2111 619; x_wconf 85' lang='lat' dir='ltr'><strong>inscriptis</strong></span> <span class='ocrx_word' id='word_1_371' title='bbox 2130 573 2262 622; x_wconf 86' lang='lat' dir='ltr'><strong>majori</strong></span> <span class='ocrx_word' id='word_1_372' title='bbox 2286 585 2329 610; x_wconf 85' lang='lat' dir='ltr'><strong>ex</strong></span> <span class='ocrx_word' id='word_1_373' title='bbox 2343 586 2424 622; x_wconf 88' lang='lat' dir='ltr'><strong>par-</strong></span> 
     </span>
     <span class='ocr_line' id='line_1_62' title="bbox 1388 620 2425 670; baseline 0.002 -10"><span class='ocrx_word' id='word_1_374' title='bbox 1388 631 1425 660; x_wconf 90' lang='lat' dir='ltr'><strong>te</strong></span> <span class='ocrx_word' id='word_1_375' title='bbox 1445 622 1541 660; x_wconf 88' lang='lat' dir='ltr'><strong>libris</strong></span> <span class='ocrx_word' id='word_1_376' title='bbox 1558 621 1739 670; x_wconf 85' lang='lat' dir='ltr'><strong>legeretur</strong></span> <span class='ocrx_word' id='word_1_377' title='bbox 1755 647 1766 664; x_wconf 94' lang='lat'><strong>‚</strong></span> <span class='ocrx_word' id='word_1_378' title='bbox 1795 620 1909 657; x_wconf 83' lang='lat' dir='ltr'><strong>aliena</strong></span> <span class='ocrx_word' id='word_1_379' title='bbox 1931 621 1967 657; x_wconf 84' lang='lat' dir='ltr'><strong>in</strong></span> <span class='ocrx_word' id='word_1_380' title='bbox 1985 622 2110 658; x_wconf 77' lang='lat' dir='ltr'><strong>decidit</strong></span> <span class='ocrx_word' id='word_1_381' title='bbox 2122 636 2214 660; x_wconf 81' lang='lat' dir='ltr'><strong>arva</strong></span> <span class='ocrx_word' id='word_1_382' title='bbox 2229 652 2238 668; x_wconf 96' lang='lat'>,</span> <span class='ocrx_word' id='word_1_383' title='bbox 2269 624 2325 662; x_wconf 88' lang='lat' dir='ltr'><strong>vel</strong></span> <span class='ocrx_word' id='word_1_384' title='bbox 2339 626 2425 662; x_wconf 85' lang='lat' dir='ltr'><strong>alie-</strong></span> 
     </span>
     <span class='ocr_line' id='line_1_63' title="bbox 1389 672 2426 720; baseline 0.004 -10"><span class='ocrx_word' id='word_1_385' title='bbox 1389 685 1437 710; x_wconf 87' lang='lat' dir='ltr'><strong>na</strong></span> <span class='ocrx_word' id='word_1_386' title='bbox 1459 672 1580 710; x_wconf 80' lang='lat' dir='ltr'><strong>incidit</strong></span> <span class='ocrx_word' id='word_1_387' title='bbox 1605 679 1711 709; x_wconf 73' lang='lat' dir='ltr'><strong>arva.</strong></span> <span class='ocrx_word' id='word_1_388' title='bbox 1763 672 1920 720; x_wconf 88' lang='lat' dir='ltr'><strong>Repone</strong></span> <span class='ocrx_word' id='word_1_389' title='bbox 1941 699 1952 716; x_wconf 94' lang='lat'>‚</span> <span class='ocrx_word' id='word_1_390' title='bbox 1990 672 2029 708; x_wconf 85' lang='lat' dir='ltr'><strong>in</strong></span> <span class='ocrx_word' id='word_1_391' title='bbox 2052 672 2155 710; x_wconf 86' lang='lat' dir='ltr'><strong>Aleia</strong></span> <span class='ocrx_word' id='word_1_392' title='bbox 2175 675 2300 712; x_wconf 81' lang='lat' dir='ltr'><strong>decidit</strong></span> <span class='ocrx_word' id='word_1_393' title='bbox 2319 688 2426 715; x_wconf 79' lang='lat' dir='ltr'><strong>arva.</strong></span> 
     </span>
     <span class='ocr_line' id='line_1_64' title="bbox 1389 722 2426 768; baseline 0.003 -7"><span class='ocrx_word' id='word_1_394' title='bbox 1389 735 1477 762; x_wconf 86' lang='lat' dir='ltr'><strong>nam</strong></span> <span class='ocrx_word' id='word_1_395' title='bbox 1501 724 1650 761; x_wconf 89' lang='lat' dir='ltr'><strong>Graecis</strong></span> <span class='ocrx_word' id='word_1_396' title='bbox 1681 722 1792 764; x_wconf 70' lang='grc' dir='ltr'><strong><em>ἰιλῆἱα</em></strong></span> <span class='ocrx_word' id='word_1_397' title='bbox 1815 722 1922 760; x_wconf 66' lang='grc' dir='ltr'><em>πεδία</em></span> <span class='ocrx_word' id='word_1_398' title='bbox 1947 722 2027 761; x_wconf 91' lang='lat' dir='ltr'><strong>sunt</strong></span> <span class='ocrx_word' id='word_1_399' title='bbox 2049 751 2060 768; x_wconf 92' lang='lat'><strong>‚</strong></span> <span class='ocrx_word' id='word_1_400' title='bbox 2090 725 2128 761; x_wconf 90' lang='lat'>&amp;</span> <span class='ocrx_word' id='word_1_401' title='bbox 2157 726 2274 762; x_wconf 77' lang='grc' dir='ltr'><em>πεδίον</em></span> <span class='ocrx_word' id='word_1_402' title='bbox 2288 727 2426 768; x_wconf 58' lang='lat' dir='ltr'><strong>dmm.</strong></span> 
     </span>
     <span class='ocr_line' id='line_1_65' title="bbox 1388 774 2426 823; baseline 0.005 -11"><span class='ocrx_word' id='word_1_403' title='bbox 1388 775 1510 812; x_wconf 90' lang='lat' dir='ltr'><strong>Plinio</strong></span> <span class='ocrx_word' id='word_1_404' title='bbox 1538 774 1598 812; x_wconf 90' lang='lat' dir='ltr'><strong>lib.</strong></span> <span class='ocrx_word' id='word_1_405' title='bbox 1618 786 1657 812; x_wconf 90' lang='lat' dir='ltr'><strong>v.</strong></span> <span class='ocrx_word' id='word_1_406' title='bbox 1694 785 1772 821; x_wconf 87' lang='lat' dir='ltr'><strong>cap.</strong></span> <span class='ocrx_word' id='word_1_407' title='bbox 1791 786 1888 811; x_wconf 79' lang='lat' dir='ltr'>xxxx.</span> <span class='ocrx_word' id='word_1_408' title='bbox 1913 774 2023 823; x_wconf 83' lang='lat' dir='ltr'><strong>campi</strong></span> <span class='ocrx_word' id='word_1_409' title='bbox 2045 775 2152 813; x_wconf 84' lang='lat' dir='ltr'><strong>Aleii.</strong></span> <span class='ocrx_word' id='word_1_410' title='bbox 2181 776 2370 816; x_wconf 83' lang='lat' dir='ltr'><strong>Homerus</strong></span> <span class='ocrx_word' id='word_1_411' title='bbox 2391 778 2426 816; x_wconf 82' lang='lat'><strong>1-</strong></span> 
     </span>
     <span class='ocr_line' id='line_1_66' title="bbox 1386 821 2425 874; baseline -0.001 -10"><span class='ocrx_word' id='word_1_412' title='bbox 1386 824 1469 866; x_wconf 86' lang='lat' dir='ltr'><strong>liad.</strong></span> <span class='ocrx_word' id='word_1_413' title='bbox 1495 826 1537 863; x_wconf 93' lang='lat' dir='ltr'><strong>Z.</strong></span> <span class='ocrx_word' id='word_1_414' title='bbox 1563 825 1610 863; x_wconf 88' lang='lat' dir='ltr'><strong>de</strong></span> <span class='ocrx_word' id='word_1_415' title='bbox 1632 824 1938 874; x_wconf 79' lang='lat' dir='ltr'><strong>Bellerophonte:</strong></span> <span class='ocrx_word' id='word_1_416' title='bbox 2422 821 2425 823; x_wconf 63' lang='grc'><strong>’</strong></span> 
     </span>
    </p>

    <p class='ocr_par' dir='ltr' id='par_1_13' title="bbox 1440 882 2243 946">
     <span class='ocr_line' id='line_1_67' title="bbox 1440 882 2243 946; baseline 0 -20"><span class='ocrx_word' id='word_1_417' title='bbox 1440 882 1538 946; x_wconf 54' lang='grc' dir='ltr'><em>Ηζτοι</em></span> <span class='ocrx_word' id='word_1_418' title='bbox 1558 889 1579 926; x_wconf 77' lang='grc' dir='ltr'><strong>δ’</strong></span> <span class='ocrx_word' id='word_1_419' title='bbox 1592 887 1790 927; x_wconf 57' lang='lat' dir='ltr'><strong>naamam</strong></span> <span class='ocrx_word' id='word_1_420' title='bbox 1812 889 1855 926; x_wconf 69' lang='grc' dir='ltr'><strong>τῦ</strong></span> <span class='ocrx_word' id='word_1_421' title='bbox 1874 889 2015 930; x_wconf 73' lang='grc' dir='ltr'><em>Α’λῆϊον</em></span> <span class='ocrx_word' id='word_1_422' title='bbox 2037 887 2101 933; x_wconf 67' lang='grc' dir='ltr'><strong>οἷος</strong></span> <span class='ocrx_word' id='word_1_423' title='bbox 2119 892 2243 930; x_wconf 69' lang='grc' dir='ltr'>ἀλᾶτο</span> 
     </span>
    </p>

    <p class='ocr_par' dir='ltr' id='par_1_14' title="bbox 1392 937 2358 1053">
     <span class='ocr_line' id='line_1_68' title="bbox 1442 937 2358 996; baseline 0.008 -19"><span class='ocrx_word' id='word_1_424' title='bbox 1442 946 1500 996; x_wconf 25' lang='grc' dir='ltr'><strong>Οιν</strong></span> <span class='ocrx_word' id='word_1_425' title='bbox 1520 940 1621 984; x_wconf 71' lang='grc' dir='ltr'>θυμὶυ</span> <span class='ocrx_word' id='word_1_426' title='bbox 1638 937 1796 976; x_wconf 68' lang='grc' dir='ltr'><em>κατέδων</em></span> <span class='ocrx_word' id='word_1_427' title='bbox 1810 966 1821 984; x_wconf 88' lang='grc'><strong>,</strong></span> <span class='ocrx_word' id='word_1_428' title='bbox 1849 942 1969 978; x_wconf 72' lang='grc' dir='ltr'><em>πάτον</em></span> <span class='ocrx_word' id='word_1_429' title='bbox 1979 941 2156 987; x_wconf 70' lang='grc' dir='ltr'><strong>ἀνθρώπων</strong></span> <span class='ocrx_word' id='word_1_430' title='bbox 2179 944 2358 985; x_wconf 75' lang='grc' dir='ltr'><strong><em>ἀλεείνων.</em></strong></span> 
     </span>
     <span class='ocr_line' id='line_1_69' title="bbox 1392 999 1872 1053; baseline -0.013 -11"><span class='ocrx_word' id='word_1_431' title='bbox 1392 1006 1501 1053; x_wconf 92' lang='lat' dir='ltr'><strong>Quae</strong></span> <span class='ocrx_word' id='word_1_432' title='bbox 1522 1001 1655 1039; x_wconf 86' lang='lat' dir='ltr'><strong>Cicero</strong></span> <span class='ocrx_word' id='word_1_433' title='bbox 1674 999 1722 1038; x_wconf 84' lang='lat' dir='ltr'><strong>fic</strong></span> <span class='ocrx_word' id='word_1_434' title='bbox 1744 1000 1872 1037; x_wconf 84' lang='lat' dir='ltr'><strong>vertit:</strong></span> 
     </span>
    </p>
   </div>
   <div class='ocr_carea' id='block_1_11' title="bbox 1395 1063 2314 1115">
    <p class='ocr_par' dir='ltr' id='par_1_15' title="bbox 1395 1063 2314 1115">
     <span class='ocr_line' id='line_1_70' title="bbox 1395 1063 2314 1115; baseline 0.008 -15"><span class='ocrx_word' id='word_1_435' title='bbox 1395 1098 1398 1100; x_wconf 77' lang='grc'>,</span> <span class='ocrx_word' id='word_1_436' title='bbox 1443 1065 1519 1115; x_wconf 69' lang='lat' dir='ltr'><strong>Qi</strong></span> <span class='ocrx_word' id='word_1_437' title='bbox 1538 1063 1639 1113; x_wconf 84' lang='lat' dir='ltr'><strong>miser</strong></span> <span class='ocrx_word' id='word_1_438' title='bbox 1660 1063 1698 1100; x_wconf 84' lang='lat' dir='ltr'><strong>in</strong></span> <span class='ocrx_word' id='word_1_439' title='bbox 1719 1063 1843 1112; x_wconf 83' lang='lat' dir='ltr'><strong>campis</strong></span> <span class='ocrx_word' id='word_1_440' title='bbox 1862 1077 2010 1102; x_wconf 86' lang='lat' dir='ltr'><strong>moerens</strong></span> <span class='ocrx_word' id='word_1_441' title='bbox 2029 1068 2169 1106; x_wconf 86' lang='lat' dir='ltr'><strong>errabat</strong></span> <span class='ocrx_word' id='word_1_442' title='bbox 2189 1069 2314 1115; x_wconf 86' lang='lat' dir='ltr'><strong>Aleis,</strong></span> 
     </span>
    </p>
   </div>
   <div class='ocr_carea' id='block_1_12' title="bbox 1446 1114 2428 1205">
    <p class='ocr_par' dir='ltr' id='par_1_16' title="bbox 1446 1114 2428 1205">
     <span class='ocr_line' id='line_1_71' title="bbox 1446 1114 2428 1170; baseline 0.01 -19"><span class='ocrx_word' id='word_1_443' title='bbox 1446 1123 1515 1166; x_wconf 79' lang='lat' dir='ltr'><strong>Ipse</strong></span> <span class='ocrx_word' id='word_1_444' title='bbox 1545 1116 1653 1165; x_wconf 81' lang='lat' dir='ltr'><strong>suum</strong></span> <span class='ocrx_word' id='word_1_445' title='bbox 1691 1128 1744 1151; x_wconf 86' lang='lat' dir='ltr'><strong>cor</strong></span> <span class='ocrx_word' id='word_1_446' title='bbox 1780 1114 1878 1153; x_wconf 81' lang='lat' dir='ltr'><strong>ede&#39;ns</strong></span> <span class='ocrx_word' id='word_1_447' title='bbox 1903 1143 1914 1161; x_wconf 92' lang='lat'><strong>,</strong></span> <span class='ocrx_word' id='word_1_448' title='bbox 1963 1115 2144 1156; x_wconf 82' lang='lat' dir='ltr'><strong>hominum</strong></span> <span class='ocrx_word' id='word_1_449' title='bbox 2183 1122 2328 1170; x_wconf 79' lang='lat' dir='ltr'><strong>vestigia</strong></span> <span class='ocrx_word' id='word_1_450' title='bbox 2369 1124 2428 1162; x_wconf 74' lang='lat' dir='ltr'><strong>vi·-</strong></span> 
     </span>
     <span class='ocr_line' id='line_1_72' title="bbox 1531 1176 1671 1205; baseline 0.014 -3"><span class='ocrx_word' id='word_1_451' title='bbox 1531 1176 1623 1205; x_wconf 87' lang='lat' dir='ltr'><strong>tans.</strong></span> <span class='ocrx_word' id='word_1_452' title='bbox 1666 1192 1671 1197; x_wconf 86' lang='lat'><em>-</em></span> 
     </span>
    </p>
   </div>
   <div class='ocr_carea' id='block_1_13' title="bbox 1392 1230 2447 1538">
    <p class='ocr_par' dir='ltr' id='par_1_17' title="bbox 1392 1230 2447 1538">
     <span class='ocr_line' id='line_1_73' title="bbox 1392 1230 2430 1288; baseline 0.007 -17"><span class='ocrx_word' id='word_1_453' title='bbox 1392 1232 1470 1271; x_wconf 89' lang='lat' dir='ltr'><strong>Ubi</strong></span> <span class='ocrx_word' id='word_1_454' title='bbox 1492 1231 1611 1269; x_wconf 83' lang='lat' dir='ltr'><strong>alienis</strong></span> <span class='ocrx_word' id='word_1_455' title='bbox 1630 1231 1740 1269; x_wconf 88' lang='lat' dir='ltr'><strong>etiam</strong></span> <span class='ocrx_word' id='word_1_456' title='bbox 1761 1238 1845 1269; x_wconf 88' lang='lat' dir='ltr'><strong>ante</strong></span> <span class='ocrx_word' id='word_1_457' title='bbox 1867 1230 2086 1270; x_wconf 84' lang='lat' dir='ltr'><strong>Beroaldum</strong></span> <span class='ocrx_word' id='word_1_458' title='bbox 2108 1233 2307 1283; x_wconf 86' lang='lat' dir='ltr'><strong>legebatur.</strong></span> <span class='ocrx_word' id='word_1_459' title='bbox 2333 1251 2430 1288; x_wconf 86' lang='lat' dir='ltr'><strong>quo·</strong></span> 
     </span>
     <span class='ocr_line' id='line_1_74' title="bbox 1395 1282 2433 1337; baseline 0.006 -14"><span class='ocrx_word' id='word_1_460' title='bbox 1395 1283 1514 1323; x_wconf 88' lang='lat' dir='ltr'><strong>modo</strong></span> <span class='ocrx_word' id='word_1_461' title='bbox 1536 1284 1572 1320; x_wconf 88' lang='lat'>&amp;</span> <span class='ocrx_word' id='word_1_462' title='bbox 1593 1282 1688 1330; x_wconf 90' lang='lat' dir='ltr'><strong>apud</strong></span> <span class='ocrx_word' id='word_1_463' title='bbox 1710 1282 1902 1331; x_wconf 84' lang='lat' dir='ltr'><strong>Hyginum</strong></span> <span class='ocrx_word' id='word_1_464' title='bbox 1928 1284 2131 1322; x_wconf 88' lang='lat' dir='ltr'><strong>etiamnum</strong></span> <span class='ocrx_word' id='word_1_465' title='bbox 2156 1287 2433 1337; x_wconf 85' lang='lat' dir='ltr'><strong>circumfertur,</strong></span> 
     </span>
     <span class='ocr_line' id='line_1_75' title="bbox 1398 1332 2431 1388; baseline 0.003 -14"><span class='ocrx_word' id='word_1_466' title='bbox 1398 1347 1485 1374; x_wconf 92' lang='lat' dir='ltr'><strong>cum</strong></span> <span class='ocrx_word' id='word_1_467' title='bbox 1504 1333 1730 1372; x_wconf 89' lang='lat' dir='ltr'><strong>scribendum</strong></span> <span class='ocrx_word' id='word_1_468' title='bbox 1755 1332 1795 1370; x_wconf 86' lang='lat' dir='ltr'><strong>sit</strong></span> <span class='ocrx_word' id='word_1_469' title='bbox 1809 1360 1819 1377; x_wconf 87' lang='lat'>,</span> <span class='ocrx_word' id='word_1_470' title='bbox 1846 1333 2072 1370; x_wconf 85' lang='lat' dir='ltr'><strong>Chimaeram</strong></span> <span class='ocrx_word' id='word_1_471' title='bbox 2087 1339 2187 1385; x_wconf 83' lang='lat' dir='ltr'><strong>super</strong></span> <span class='ocrx_word' id='word_1_472' title='bbox 2207 1340 2370 1387; x_wconf 74' lang='lat' dir='ltr'><strong>Pegasum</strong></span> <span class='ocrx_word' id='word_1_473' title='bbox 2374 1342 2431 1388; x_wconf 78' lang='lat' dir='ltr'><strong>se-</strong></span> 
     </span>
     <span class='ocr_line' id='line_1_76' title="bbox 1399 1383 2430 1435; baseline 0.007 -13"><span class='ocrx_word' id='word_1_474' title='bbox 1399 1387 1480 1424; x_wconf 86' lang='lat' dir='ltr'><strong>dens</strong></span> <span class='ocrx_word' id='word_1_475' title='bbox 1500 1385 1671 1431; x_wconf 80' lang='lat' dir='ltr'><strong>interfecit</strong></span> <span class='ocrx_word' id='word_1_476' title='bbox 1685 1412 1695 1428; x_wconf 93' lang='lat'><strong>,</strong></span> <span class='ocrx_word' id='word_1_477' title='bbox 1720 1394 1763 1423; x_wconf 70' lang='lat'><strong>(9¹</strong></span> <span class='ocrx_word' id='word_1_478' title='bbox 1785 1383 1932 1433; x_wconf 82' lang='lat' dir='ltr'><strong>decidiffe</strong></span> <span class='ocrx_word' id='word_1_479' title='bbox 1950 1384 2079 1422; x_wconf 83' lang='lat' dir='ltr'><strong>dicitur</strong></span> <span class='ocrx_word' id='word_1_480' title='bbox 2099 1386 2138 1422; x_wconf 84' lang='lat' dir='ltr'><strong>in</strong></span> <span class='ocrx_word' id='word_1_481' title='bbox 2157 1399 2288 1435; x_wconf 86' lang='lat' dir='ltr'><strong>campos</strong></span> <span class='ocrx_word' id='word_1_482' title='bbox 2303 1390 2430 1432; x_wconf 76' lang='lat' dir='ltr'><strong>Aleios.</strong></span> 
     </span>
     <span class='ocr_line' id='line_1_77' title="bbox 1398 1434 2447 1486; baseline -0.002 -11"><span class='ocrx_word' id='word_1_483' title='bbox 1398 1438 1491 1475; x_wconf 81' lang='lat' dir='ltr'><strong>unde</strong></span> <span class='ocrx_word' id='word_1_484' title='bbox 1507 1436 1614 1473; x_wconf 85' lang='lat' dir='ltr'><strong>etiam</strong></span> <span class='ocrx_word' id='word_1_485' title='bbox 1626 1447 1725 1472; x_wconf 82' lang='lat' dir='ltr'><strong>coxas</strong></span> <span class='ocrx_word' id='word_1_486' title='bbox 1741 1434 1868 1485; x_wconf 72' lang='lat' dir='ltr'><strong>fregtffe</strong></span> <span class='ocrx_word' id='word_1_487' title='bbox 1888 1435 2027 1473; x_wconf 75' lang='lat' dir='ltr'><strong>dicitur.</strong></span> <span class='ocrx_word' id='word_1_488' title='bbox 2055 1436 2112 1473; x_wconf 81' lang='lat' dir='ltr'><strong>vel</strong></span> <span class='ocrx_word' id='word_1_489' title='bbox 2129 1436 2241 1486; x_wconf 72' lang='lat' dir='ltr'><strong>elisisse</strong></span> <span class='ocrx_word' id='word_1_490' title='bbox 2254 1467 2263 1484; x_wconf 85' lang='lat'>‚</span> <span class='ocrx_word' id='word_1_491' title='bbox 2292 1442 2351 1480; x_wconf 91' lang='lat' dir='ltr'><strong>vel</strong></span> <span class='ocrx_word' id='word_1_492' title='bbox 2370 1455 2447 1479; x_wconf 79' lang='lat' dir='ltr'><strong>ex-.</strong></span> 
     </span>
     <span class='ocr_line' id='line_1_78' title="bbox 1398 1485 2326 1538; baseline 0.004 -14"><span class='ocrx_word' id='word_1_493' title='bbox 1398 1487 1523 1538; x_wconf 81' lang='lat' dir='ltr'><strong>cuffiffe.</strong></span> <span class='ocrx_word' id='word_1_494' title='bbox 1549 1498 1625 1524; x_wconf 89' lang='lat' dir='ltr'><strong>non</strong></span> <span class='ocrx_word' id='word_1_495' title='bbox 1647 1499 1747 1524; x_wconf 86' lang='lat' dir='ltr'><strong>coxas</strong></span> <span class='ocrx_word' id='word_1_496' title='bbox 1762 1485 1890 1535; x_wconf 69' lang='lat' dir='ltr'><strong>ejeciffie·</strong></span> <span class='ocrx_word' id='word_1_497' title='bbox 1918 1486 2078 1524; x_wconf 89' lang='lat' dir='ltr'><strong>Tzetzes</strong></span> <span class='ocrx_word' id='word_1_498' title='bbox 2092 1487 2245 1527; x_wconf 86' lang='lat' dir='ltr'><strong>Chiliad.</strong></span> <span class='ocrx_word' id='word_1_499' title='bbox 2268 1502 2326 1531; x_wconf 78' lang='grc' dir='ltr'><strong>ιν.</strong></span> 
     </span>
    </p>
   </div>
   <div class='ocr_carea' id='block_1_14' title="bbox 1357 1558 2436 1775">
    <p class='ocr_par' dir='ltr' id='par_1_18' title="bbox 1357 1558 2436 1775">
     <span class='ocr_line' id='line_1_79' title="bbox 1449 1558 2353 1621; baseline 0.002 -26"><span class='ocrx_word' id='word_1_500' title='bbox 1449 1559 1739 1621; x_wconf 55' lang='grc' dir='ltr'><em>Βξλλερσφόντης</em></span> <span class='ocrx_word' id='word_1_501' title='bbox 1761 1559 1836 1604; x_wconf 66' lang='grc' dir='ltr'><strong>ἤρθη</strong></span> <span class='ocrx_word' id='word_1_502' title='bbox 1855 1560 1896 1597; x_wconf 74' lang='grc' dir='ltr'><strong>δὲ</strong></span> <span class='ocrx_word' id='word_1_503' title='bbox 1918 1558 2153 1615; x_wconf 32' lang='grc' dir='ltr'><strong>πρόςβσῦροινόν</strong></span> <span class='ocrx_word' id='word_1_504' title='bbox 2171 1566 2353 1614; x_wconf 64' lang='grc' dir='ltr'><strong>Πηγάσῳ,</strong></span> 
     </span>
     <span class='ocr_line' id='line_1_80' title="bbox 1448 1611 2282 1658; baseline 0.005 -11"><span class='ocrx_word' id='word_1_505' title='bbox 1448 1612 1588 1655; x_wconf 76' lang='grc' dir='ltr'><em>Ὑςερόν</em></span> <span class='ocrx_word' id='word_1_506' title='bbox 1610 1611 1652 1647; x_wconf 75' lang='grc' dir='ltr'><strong>τὸ</strong></span> <span class='ocrx_word' id='word_1_507' title='bbox 1675 1611 1798 1652; x_wconf 75' lang='grc' dir='ltr'><strong><em>ἀλῆϊον</em></strong></span> <span class='ocrx_word' id='word_1_508' title='bbox 1819 1612 1960 1658; x_wconf 77' lang='grc' dir='ltr'><strong><em>τυφλόν</em></strong></span> <span class='ocrx_word' id='word_1_509' title='bbox 1983 1614 2065 1657; x_wconf 71' lang='grc' dir='ltr'><strong>εἶχε</strong></span> <span class='ocrx_word' id='word_1_510' title='bbox 2083 1612 2143 1647; x_wconf 71' lang='grc' dir='ltr'><strong>τὸν</strong></span> <span class='ocrx_word' id='word_1_511' title='bbox 2163 1613 2282 1658; x_wconf 67' lang='grc' dir='ltr'><strong><em>ἄνδρα.</em></strong></span> 
     </span>
     <span class='ocr_line' id='line_1_81' title="bbox 1357 1675 2436 1726; baseline 0.01 -14"><span class='ocrx_word' id='word_1_512' title='bbox 1357 1700 1362 1708; x_wconf 82' lang='grc'><strong>-</strong></span> <span class='ocrx_word' id='word_1_513' title='bbox 1397 1675 1473 1713; x_wconf 89' lang='lat' dir='ltr'><strong>Ubi</strong></span> <span class='ocrx_word' id='word_1_514' title='bbox 1492 1676 1642 1714; x_wconf 83' lang='lat' dir='ltr'><strong>ridicule</strong></span> <span class='ocrx_word' id='word_1_515' title='bbox 1667 1678 1707 1714; x_wconf 69' lang='grc' dir='ltr'><strong>τῦ</strong></span> <span class='ocrx_word' id='word_1_516' title='bbox 1725 1677 1846 1718; x_wconf 73' lang='grc' dir='ltr'>ἀλήϊον</span> <span class='ocrx_word' id='word_1_517' title='bbox 1855 1677 2004 1726; x_wconf 86' lang='lat' dir='ltr'><strong>inopiam</strong></span> <span class='ocrx_word' id='word_1_518' title='bbox 2016 1684 2173 1716; x_wconf 84' lang='lat' dir='ltr'><strong>vertunt.</strong></span> <span class='ocrx_word' id='word_1_519' title='bbox 2227 1679 2332 1721; x_wconf 84' lang='lat' dir='ltr'><strong>Idem</strong></span> <span class='ocrx_word' id='word_1_520' title='bbox 2345 1684 2436 1723; x_wconf 50' lang='lat' dir='ltr'><strong>Chi*</strong></span> 
     </span>
     <span class='ocr_line' id='line_1_82' title="bbox 1395 1725 2289 1775; baseline 0 -10"><span class='ocrx_word' id='word_1_521' title='bbox 1395 1725 1477 1765; x_wconf 71' lang='lat' dir='ltr'><strong>lifid.</strong></span> <span class='ocrx_word' id='word_1_522' title='bbox 1498 1739 1570 1765; x_wconf 89' lang='lat' dir='ltr'>v11.</span> <span class='ocrx_word' id='word_1_523' title='bbox 1597 1728 1644 1766; x_wconf 90' lang='lat' dir='ltr'><strong>de</strong></span> <span class='ocrx_word' id='word_1_524' title='bbox 1665 1729 1799 1766; x_wconf 88' lang='lat' dir='ltr'><strong>eodem</strong></span> <span class='ocrx_word' id='word_1_525' title='bbox 1824 1726 2130 1775; x_wconf 86' lang='lat' dir='ltr'><strong>Bellerophonte:</strong></span> <span class='ocrx_word' id='word_1_526' title='bbox 2288 1739 2289 1742; x_wconf 51' lang='lat'>¹</span> 
     </span>
    </p>
   </div>
   <div class='ocr_carea' id='block_1_15' title="bbox 1396 1788 2433 2256">
    <p class='ocr_par' dir='ltr' id='par_1_19' title="bbox 1396 1788 2298 1898">
     <span class='ocr_line' id='line_1_83' title="bbox 1443 1788 2298 1840; baseline 0.007 -13"><span class='ocrx_word' id='word_1_527' title='bbox 1443 1793 1477 1827; x_wconf 87' lang='grc' dir='ltr'>Τ</span> <span class='ocrx_word' id='word_1_528' title='bbox 1481 1789 1594 1838; x_wconf 78' lang='grc' dir='ltr'><strong>υφλός</strong></span> <span class='ocrx_word' id='word_1_529' title='bbox 1613 1791 1654 1828; x_wconf 72' lang='grc' dir='ltr'><strong>δὲ</strong></span> <span class='ocrx_word' id='word_1_530' title='bbox 1673 1791 1720 1829; x_wconf 67' lang='grc' dir='ltr'><strong>εἷς</strong></span> <span class='ocrx_word' id='word_1_531' title='bbox 1737 1793 1782 1830; x_wconf 65' lang='lat' dir='ltr'><strong>&#39;rb</strong></span> <span class='ocrx_word' id='word_1_532' title='bbox 1799 1788 1936 1834; x_wconf 70' lang='grc' dir='ltr'>Α’λῆϊον</span> <span class='ocrx_word' id='word_1_533' title='bbox 1957 1791 2102 1829; x_wconf 67' lang='grc' dir='ltr'><em>ἀλᾶται</em></span> <span class='ocrx_word' id='word_1_534' title='bbox 2118 1795 2298 1840; x_wconf 75' lang='grc' dir='ltr'><strong><em>Κιλικίκς.</em></strong></span> 
     </span>
     <span class='ocr_line' id='line_1_84' title="bbox 1396 1858 1569 1898; baseline 0.012 -2"><span class='ocrx_word' id='word_1_535' title='bbox 1396 1858 1435 1896; x_wconf 88' lang='lat'>&amp;</span> <span class='ocrx_word' id='word_1_536' title='bbox 1458 1870 1569 1898; x_wconf 83' lang='lat' dir='ltr'><strong>mox:</strong></span> 
     </span>
    </p>

    <p class='ocr_par' dir='ltr' id='par_1_20' title="bbox 1450 1919 2229 1966">
     <span class='ocr_line' id='line_1_85' title="bbox 1450 1919 2229 1966; baseline 0.003 -10"><span class='ocrx_word' id='word_1_537' title='bbox 1450 1921 1537 1964; x_wconf 81' lang='grc' dir='ltr'>Περῑ</span> <span class='ocrx_word' id='word_1_538' title='bbox 1559 1922 1606 1965; x_wconf 74' lang='grc' dir='ltr'><strong>γὲ</strong></span> <span class='ocrx_word' id='word_1_539' title='bbox 1623 1920 1666 1958; x_wconf 72' lang='grc' dir='ltr'><strong>τὶ)</strong></span> <span class='ocrx_word' id='word_1_540' title='bbox 1687 1921 1823 1960; x_wconf 65' lang='grc' dir='ltr'><em>Α’λῆΐον</em></span> <span class='ocrx_word' id='word_1_541' title='bbox 1847 1919 1966 1962; x_wconf 70' lang='grc' dir='ltr'><strong><em>τόποις</em></strong></span> <span class='ocrx_word' id='word_1_542' title='bbox 1983 1921 2047 1963; x_wconf 71' lang='grc' dir='ltr'><strong>τῆς</strong></span> <span class='ocrx_word' id='word_1_543' title='bbox 2057 1920 2229 1966; x_wconf 63' lang='grc' dir='ltr'><strong>Κιλικίας</strong></span> 
     </span>
    </p>

    <p class='ocr_par' dir='ltr' id='par_1_21' title="bbox 1398 1970 2282 2083">
     <span class='ocr_line' id='line_1_86' title="bbox 1447 1970 2282 2020; baseline 0.007 -14"><span class='ocrx_word' id='word_1_544' title='bbox 1447 1971 1611 2017; x_wconf 77' lang='grc' dir='ltr'>Διέτριβε</span> <span class='ocrx_word' id='word_1_545' title='bbox 1630 1983 1692 2018; x_wconf 73' lang='grc' dir='ltr'><strong>μου</strong></span> <span class='ocrx_word' id='word_1_546' title='bbox 1710 1972 1811 2017; x_wconf 76' lang='grc' dir='ltr'><em>μένος</em></span> <span class='ocrx_word' id='word_1_547' title='bbox 1831 1972 1867 2007; x_wconf 86' lang='grc' dir='ltr'><strong>’έν</strong></span> <span class='ocrx_word' id='word_1_548' title='bbox 1885 1982 1930 2018; x_wconf 74' lang='grc' dir='ltr'><strong>γε</strong></span> <span class='ocrx_word' id='word_1_549' title='bbox 1950 1974 2030 2016; x_wconf 67' lang='grc' dir='ltr'><strong>ταῖς</strong></span> <span class='ocrx_word' id='word_1_550' title='bbox 2049 1970 2214 2020; x_wconf 69' lang='grc' dir='ltr'><em>ἐρημίαις.</em></span> <span class='ocrx_word' id='word_1_551' title='bbox 2233 1974 2282 2012; x_wconf 73' lang='grc' dir='ltr'><strong>ού,</strong></span> 
     </span>
     <span class='ocr_line' id='line_1_87' title="bbox 1398 2032 1622 2083; baseline 0.009 -12"><span class='ocrx_word' id='word_1_552' title='bbox 1398 2032 1622 2083; x_wconf 85' lang='lat' dir='ltr'><strong>Periegetes:</strong></span> 
     </span>
    </p>

    <p class='ocr_par' dir='ltr' id='par_1_22' title="bbox 1398 2097 2433 2256">
     <span class='ocr_line' id='line_1_88' title="bbox 1449 2097 2061 2139; baseline -0.002 -4"><span class='ocrx_word' id='word_1_553' title='bbox 1449 2098 1541 2135; x_wconf 78' lang='grc' dir='ltr'><em>Κεῖθι</em></span> <span class='ocrx_word' id='word_1_554' title='bbox 1559 2097 1600 2134; x_wconf 76' lang='grc' dir='ltr'><strong>δὲ</strong></span> <span class='ocrx_word' id='word_1_555' title='bbox 1622 2098 1684 2136; x_wconf 68' lang='grc' dir='ltr'><strong>καὶ</strong></span> <span class='ocrx_word' id='word_1_556' title='bbox 1707 2098 1827 2136; x_wconf 64' lang='grc' dir='ltr'><em>πεέέαν</em></span> <span class='ocrx_word' id='word_1_557' title='bbox 1850 2099 1891 2135; x_wconf 64' lang='lat' dir='ltr'><strong>ab</strong></span> <span class='ocrx_word' id='word_1_558' title='bbox 1913 2099 2061 2139; x_wconf 77' lang='grc' dir='ltr'><em>Α’λῆϊον,</em></span> 
     </span>
     <span class='ocr_line' id='line_1_89' title="bbox 1399 2158 2433 2207; baseline 0.008 -12"><span class='ocrx_word' id='word_1_559' title='bbox 1399 2159 1475 2196; x_wconf 91' lang='lat' dir='ltr'><strong>Ubi</strong></span> <span class='ocrx_word' id='word_1_560' title='bbox 1504 2160 1541 2195; x_wconf 72' lang='grc' dir='ltr'><strong>δε</strong></span> <span class='ocrx_word' id='word_1_561' title='bbox 1569 2158 1860 2207; x_wconf 82' lang='lat' dir='ltr'><strong>Bellerophontis</strong></span> <span class='ocrx_word' id='word_1_562' title='bbox 1885 2159 2067 2196; x_wconf 88' lang='lat' dir='ltr'><strong>meminit.</strong></span> <span class='ocrx_word' id='word_1_563' title='bbox 2103 2159 2221 2199; x_wconf 90' lang='lat' dir='ltr'><strong>Rufus</strong></span> <span class='ocrx_word' id='word_1_564' title='bbox 2246 2162 2366 2202; x_wconf 84' lang='lat' dir='ltr'><strong>Festus</strong></span> <span class='ocrx_word' id='word_1_565' title='bbox 2394 2165 2433 2203; x_wconf 80' lang='lat' dir='ltr'><strong>in</strong></span> 
     </span>
     <span class='ocr_line' id='line_1_90' title="bbox 1398 2208 1791 2256; baseline 0.003 -11"><span class='ocrx_word' id='word_1_566' title='bbox 1398 2208 1656 2256; x_wconf 84' lang='lat' dir='ltr'><strong>Descriptione</strong></span> <span class='ocrx_word' id='word_1_567' title='bbox 1676 2209 1791 2247; x_wconf 87' lang='lat' dir='ltr'><strong>orbis:</strong></span> 
     </span>
    </p>
   </div>
   <div class='ocr_carea' id='block_1_16' title="bbox 1450 2270 2436 2525">
    <p class='ocr_par' dir='ltr' id='par_1_23' title="bbox 1492 2270 2197 2327">
     <span class='ocr_line' id='line_1_91' title="bbox 1492 2270 2197 2327; baseline 0.007 -19"><span class='ocrx_word' id='word_1_568' title='bbox 1492 2321 1498 2327; x_wconf 26' lang='grc' dir='ltr'>ἱ</span> <span class='ocrx_word' id='word_1_569' title='bbox 1578 2271 1679 2308; x_wconf 86' lang='lat' dir='ltr'><strong>Clari</strong></span> <span class='ocrx_word' id='word_1_570' title='bbox 1695 2271 1763 2318; x_wconf 79' lang='lat' dir='ltr'><strong>post</strong></span> <span class='ocrx_word' id='word_1_571' title='bbox 1783 2270 1912 2309; x_wconf 82' lang='lat' dir='ltr'><strong>ultima</strong></span> <span class='ocrx_word' id='word_1_572' title='bbox 1933 2273 2197 2322; x_wconf 76' lang='lat' dir='ltr'><strong>Bellerophontis</strong></span> 
     </span>
    </p>

    <p class='ocr_par' dir='ltr' id='par_1_24' title="bbox 1450 2322 2162 2370">
     <span class='ocr_line' id='line_1_92' title="bbox 1450 2322 2162 2370; baseline 0.007 -12"><span class='ocrx_word' id='word_1_573' title='bbox 1450 2328 1517 2359; x_wconf 72' lang='lat' dir='ltr'><strong>Hic</strong></span> <span class='ocrx_word' id='word_1_574' title='bbox 1536 2325 1638 2370; x_wconf 71' lang='lat' dir='ltr'><strong>cespes</strong></span> <span class='ocrx_word' id='word_1_575' title='bbox 1655 2322 1724 2358; x_wconf 87' lang='lat' dir='ltr'><strong>late</strong></span> <span class='ocrx_word' id='word_1_576' title='bbox 1739 2322 1896 2370; x_wconf 81' lang='lat' dir='ltr'><strong>producit</strong></span> <span class='ocrx_word' id='word_1_577' title='bbox 1914 2324 2037 2363; x_wconf 70' lang='lat' dir='ltr'><strong>Ateius</strong></span> <span class='ocrx_word' id='word_1_578' title='bbox 2055 2339 2162 2363; x_wconf 78' lang='lat' dir='ltr'><strong>arva.</strong></span> 
     </span>
    </p>

    <p class='ocr_par' dir='ltr' id='par_1_25' title="bbox 1451 2372 2436 2460">
     <span class='ocr_line' id='line_1_93' title="bbox 1451 2372 2436 2430; baseline 0.009 -20"><span class='ocrx_word' id='word_1_579' title='bbox 1451 2372 1691 2430; x_wconf 78' lang='lat' dir='ltr'><strong>Horrescitque</strong></span> <span class='ocrx_word' id='word_1_580' title='bbox 1717 2373 1820 2410; x_wconf 82' lang='lat' dir='ltr'><strong>comis</strong></span> <span class='ocrx_word' id='word_1_581' title='bbox 1849 2387 2028 2413; x_wconf 77' lang='lat' dir='ltr'><strong>nemorum</strong></span> <span class='ocrx_word' id='word_1_582' title='bbox 2050 2403 2060 2420; x_wconf 92' lang='lat'>,</span> <span class='ocrx_word' id='word_1_583' title='bbox 2093 2386 2152 2425; x_wconf 78' lang='lat' dir='ltr'><strong>per</strong></span> <span class='ocrx_word' id='word_1_584' title='bbox 2177 2377 2345 2430; x_wconf 83' lang='lat' dir='ltr'><strong>inhospita</strong></span> <span class='ocrx_word' id='word_1_585' title='bbox 2377 2394 2436 2429; x_wconf 51' lang='lat' dir='ltr'><strong>cuff</strong></span> 
     </span>
     <span class='ocr_line' id='line_1_94' title="bbox 1540 2438 1578 2460; baseline 0.026 -1"><span class='ocrx_word' id='word_1_586' title='bbox 1540 2438 1578 2460; x_wconf 80' lang='lat' dir='ltr'><strong>us</strong></span> 
     </span>
    </p>

    <p class='ocr_par' dir='ltr' id='par_1_26' title="bbox 1451 2438 2255 2525">
     <span class='ocr_line' id='line_1_95' title="bbox 1451 2438 2255 2525; baseline 0.009 -14"><span class='ocrx_word' id='word_1_587' title='bbox 1451 2438 1618 2525; x_wconf 48' lang='lat' dir='ltr'><strong>Aeciuora</strong></span> <span class='ocrx_word' id='word_1_588' title='bbox 1630 2475 1757 2523; x_wconf 84' lang='lat' dir='ltr'><strong>secreto</strong></span> <span class='ocrx_word' id='word_1_589' title='bbox 1777 2475 1895 2513; x_wconf 74' lang='lat' dir='ltr'><strong>vitam</strong></span> <span class='ocrx_word' id='word_1_590' title='bbox 1912 2486 2138 2525; x_wconf 82' lang='lat' dir='ltr'><strong>protraxerat</strong></span> <span class='ocrx_word' id='word_1_591' title='bbox 2154 2492 2255 2518; x_wconf 73' lang='lat' dir='ltr'><strong>arvo.</strong></span> 
     </span>
    </p>
   </div>
   <div class='ocr_carea' id='block_1_17' title="bbox 1406 2543 2440 2598">
    <p class='ocr_par' dir='ltr' id='par_1_27' title="bbox 1406 2543 2440 2598">
     <span class='ocr_line' id='line_1_96' title="bbox 1406 2543 2440 2598; baseline 0.006 -17"><span class='ocrx_word' id='word_1_592' title='bbox 1406 2543 1481 2581; x_wconf 86' lang='lat' dir='ltr'><strong>Ubi</strong></span> <span class='ocrx_word' id='word_1_593' title='bbox 1509 2543 1690 2582; x_wconf 86' lang='lat' dir='ltr'><strong>vetustum</strong></span> <span class='ocrx_word' id='word_1_594' title='bbox 1719 2545 1932 2592; x_wconf 82' lang='lat' dir='ltr'><strong>exemplum</strong></span> <span class='ocrx_word' id='word_1_595' title='bbox 1957 2545 2242 2585; x_wconf 81' lang='lat' dir='ltr'><strong>Ambrosianum</strong></span> <span class='ocrx_word' id='word_1_596' title='bbox 2269 2577 2279 2593; x_wconf 95' lang='lat'>,</span> <span class='ocrx_word' id='word_1_597' title='bbox 2312 2551 2440 2598; x_wconf 74' lang='lat' dir='ltr'><strong>promi-</strong></span> 
     </span>
    </p>
   </div>
   <div class='ocr_carea' id='block_1_18' title="bbox 1397 2596 2443 3045">
    <p class='ocr_par' dir='ltr' id='par_1_28' title="bbox 1400 2596 2440 2693">
     <span class='ocr_line' id='line_1_97' title="bbox 1400 2596 2440 2643; baseline 0.004 -13"><span class='ocrx_word' id='word_1_598' title='bbox 1400 2596 1510 2643; x_wconf 83' lang='lat' dir='ltr'><strong>serat.</strong></span> <span class='ocrx_word' id='word_1_599' title='bbox 1551 2604 1640 2642; x_wconf 88' lang='lat' dir='ltr'><strong>puto</strong></span> <span class='ocrx_word' id='word_1_600' title='bbox 1662 2622 1672 2638; x_wconf 91' lang='lat'><strong>,</strong></span> <span class='ocrx_word' id='word_1_601' title='bbox 1704 2596 1916 2642; x_wconf 82' lang='lat' dir='ltr'><strong>permiserat.</strong></span> <span class='ocrx_word' id='word_1_602' title='bbox 1968 2596 2106 2632; x_wconf 69' lang='lat' dir='ltr'>HEINS.</span> <span class='ocrx_word' id='word_1_603' title='bbox 2145 2596 2291 2637; x_wconf 64' lang='grc' dir='ltr'><em>Ἀλήΐου</em></span> <span class='ocrx_word' id='word_1_604' title='bbox 2319 2600 2440 2638; x_wconf 68' lang='grc' dir='ltr'><em>πεδίου</em></span> 
     </span>
     <span class='ocr_line' id='line_1_98' title="bbox 1408 2645 2301 2693; baseline 0.003 -10"><span class='ocrx_word' id='word_1_605' title='bbox 1408 2646 1636 2683; x_wconf 87' lang='lat' dir='ltr'><strong>meminit&amp;</strong></span> <span class='ocrx_word' id='word_1_606' title='bbox 1658 2645 1799 2683; x_wconf 85' lang='lat' dir='ltr'><strong>Arrian·</strong></span> <span class='ocrx_word' id='word_1_607' title='bbox 1819 2645 1864 2683; x_wconf 91' lang='lat' dir='ltr'><strong>de</strong></span> <span class='ocrx_word' id='word_1_608' title='bbox 1884 2645 2052 2693; x_wconf 84' lang='lat' dir='ltr'><strong>Expedit.</strong></span> <span class='ocrx_word' id='word_1_609' title='bbox 2079 2646 2185 2684; x_wconf 80' lang='lat' dir='ltr'><strong>Alex.</strong></span> <span class='ocrx_word' id='word_1_610' title='bbox 2207 2661 2250 2686; x_wconf 91' lang='lat'><strong>11.</strong></span> <span class='ocrx_word' id='word_1_611' title='bbox 2271 2664 2301 2691; x_wconf 78' lang='grc' dir='ltr'><strong>ς.</strong></span> 
     </span>
    </p>

    <p class='ocr_par' dir='ltr' id='par_1_29' title="bbox 1397 2695 2440 2847">
     <span class='ocr_line' id='line_1_99' title="bbox 1457 2695 2438 2748; baseline 0.003 -15"><span class='ocrx_word' id='word_1_612' title='bbox 1457 2698 1529 2734; x_wconf 72' lang='lat'><strong>260</strong></span> <span class='ocrx_word' id='word_1_613' title='bbox 1569 2696 1689 2732; x_wconf 79' lang='lat' dir='ltr'><strong>Exitio</strong></span> <span class='ocrx_word' id='word_1_614' title='bbox 1717 2695 1862 2744; x_wconf 57' lang='lat' dir='ltr'><strong>satiem]</strong></span> <span class='ocrx_word' id='word_1_615' title='bbox 1901 2697 2011 2733; x_wconf 54' lang='lat' dir='ltr'><strong>Exin}</strong></span> <span class='ocrx_word' id='word_1_616' title='bbox 2040 2696 2151 2746; x_wconf 79' lang='lat' dir='ltr'><strong>caussa</strong></span> <span class='ocrx_word' id='word_1_617' title='bbox 2173 2699 2308 2748; x_wconf 68' lang='lat' dir='ltr'><strong>cxiifim</strong></span> <span class='ocrx_word' id='word_1_618' title='bbox 2326 2706 2438 2748; x_wconf 65' lang='lat' dir='ltr'><strong>penna</strong></span> 
     </span>
     <span class='ocr_line' id='line_1_100' title="bbox 1397 2747 2440 2796; baseline 0.011 -12"><span class='ocrx_word' id='word_1_619' title='bbox 1397 2747 1475 2793; x_wconf 77' lang='lat' dir='ltr'><strong>fuit</strong></span> <span class='ocrx_word' id='word_1_620' title='bbox 1505 2747 1656 2786; x_wconf 86' lang='lat' dir='ltr'><strong>Moreti.</strong></span> <span class='ocrx_word' id='word_1_621' title='bbox 1693 2747 1792 2785; x_wconf 69' lang='lat' dir='ltr'><strong>exitii</strong></span> <span class='ocrx_word' id='word_1_622' title='bbox 1809 2748 1844 2792; x_wconf 88' lang='lat' dir='ltr'><strong>f.</strong></span> <span class='ocrx_word' id='word_1_623' title='bbox 1866 2759 1892 2784; x_wconf 91' lang='lat' dir='ltr'><strong>c.</strong></span> <span class='ocrx_word' id='word_1_624' title='bbox 1906 2753 1938 2793; x_wconf 79' lang='lat' dir='ltr'><strong>s.</strong></span> <span class='ocrx_word' id='word_1_625' title='bbox 1961 2748 2165 2796; x_wconf 67' lang='lat' dir='ltr'><strong>pennafuit</strong></span> <span class='ocrx_word' id='word_1_626' title='bbox 2186 2761 2277 2790; x_wconf 86' lang='lat' dir='ltr'><strong>unus</strong></span> <span class='ocrx_word' id='word_1_627' title='bbox 2309 2753 2440 2796; x_wconf 80' lang='lat' dir='ltr'><strong>Heius.</strong></span> 
     </span>
     <span class='ocr_line' id='line_1_101' title="bbox 1406 2797 2374 2847; baseline 0.001 -13"><span class='ocrx_word' id='word_1_628' title='bbox 1406 2807 1511 2847; x_wconf 80' lang='lat' dir='ltr'><strong>poena</strong></span> <span class='ocrx_word' id='word_1_629' title='bbox 1527 2797 1598 2843; x_wconf 75' lang='lat' dir='ltr'><strong>fuit</strong></span> <span class='ocrx_word' id='word_1_630' title='bbox 1617 2797 1705 2834; x_wconf 81' lang='lat' dir='ltr'><strong>duo.</strong></span> <span class='ocrx_word' id='word_1_631' title='bbox 2372 2821 2374 2823; x_wconf 97' lang='lat'>-</span> 
     </span>
    </p>

    <p class='ocr_par' dir='ltr' id='par_1_30' title="bbox 1410 2846 2443 3045">
     <span class='ocr_line' id='line_1_102' title="bbox 1458 2846 2441 2901; baseline 0.001 -14"><span class='ocrx_word' id='word_1_632' title='bbox 1458 2850 1542 2887; x_wconf 81' lang='lat'>261.</span> <span class='ocrx_word' id='word_1_633' title='bbox 1573 2848 1611 2884; x_wconf 86' lang='lat' dir='ltr'><strong>Id</strong></span> <span class='ocrx_word' id='word_1_634' title='bbox 1632 2847 1723 2897; x_wconf 79' lang='lat' dir='ltr'><strong>quod</strong></span> <span class='ocrx_word' id='word_1_635' title='bbox 1752 2846 2038 2899; x_wconf 67' lang='lat' dir='ltr'><strong>Amyntorides.]</strong></span> <span class='ocrx_word' id='word_1_636' title='bbox 2068 2850 2231 2889; x_wconf 76' lang='lat' dir='ltr'><strong>Phoenix</strong></span> <span class='ocrx_word' id='word_1_637' title='bbox 2251 2853 2441 2901; x_wconf 59' lang='lat' dir='ltr'><strong>Amynto-</strong></span> 
     </span>
     <span class='ocr_line' id='line_1_103' title="bbox 1410 2899 2439 2947; baseline 0.006 -9"><span class='ocrx_word' id='word_1_638' title='bbox 1410 2901 1453 2938; x_wconf 84' lang='lat' dir='ltr'><strong>ris</strong></span> <span class='ocrx_word' id='word_1_639' title='bbox 1471 2899 1583 2943; x_wconf 79' lang='lat' dir='ltr'><strong>filiuS,</strong></span> <span class='ocrx_word' id='word_1_640' title='bbox 1611 2899 1742 2936; x_wconf 86' lang='lat' dir='ltr'><strong>liberos</strong></span> <span class='ocrx_word' id='word_1_641' title='bbox 1764 2900 1844 2936; x_wconf 89' lang='lat' dir='ltr'><strong>suos</strong></span> <span class='ocrx_word' id='word_1_642' title='bbox 1867 2899 2080 2947; x_wconf 82' lang='lat' dir='ltr'><strong>Othryllum</strong></span> <span class='ocrx_word' id='word_1_643' title='bbox 2108 2903 2144 2938; x_wconf 71' lang='lat'><strong>8&lt;</strong></span> <span class='ocrx_word' id='word_1_644' title='bbox 2174 2903 2328 2941; x_wconf 85' lang='lat' dir='ltr'><strong>Dorilan</strong></span> <span class='ocrx_word' id='word_1_645' title='bbox 2351 2906 2439 2944; x_wconf 85' lang='lat' dir='ltr'><strong>falso</strong></span> 
     </span>
     <span class='ocr_line' id='line_1_104' title="bbox 1413 2948 2443 3003; baseline 0.005 -15"><span class='ocrx_word' id='word_1_646' title='bbox 1413 2951 1567 2990; x_wconf 88' lang='lat' dir='ltr'><strong>crimine</strong></span> <span class='ocrx_word' id='word_1_647' title='bbox 1591 2948 1755 2987; x_wconf 85' lang='lat' dir='ltr'><strong>adulterii</strong></span> <span class='ocrx_word' id='word_1_648' title='bbox 1772 2948 1791 2985; x_wconf 74' lang='lat' dir='ltr'><strong>a</strong></span> <span class='ocrx_word' id='word_1_649' title='bbox 1815 2949 2012 2987; x_wconf 82' lang='lat' dir='ltr'><strong>Licollrata</strong></span> <span class='ocrx_word' id='word_1_650' title='bbox 2033 2963 2196 2989; x_wconf 80' lang='lat' dir='ltr'><strong>noverca</strong></span> <span class='ocrx_word' id='word_1_651' title='bbox 2210 2952 2304 3000; x_wconf 86' lang='lat' dir='ltr'><strong>apud</strong></span> <span class='ocrx_word' id='word_1_652' title='bbox 2323 2955 2443 3003; x_wconf 83' lang='lat' dir='ltr'><strong>ipsum</strong></span> 
     </span>
     <span class='ocr_line' id='line_1_105' title="bbox 1413 3001 2443 3045; baseline 0.005 -5"><span class='ocrx_word' id='word_1_653' title='bbox 1413 3001 1596 3040; x_wconf 83' lang='lat' dir='ltr'><strong>accusatos</strong></span> <span class='ocrx_word' id='word_1_654' title='bbox 1616 3001 1851 3043; x_wconf 77' lang='lat' dir='ltr'><strong>excaecavit;</strong></span> <span class='ocrx_word' id='word_1_655' title='bbox 1882 3009 1920 3038; x_wconf 88' lang='lat' dir='ltr'><strong>ut</strong></span> <span class='ocrx_word' id='word_1_656' title='bbox 1938 3009 2058 3038; x_wconf 77' lang='lat' dir='ltr'><strong>autern</strong></span> <span class='ocrx_word' id='word_1_657' title='bbox 2083 3002 2207 3039; x_wconf 83' lang='lat' dir='ltr'><strong>falsum</strong></span> <span class='ocrx_word' id='word_1_658' title='bbox 2230 3003 2366 3043; x_wconf 88' lang='lat' dir='ltr'><strong>crimen</strong></span> <span class='ocrx_word' id='word_1_659' title='bbox 2391 3008 2443 3045; x_wconf 87' lang='lat' dir='ltr'><strong>es-</strong></span> 
     </span>
    </p>
   </div>
   <div class='ocr_carea' id='block_1_19' title="bbox 1412 3046 2443 3142">
    <p class='ocr_par' dir='ltr' id='par_1_31' title="bbox 1412 3046 2443 3142">
     <span class='ocr_line' id='line_1_106' title="bbox 1412 3046 2443 3102; baseline -0.002 -11"><span class='ocrx_word' id='word_1_660' title='bbox 1412 3053 1447 3091; x_wconf 91' lang='lat' dir='ltr'><strong>se</strong></span> <span class='ocrx_word' id='word_1_661' title='bbox 1469 3052 1667 3101; x_wconf 68' lang='lat' dir='ltr'><strong>cognovh,</strong></span> <span class='ocrx_word' id='word_1_662' title='bbox 1695 3062 1779 3098; x_wconf 80' lang='lat' dir='ltr'><strong>prae</strong></span> <span class='ocrx_word' id='word_1_663' title='bbox 1809 3052 1927 3089; x_wconf 87' lang='lat' dir='ltr'><strong>nimio</strong></span> <span class='ocrx_word' id='word_1_664' title='bbox 1960 3051 2088 3090; x_wconf 89' lang='lat' dir='ltr'><strong>dolore</strong></span> <span class='ocrx_word' id='word_1_665' title='bbox 2123 3046 2191 3090; x_wconf 82' lang='lat' dir='ltr'><strong>sibi&#39;</strong></span> <span class='ocrx_word' id='word_1_666' title='bbox 2215 3052 2279 3102; x_wconf 85' lang='lat' dir='ltr'><strong>ipsi</strong></span> <span class='ocrx_word' id='word_1_667' title='bbox 2310 3058 2443 3097; x_wconf 55' lang='lat' dir='ltr'><strong>oculos</strong></span> 
     </span>
     <span class='ocr_line' id='line_1_107' title="bbox 1414 3100 1818 3142; baseline -0.01 0"><span class='ocrx_word' id='word_1_668' title='bbox 1414 3104 1519 3142; x_wconf 88' lang='lat' dir='ltr'><strong>eruit.</strong></span> <span class='ocrx_word' id='word_1_669' title='bbox 1548 3100 1658 3139; x_wconf 88' lang='lat' dir='ltr'><strong>Unde</strong></span> <span class='ocrx_word' id='word_1_670' title='bbox 1674 3101 1818 3139; x_wconf 83' lang='lat' dir='ltr'><strong>Battus:</strong></span> 
     </span>
    </p>
   </div>
   <div class='ocr_carea' id='block_1_20' title="bbox 1449 2283 1549 2292">
    <p class='ocr_par' dir='ltr' id='par_1_32' title="bbox 1449 2283 1549 2292">
     <span class='ocr_line' id='line_1_108' title="bbox 1449 2283 1549 2292; baseline 0 0"><span class='ocrx_word' id='word_1_671' title='bbox 1449 2283 1549 2292; x_wconf 95' lang='lat' dir='ltr'><strong> </strong></span> 
     </span>
    </p>
   </div>
   <div class='ocr_carea' id='block_1_21' title="bbox 1467 3177 2447 3318">
    <p class='ocr_par' dir='ltr' id='par_1_33' title="bbox 1467 3177 2447 3318">
     <span class='ocr_line' id='line_1_109' title="bbox 1467 3177 2312 3227; baseline -0.005 -8"><span class='ocrx_word' id='word_1_672' title='bbox 1467 3179 1610 3219; x_wconf 74' lang='lat' dir='ltr'><strong>Femina</strong></span> <span class='ocrx_word' id='word_1_673' title='bbox 1623 3190 1710 3217; x_wconf 84' lang='lat' dir='ltr'><strong>nata</strong></span> <span class='ocrx_word' id='word_1_674' title='bbox 1728 3179 1861 3216; x_wconf 87' lang='lat' dir='ltr'><strong>malum</strong></span> <span class='ocrx_word' id='word_1_675' title='bbox 1876 3208 1885 3224; x_wconf 93' lang='lat'>‚</span> <span class='ocrx_word' id='word_1_676' title='bbox 1908 3178 2034 3227; x_wconf 77' lang='lat' dir='ltr'><strong>peccati</strong></span> <span class='ocrx_word' id='word_1_677' title='bbox 2044 3177 2180 3222; x_wconf 76' lang='lat' dir='ltr'><strong>semina</strong></span> <span class='ocrx_word' id='word_1_678' title='bbox 2199 3178 2286 3227; x_wconf 81' lang='lat' dir='ltr'><strong>origo</strong></span> <span class='ocrx_word' id='word_1_679' title='bbox 2301 3206 2312 3223; x_wconf 93' lang='lat'>,</span> 
     </span>
     <span class='ocr_line' id='line_1_110' title="bbox 1468 3229 2447 3286; baseline -0.004 -16"><span class='ocrx_word' id='word_1_680' title='bbox 1468 3235 1607 3285; x_wconf 70' lang='lat' dir='ltr'><strong>Femina</strong></span> <span class='ocrx_word' id='word_1_681' title='bbox 1625 3242 1698 3286; x_wconf 70' lang='lat' dir='ltr'><strong>tota</strong></span> <span class='ocrx_word' id='word_1_682' title='bbox 1721 3231 1878 3283; x_wconf 79' lang='lat' dir='ltr'><strong>malum,</strong></span> <span class='ocrx_word' id='word_1_683' title='bbox 1905 3243 1955 3269; x_wconf 76' lang='lat' dir='ltr'><strong>res</strong></span> <span class='ocrx_word' id='word_1_684' title='bbox 1977 3240 2082 3282; x_wconf 71' lang='lat' dir='ltr'><strong>atque</strong></span> <span class='ocrx_word' id='word_1_685' title='bbox 2108 3229 2302 3281; x_wconf 70' lang='lat' dir='ltr'><strong>miserrima</strong></span> <span class='ocrx_word' id='word_1_686' title='bbox 2322 3232 2447 3281; x_wconf 67' lang='lat' dir='ltr'><strong>vitaeg</strong></span> 
     </span>
     <span class='ocr_line' id='line_1_111' title="bbox 2368 3286 2440 3318; baseline -0.056 0"><span class='ocrx_word' id='word_1_687' title='bbox 2368 3286 2440 3318; x_wconf 67' lang='lat' dir='ltr'><strong>No„</strong></span> 
     </span>
    </p>
   </div>
  </div>
 </body>
</html>
