2547 3708
887 123 1051 173 NIC.
1098 119 1433 170 HEINSII
1490 121 1991 176 DEDICATIO.

557 217 719 279 Quando
738 217 814 259 erit
826 247 838 269 ,
864 213 1047 264 immensa
1051 210 1155 264 serie
1172 208 1325 263 laffatus
1343 209 1526 250 honorum

613 274 662 315 In
706 273 848 312 acriam
870 268 1017 308 meritis
1036 276 1080 305 ut
1088 265 1233 316 satiere
1251 262 1354 303 tuis?

557 328 650 384 Sepo
666 327 713 367 zti
732 338 883 366 mecum
904 332 941 362 te
962 321 1065 360 ruris
1086 328 1130 358 ut
1152 316 1315 373 angulus
1333 317 1475 357 abdat?

615 381 757 431 Ruris,
787 378 851 418 ubi
871 374 1025 417 ambitio
1045 387 1118 414 non
1140 371 1252 412 habet
1271 370 1351 411 ulla
1371 371 1504 412 locum.

556 434 704 488 Vofflus
724 443 768 473 ut
785 431 897 472 lateri
917 443 989 469 non
1009 426 1245 468 divellendus
1261 426 1381 465 amico

615 487 793 528 Mulceat
813 483 986 539 alloquiis
998 482 1153 537 pettora
1159 480 1247 533 fida
1254 479 1363 532 suis?
1417 522 1424 529 ‚

559 541 704 594 Voffius
717 571 726 588 ,
755 538 779 579 a
797 540 925 592 prima
943 536 1124 588 nascentis
1143 533 1441 588 origine-mundi

615 595 695 635 Cui
709 594 863 645 senium
881 591 993 644 frisci
1012 589 1189 648 temporis
1207 602 1314 627 omne
1325 596 1448 641 patet.

559 648 641 690 Cui
651 647 756 701 fingi
775 647 815 685 in
835 647 981 700 patrias
986 641 1159 695 feliciter
1174 642 1306 696 obtigit
1325 651 1450 689 artes,

617 700 827 753 Progenies
847 713 981 753 magno
1002 711 1073 736 non
1085 696 1258 751 genitore
1278 695 1413 734 minor.

557 755 632 796 Illa
651 753 779 794 trahet
789 753 921 805 secum
942 751 1096 793 Clarias
1116 749 1354 805 Aganippide
1374 745 1543 798 Cirrha,

616 807 674 848 Et
694 806 846 847 comites
868 806 980 846 ducet
999 804 1099 845 laet-c
1114 814 1188 859 per
1206 817 1305 843 arva
1328 802 1447 843 Deas.

560 862 767 904 Plurimus
785 861 944 915 inceptis
963 859 1104 913 auspex
1124 857 1264 898 ridebit
1281 856 1411 913 Apollo
1424 886 1436 908 ,

615 915 674 955 Et
682 915 819 967 studia
837 914 989 966 afflabit
1008 912 1166 953 numine
1183 911 1307 964 nostra
1313 910 1402 962 suo,

558 970 664 1012 Huic
685 983 828 1025 quoqne
850 983 916 1007 rus
936 967 988 1018 est
1007 981 1100 1006 cura
1121 965 1205 1005 Deo
1222 977 1231 1007 :
1259 963 1369 1004 Deus
1388 964 1460 1018 ipse
1479 961 1671 1004 Pheraeos

608 1024 736 1063 Pavit
755 1025 796 1062 in
807 1021 1028 1061 Haemoniis
1046 1019 1211 1059 vallibus
1228 1029 1317 1060 ante
1328 1032 1477 1073 greges.

544 1072 691 1132 Tes'qua
699 1075 826 1127 simul
843 1075 943 1115 nobis
961 1074 1187 1114 habitabunt
1208 1072 1347 1128 hospita
1366 1082 1496 1122 vates,

618 1131 782 1170 Graecia
798 1143 885 1169 cum
905 1127 1028 1168 Latia
1046 1143 1135 1184 quos
1154 1137 1266 1167 vetus
1287 1126 1378 1167 urbe
1397 1124 1504 1167 tulit.

558 1183 740 1226 Molliter
759 1184 917 1223 exaffae
934 1193 1025 1237 pars
1045 1182 1185 1236 optima
1202 1181 1310 1234 saepe
1327 1181 1404 1220 diei

605 1238 710 1289 .Naso
729 1238 800 1277 tibi
808 1236 923 1288 fallet
942 1246 1130 1290 tempora,
1162 1235 1267 1286 Naso
1284 1234 1394 1276 mihi.

562 1289 668 1343 Naso
688 1305 793 1330 meus
818 1289 934 1345 (quid
951 1291 1052 1329 enim
1071 1299 1250 1330 cantante
1258 1289 1433 1340 sonorius
1452 1288 1513 1330 illo
1526 1287 1572 1337 Ρ)

619 1345 767 1385 Crebra
788 1345 995 1399 voluptatis
1017 1344 1144 1397 cauſja
1164 1344 1343 1383 terendus
1364 1345 1453 1388 erit.

552 1398 766 1440 Maximus
789 1398 928 1454 eloquii
950 1398 1137 1450 constric‘ti
1155 1397 1297 1452 legibus
1315 1398 1447 1437 auli'or
1460 1429 1472 1451 ,

618 1452 729 1492 Seria
738 1450 825 1501 five
837 1463 953 1507 paret
970 1452 1118 1504 peziline
1132 1483 1144 1504 ‚
1161 1454 1251 1501 sive
1260 1451 1377 1503 jocos.

564 1505 646 1562 Qi
672 1506 820 1546 Phoebo
844 1505 1037 1560 Musisque
1046 1506 1136 1558 suos
1153 1505 1367 1561 Venerique
1383 1504 1543 1559 lepores,

621 1559 681 1599 Et
703 1557 880 1608 Charfin
904 1559 1062 1599 cuucft'as
1083 1559 1238 1611 abstulit
1254 1574 1353 1600 unus
1370 1570 1463 1614 opes.

565 1612 645 1668 Ipse
664 1615 808 1669 liquor,
836 1624 973 1653 vatum
993 1627 1063 1668 quo
1076 1614 1230 1667 pedlora
1250 1613 1315 1653 dia
1335 1615 1537 1668 rigantur,

623 1666 793 1707 Parcius
813 1668 883 1707 hac
901 1681 999 1707 vena
1020 1669 1296 1722 pauperiusque
1309 1668 1423 1720 fluit.

565 1715 640 1760 Tot
666 1721 756 1761 licet
775 1722 934 1776 ingeniis
945 1721 1134 1772 foecunda
1147 1721 1343 1776 superbiat
1362 1732 1489 1772 aetas3

621 1774 664 1813 Si
683 1789 759 1831 qua
764 1775 888 1827 fides,
917 1774 1022 1815 nulla
1036 1774 1128 1829 plus
1136 1775 1213 1824 fibi
1232 1775 1343 1815 laude
1359 1774 1498 1829 placet.

567 1826 686 1868 Illam
706 1843 795 1882 ego,
824 1829 969 1879 detersa
986 1829 1136 1883 rugosae
1143 1829 1255 1881 fhrde
1265 1830 1464 1881 senec‘lae,

619 1881 815 1933 Infamam
837 1881 890 1929 {5²
906 1882 1056 1936 populos
1075 1882 1350 1933 &sua-saecla
1363 1884 1458 1931 fero,

569 1933 698 1987 Ecce,
728 1934 983 1976 voluminibus
1004 1946 1064 1976 ter
1087 1937 1254 1992 quinque
1264 1937 1444 1987 sonantia
1452 1936 1603 1988 formas

624 1989 815 2029 Carmina
832 2000 1023 2041 mutatas,
1050 1990 1151 2045 quod
1167 1991 1239 2030 tibi
1246 1991 1292 2041 se
1312 1990 1379 2030 dat
1396 2001 1485 2045 opus
1497 2021 1509 2043 ,

569 2040 626 2083 Ut
637 2043 784 2093 faciem
806 2054 933 2098 cepere
953 2058 1090 2083 novam
1101 2043 1279 2100 squalore
1289 2045 1427 2098 fiaegato
1440 2076 1452 2097 ‚

631 2097 736 2136 Pars
758 2098 977 2153 argumenti
996 2101 1169 2138 carmina
1176 2099 1289 2149 fasta
1299 2099 1387 2149 sui!

567 2149 654 2190 Hoc
670 2161 784 2205 pater
801 2166 842 2190 in
870 2151 1013 2191 virides
1032 2162 1231 2192 revocatus
1246 2151 1389 2204 Iafhnis
1407 2166 1550 2206 annos,

623 2203 980 2260 Amphitryoniades
999 2204 1065 2245 hoc
1088 2204 1214 2246 Iolaus
1232 2216 1327 2245 erat.

571 2256 772 2309 Anguibus
785 2289 795 2308 ‚
823 2260 984 2299 exuvias
989 2259 1048 2309 fic
1065 2274 1152 2300 cum
1163 2262 1318 2313 posuere
1325 2259 1466 2311 seniles
1477 2291 1492 2312 ,

626 2311 688 2349 Sic
713 2313 877 2351 maribus
899 2315 1022 2352 cervis
1031 2314 1123 2364 sera
1134 2314 1304 2367 juventa
1323 2313 1437 2354 redit.

569 2361 693 2402 Nunc
714 2364 786 2404 tibi
793 2366 838 2416 se
856 2367 1016 2405 tradunt
1032 2369 1150 2420 operis
1163 2367 1367 2421 praeludia
1375 2366 1495 2420 justi,

627 2416 878 2459 Pertexenda
896 2419 994 2459 mihi
1009 2433 1105 2475 quae
1126 2430 1196 2460 tua
1213 2420 1310 2462 villa
1327 2421 1446 2461 dabit.

572 2468 680 2510 Cum
700 2486 844 2512 vacuus
863 2473 964 2512 curis
983 2475 1134 2512 animus
1151 2474 1316 2528 liberque
1328 2475 1493 2529 suusque

628 2523 686 2564 Te
697 2525 775 2572 fibi
792 2528 1028 2581 praesentem
1043 2537 1172 2566 cernet
1185 2527 1304 2621 adeqqſje
1323 2527 1468 2568 Deum.

573 2575 802 2631 Conspetlas
823 2578 918 2619 mihi
933 2581 1068 2635 quippe
1089 2591 1179 2620 tuus
1201 2582 1239 2621 P
1269 2582 1472 2634 oebumque
1483 2578 1691 2633 faventem

628 2630 734 2671 Cum
755 2632 868 2673 latice
893 2635 1012 2673 Aonio
1031 2632 1308 2690 Pegasidasque
1317 2636 1436 2687 feret.

573 2683 682 2725 Haec
704 2685 815 2726 aliud
822 2697 984 2742 pereant
1002 2697 1047 2726 ut
1065 2690 1262 2742 agentibus
1277 2690 1354 2730 otia
1372 2688 1498 2741 nobis,

632 2738 797 2780 Publica
816 2741 890 2780 vix
913 2741 1015 2781 tanti
1023 2736 1161 2782 'debuit
1180 2742 1249 2796 effe
1257 2743 1380 2793 salus,

574 2791 742 2842 Patria,
765 2795 814 2833 da
831 2796 996 2834 veniam.
1027 2796 1127 2849 quod
1140 2810 1213 2836 non
1232 2795 1320 2837 licet
1338 2796 1407 2851 ff?
1428 2798 1569 2850 beatis,

629 2844 742 2886 Dum
757 2849 901 2901 premit
920 2848 1076 2900 affiduos
1094 2864 1158 2889 nos
1174 2861 1243 2891 tua
1258 2866 1374 2904 cura,
1403 2865 1554 2907 queror.

576 2896 684 2939 Haec
714 2901 756 2940 in
771 2903 969 2956 procindlu
986 2903 1198 2944 meditabar
1217 2906 1390 2946 carmina
1408 2906 1561 2959 moesto,

634 2952 774 2993 Carior
796 2955 815 2992 ὃ
834 2956 918 2995 vita
936 2954 1211 3012 luminibusque
1232 2959 1341 3000 mihi.

581 3003 730 3057 Rursus
748 3006 1011 3062 nyperboreae
1018 3008 1128 3058 fidus
1139 3011 1305 3065 glaciale
1317 3014 1387 3064 sub
1411 3011 1469 3054 Ur
1486 3028 1531 3054 ae

636 3059 684 3097 In
701 3059 839 3101 Getica
847 3062 977 3112 sedem
986 3063 1110 3117 figere
1132 3065 1261 3119 mtſjus
1281 3066 1410 3107 humo.

576 3108 650 3152 Me
671 3112 761 3153 licet
779 3115 918 3165 insanis
936 3116 1184 3170 Aquilonibus
1199 3119 1373 3161 horridus
1394 3121 1526 3162 aether
1540 3152 1551 3172 ‚

632 3164 707 3205 Me
725 3169 840 3217 nive,
869 3183 930 3209 me
950 3171 1069 3212 cruda
1084 3173 1275 3226 grandine
1285 3174 1412 3229 pulset
1434 3175 1591 3230 hyems:

577 3217 794 3273 Inconcuffa
802 3222 909 3273 feret
927 3225 1074 3265 nimbos¹
1087 3227 1258 3268 brumale
1274 3229 1439 3283 rigentes

632 3271 750 3316 Mens
768 3274 942 3327 desiderii
951 3277 1068 3334 plena
1084 3279 1204 3322 calore
1220 3283 1294 3323 tui.

1118 3333 1153 3375 F
1284 3336 1303 3377 Ι
1436 3337 1488 3380 N
1612 3339 1633 3381 I

1756 3343 1804 3389 S.
