2547 3708
2528 106 2536 131 i!

363 151 456 201 142
887 130 1951 189 DEDICATIONESaT

1167 261 1685 320 EIUSDEM
2438 246 2537 276 ΨΜ

1220 355 1277 401 In
1303 354 1631 413 Halieuticon,
2530 361 2532 363 ’

964 439 1520 495 {LIHSTRISSIMO
1582 443 1868 501 ABEATI,

489 538 1752 615 J<>ANNIHAPTISTAE
1833 534 2349 590 ALssaNQ

497 671 709 718 Ifficilior
736 669 865 726 sane,
902 683 954 713 ac
977 664 1256 713 fruffcuosior
1290 662 1532 727 provincia
1564 662 1657 720 est,
1693 679 1829 726 quam
1867 662 2036 727 vulgus
2067 663 2323 723 existimat,
2356 665 2477 727 ejus,

516 739 594 799 qui
629 738 676 782 in
717 748 925 782 veterum
969 731 1211 778 auctorum
1256 729 1572 775 monumentis
1607 730 1854 792 purgandis
1878 762 1892 787 ,
1937 729 2011 775 sed
2046 744 2140 774 non
2177 728 2267 775 fine
2301 729 2491 790 summo,
2532 750 2547 781 ,iz

360 803 533 865 gloriae
577 800 818 864 splendore
842 833 858 858 ,
907 812 1046 844 omne
1089 796 1219 842 suum
1265 794 1465 841 studium
1501 809 1552 839 ac
1599 793 1885 857 diligentiam
1932 793 2135 840 collocat
2162 811 2171 840 :
2216 794 2359 840 modo
2403 795 2478 841 ali-
2537 806 2547 878 i

358 853 471 928 ¹quid
496 866 818 929 aggrediatur,
852 879 904 910 ac
929 861 1152 923 praestet,
1188 860 1315 923 quod
1336 861 1478 923 Reip.
1504 859 1747 905 litterariae
1772 858 1965 906 interfit.
2036 859 2182 920 quue
2204 859 2378 906 duabus
2399 876 2481 922 po·
2533 861 2542 905 l·

359 931 576 979 tissimum
602 929 854 977 rationibus
875 926 1056 974 efficere
1082 927 1249 991 potest.
1318 925 1529 985 Qiarum
1555 924 1696 970 altera
1715 924 1805 971 est:
1844 924 1877 971 fi
1899 927 1995 986 ejus
2019 925 2198 987 operis,
2232 925 2357 988 quod
2378 925 2493 974 illu-1
2533 934 2536 984 j

360 996 498 1043 strare
525 995 724 1057 studeat,
760 993 959 1058 priscum
983 992 1168 1056 aliquod
1193 991 1430 1054 exemplar
1453 989 1607 1035 metus
1640 988 1730 1047 est,
1765 992 1897 1052 cujus
1931 1005 2021 1053 ope
2052 1004 2190 1052 atque
2213 990 2385 1036 auxilio
2412 991 2499 1038 ni-·-

360 1078 445 1108 xus
462 1097 477 1120 ,
513 1062 616 1107 loca
638 1061 815 1124 aliquot
831 1093 846 1118 ,
883 1058 914 1104 fi
941 1059 1089 1104 minus
1115 1058 1298 1114 omnia,
1323 1071 1436 1119 quae
1457 1055 1504 1100 in
1528 1070 1584 1099 eo
1605 1055 1829 1117 temporis
1854 1055 1971 1101 vitio
1995 1054 2239 1118 depravata
2260 1054 2390 1114 sunt,
2416 1055 2481 1101 fe-

360 1127 514 1172 liciter
547 1127 789 1184 emendet,
823 1138 960 1187 atque
994 1124 1041 1168 in
1075 1123 1311 1185 integrum
1348 1119 1571 1166 restituat.
1644 1119 1802 1165 Altera
1830 1136 1968 1166 vero:
2009 1119 2040 1165 fi
2071 1119 2269 1182 eiusdem
2306 1121 2482 1185 generis
2534 1176 2536 1181 ,

361 1192 499 1252 libri,
534 1192 560 1237 a
583 1208 676 1255 quo
711 1190 894 1236 mendas
917 1189 1093 1235 auferre
1119 1199 1346 1243 conetur,
1381 1184 1619 1247 exemplar
1643 1183 1867 1247 scriptum
1895 1185 2074 1231 nullum
2103 1186 2333 1248 repperit,
2369 1196 2480 1232 con-

355 1255 546 1319 jecturis
578 1260 675 1320 ejus
707 1251 1276 1302 vulneribus‘medicinam
1310 1250 1462 1296 faciat.
1534 1249 1608 1295 Ex
1645 1249 1714 1295 his
1739 1250 2011 1296 emendandi
2047 1251 2302 1296 rationibus
2337 1251 2483 1298 tutior
2535 1259 2537 1262 ’

361 1313 671 1381 οωτιὶηο,”ὅζ
700 1322 848 1366 minus
872 1318 1017 1365 audax
1042 1318 1170 1380 prior
1195 1317 1289 1370 est.,
1330 1315 1629 1378 Qamquam
1657 1314 1792 1378 fiquis
1817 1314 1908 1374 est,
1944 1316 2023 1379 qui
2050 1317 2097 1362 in
2117 1329 2312 1379 utraque
2333 1332 2381 1362 re
2405 1315 2482 1368 ali÷

360 1385 471 1449 quid
487 1420 502 1444 ,
538 1385 662 1449 quod
686 1384 933 1432 doctorum
960 1384 1206 1430 hominum
1228 1381 1412 1429 auribus
1438 1380 1633 1444 dignum
1660 1379 1743 1438 fit,
1766 1381 2013 1440 moliatur,
2036 1382 2070 1428 is
2095 1379 2280 1428 summis
2306 1381 2353 1427 &
2377 1397 2483 1447 prof

361 1467 419 1514 pe
438 1450 606 1498 divinis
634 1450 840 1497 laudibus
867 1447 1133 1496 afficiendus
1165 1447 1245 1494 est.
1315 1446 1464 1509 Cujus
1490 1446 1671 1509 generis
1698 1446 1909 1493 homines
1937 1447 1984 1492 δί
2011 1460 2195 1509 patrum
2222 1446 2482 1494 nostrorum
2536 1451 2537 1467 ¹

362 1517 584 1562 memoria
608 1516 743 1562 multi
765 1515 1107 1573 excelluerunt,
1144 1513 1192 1559 &
1220 1514 1304 1559 hac
1329 1510 1481 1557 nostra
1503 1523 1651 1557 aetate
1674 1511 1826 1558 multo
1850 1511 2002 1574 plures
2023 1511 2261 1558 excellunt
2276 1545 2290 1569 ,
2327 1524 2380 1558 ut
2397 1511 2483 1558 Vi-
2536 1522 2537 1526 ’

360 1581 563 1640 (storius,
602 1582 845 1640 Muretus,
882 1578 1435 1642 Sigonius,Ciacconus,
1472 1577 1913 1635 Statius,Urfinus,
1951 1577 2185 1641 Scaliger,
2219 1576 2307 1622 alii.
2345 1575 2483 1637 Qo-

362 1662 465 1693 rum
502 1645 592 1709 ego
629 1644 834 1691 insistens
872 1645 1105 1707 vestigiis,
1139 1644 1189 1689 in
1223 1644 1408 1690 OV1D11
1446 1642 1828 1700 HALIEUTICO,
1862 1658 2002 1705 opere
2038 1659 2146 1688 cum
2180 1641 2232 1688 ad
2259 1642 2484 1689 Latinum

360 1711 615 1757 sermonem
633 1744 647 1768 ,
682 1723 783 1757 tum
806 1711 859 1756 ad
888 1711 1080 1773 piscium
1103 1721 1283 1754 naturas
1308 1721 1445 1771 atque
1467 1707 1650 1771 ingenia
1672 1706 1995 1771 cognoscenda
2020 1706 2150 1753 valde
2175 1706 2307 1764 utili,
2330 1707 2489 1754 emen-⁵

361 1775 512 1822 dando
536 1788 672 1838 atque
697 1774 966 1821 illustrando
994 1791 1089 1821 non
1116 1789 1308 1836 parvum
1336 1771 1535 1818 studium
1562 1770 1722 1835 posui,
1757 1774 2012 1835 veterisque
2037 1771 2338 1835 exemplaris,
2359 1771 2485 1835 quod

361 1841 540 1888 nullum
568 1853 695 1887 extat
720 1840 945 1887 hodierno
967 1839 1067 1898 die,
1102 1855 1193 1901 ope
1224 1837 1495 1896 destitutus,
1532 1837 1804 1900 conquisitis
1829 1851 1982 1884 tamen
2009 1837 2332 1900 praestantium
2360 1838 2494 1898 viro-'3

364 1923 495 1966 rum,
531 1907 611 1968 qui
651 1906 700 1951 in
731 1905 899 1952 talibus
930 1905 1064 1952 rebus
1100 1905 1274 1950 summa
1300 1919 1407 1949 cum
1443 1901 1575 1949 laude
1608 1902 1770 1949 versati
1806 1902 1943 1960 sunt,
1979 1902 2288 1966 conjecturis,
2323 1902 2495 1965 quibua

361 1971 569 2034 quasdam
606 1986 725 2016 meas
757 1970 935 2030 addidi,
971 1986 1106 2034 quam
1139 1969 1395 2015 maximum
1432 1969 1597 2031 potui,
1633 1968 1858 2014 auxilium
1891 1969 2042 2014 attuli.
2113 1968 2322 2031 Adjunxi
2358 1961 2499 2031 prae-if

363 2049 485 2083 terea
508 2035 795 2095 Aristotelis,
828 2035 1096 2094 Plutarchi,
1133 2033 1362 2092 AEliani,
1401 2033 1640 2095 Oppiani,
1674 2032 1842 2091 Plinii,
1877 2032 2193 2094 aliorumque,
2230 2035 2307 2094 qui
2335 2033 2391 2078 de
2415 2035 2504 2095 pia,

361 2100 509 2148 scibus
533 2101 679 2147 multa
704 2103 841 2147 etiam
867 2099 1210 2164 diligentiffime
1231 2099 1396 2145 litteris
1419 2096 1779 2160 consignarunt,
1795 2099 2014 2145 nonnulla
2040 2095 2346 2160 loca,quibus
2372 2111 2495 2158 quaet

365 2166 414 2211 in
445 2167 535 2211 hoc
559 2165 688 2210 valde
713 2165 910 2212 lacerato
939 2164 1164 2228 opusculo
1187 2163 1321 2222 sunt,
1357 2164 1431 2210 vel
1461 2164 1642 2226 optime
1668 2162 1964 2209 illustrantur.
2021 2163 2176 2219 Quem
2209 2162 2409 2208 laborem
2432 2178 2496 2218 aci

366 2229 596 2287 studium,
630 2229 740 2275 licet
765 2229 931 2288 serius,
967 2247 1102 2292 quam
1128 2228 1417 2275 decreveram
1435 2261 1450 2284 ,
1487 2227 1575 2274 tibi
1600 2225 1819 2284 offeram,
1856 2226 1888 2272 fi
1916 2241 2026 2287 tuo,
2063 2230 2132 2272 vir
2154 2226 2408 2274 doetiffime
2431 2243 2491 2274 aci

366 2293 666 2351 nobiliffime,
702 2293 798 2339 finu
825 2297 1026 2358 excipies
1042 2330 1057 2354 ,
1093 2311 1144 2340 ac
1170 2292 1375 2357 fovebis,
1398 2307 1591 2355 magnos
1615 2291 1857 2338 industriae
1879 2308 1930 2338 ac
1954 2293 2221 2355 diligentiae
2246 2308 2369 2338 meae
2391 2292 2496 2340 fru-··

366 2358 465 2406 &tus
490 2360 694 2421 capiam,
730 2359 938 2422 tibique,
975 2361 1053 2422 qui
1090 2359 1264 2405 summa
1289 2358 1337 2403 in
1373 2372 1446 2403 me
1480 2355 1707 2403 beneficia
1737 2357 2006 2417 contulisti,
2043 2357 2073 2404 fi
2101 2375 2194 2405 non
2220 2373 2293 2416 re,
2327 2357 2493 2404 saltem*

365 2424 603 2470 voluntate
626 2439 705 2487 par
725 2424 847 2485 pari,
882 2436 961 2470 tua
982 2424 1188 2486 inprimis
1210 2422 1354 2468 fretus
1378 2421 1689 2478 humanitate,
1723 2422 1921 2468 retulisse
1942 2423 2148 2469 videbor.
2217 2422 2363 2477 Quod
2387 2420 2413 2468 a
2437 2435 2508 2478 tet,

366 2488 518 2534 statim
547 2504 619 2533 me
643 2489 886 2550 impetrare
909 2488 1033 2548 posse
1059 2504 1154 2534 non
1175 2485 1367 2542 diffido,
1403 2503 1510 2533 cum
1535 2488 1714 2532 innatae
1739 2487 2016 2551 integritatis
2040 2501 2169 2546 tuae,
2205 2488 2494 2548 morumque?
2546 2495 2547 2499 ’

367 2552 626 2611 suavitatis,
660 2565 796 2616 atque
828 2553 967 2598 animi
1000 2552 1254 2599 altitudinis
1287 2551 1505 2597 recordor
1526 2585 1542 2609 ,
1576 2567 1665 2614 qua
1700 2567 1795 2597 non
1834 2569 1906 2598 mc
1939 2552 2115 2612 solum,
2147 2553 2248 2612 sed,
2282 2566 2397 2615 quot
2432 2546 2488 2599 iffi
2535 2558 2547 2619 ᾖ

367 2616 500 2664 Urbe
523 2618 716 2674 vivunt,
751 2619 874 2663 viros
899 2616 1161 2682 ingeniosos
1180 2617 1273 2679 jam
1302 2615 1389 2662 tibi
1413 2611 1464 2662 ⁸in
1488 2629 1766 2679 perpetuum
1802 2617 2062 2665 devinxisti.
2134 2618 2282 2676 Vale,
2318 2630 2487 2680 meque·
2540 2622 2547 2680 ἣ

366 2682 415 2727 in
439 2695 626 2728 tuorum
645 2716 660 2741 ,
695 2682 775 2745 qui
797 2683 882 2729 tibi
906 2684 1114 2729 omnium
1141 2679 1340 2727 fidiffimi
1364 2692 1498 2744 atque
1523 2680 1807 2730 addiffiffimi
1831 2683 1961 2746 sunt,
1983 2700 2176 2732 numero
2198 2683 2363 2731 habere
2383 2694 2490 2728 noni
2535 2681 2547 2740 ῖς

365 2745 626 2811 dedignare.
660 2748 845 2795 Romae
867 2764 975 2796 vm.
1002 2748 1071 2796 Id.
1099 2749 1227 2797 Sext.
1251 2762 1372 2794 M.D.
1390 2762 1540 2794 Lxxx.
2436 2808 2439 2811 y
2466 2756 2490 2786 >t
2536 2741 2543 2800 J
