2547 3708
946 109 1170 174 1⁴3

1263 108 1382 175 ‘1'
1477 108 1564 177 3.

402 224 477 281 Di
501 220 685 278 melius
713 258 728 283 ,
766 237 995 294 quorum
1021 221 1182 291 longe
1207 222 1335 277 mihi
1360 223 1620 279 maximus
1645 224 1732 280 ille
1755 225 1860 292 est,

478 297 588 369 Qui
615 293 811 348 nostras
848 295 1032 366 inopes
1056 292 1226 349 noluit
1251 295 1354 350 effe
1383 297 1506 351 vias.

263 388 324 443 25
404 370 555 425 Huic
580 369 744 439 igitur
771 369 984 422 meritas
1010 381 1214 438 grateS,
1253 381 1547 441 utcumque
1569 369 1778 435 licebit,

478 443 587 497 Pro
610 455 718 494 tam
742 441 1015 495 mansueto
1043 440 1262 512 peerore
1287 442 1492 514 semper
1514 460 1684 516 agam.

112 662 165 692 tes
179 681 188 697 ‚
217 665 312 703 quae
333 652 472 701 septem
492 658 616 693 erant,
645 661 690 687 ex
711 648 886 689 libertinis
907 652 1149 700 conscriptas,

111 706 198 743 dato
220 717 265 742 ex
286 704 449 752 Equestri
467 701 595 739 ordine
610 700 801 738 Praefeem
817 729 827 745 ,
848 702 968 740 scribit
991 703 1068 740 Dio
1088 703 1150 742 lib.

113 767 173 794 ιν.
201 755 295 792 Item
321 755 446 791 Strabo
474 753 534 790 lib.
554 763 590 789 v,
616 752 784 800 Plerique
814 761 938 790 tamen
960 754 1149 792 libertino·

112 817 192 843 rum
217 805 427 854 hujusmodi
456 803 626 840 militiam
643 830 652 845 ,
681 814 775 851 quae
796 804 944 850 gravior
965 814 1062 849 erat,
1086 805 1149 842 de-

109 856 331 897 treeiabanu
361 865 519 904 quorum
534 854 811 891 alliciendorum
840 856 963 899 causa,
994 856 1150 901 Latinis,

114 908 178 955 qui
199 907 256 944 sex
278 907 377 942 annis
405 905 442 942 in
471 905 626 941 cohorte
648 904 818 952 vigilum
835 906 1043 944 militaffent
1059 936 1070 952 ‚
1091 908 1150 956 jus

116 957 314 1006 Quiritium
345 967 410 1003 pro
443 956 610 1003 praemio
633 982 643 1000 ‚
679 955 823 993 Visellia
853 957 954 1005 lege,
985 958 1151 1006 proposi-

111 1017 190 1046 tum
212 1006 270 1044 est.
298 1006 422 1043 Postea
443 1016 558 1049 ver0,
588 1018 673 1044 cum
701 1007 845 1055 longius
876 1007 1038 1046 sexennii
1055 1018 1151 1047 tem·

109 1069 174 1107 pus
195 1057 457 1095 existimaretur
474 1085 485 1100 ,
526 1056 846 1095 Senatusconsulto
874 1058 919 1096 ad
946 1060 1146 1099 triennium

110 1107 299 1146 redut‘ium
334 1106 381 1144 est
403 1135 413 1152 ,
456 1108 776 1155 quemadmodum
813 1110 935 1147 retulit
964 1111 1146 1159 Ulpianus

112 1158 264 1196 Institut.
293 1159 349 1196 tit.
379 1170 410 1206 3.
449 1158 556 1196 Haec
576 1166 698 1197 autem
731 1160 895 1197 maxime
915 1163 1146 1201 conveniunt

111 1209 291 1258 Hygino,
319 1209 382 1258 qui
411 1210 502 1246 mihi
525 1209 668 1247 videtur
696 1210 739 1247 ab
763 1210 907 1248 Ovidio
938 1212 1148 1262 perstringi;

108 1258 288 1308 fiquidem
310 1260 426 1307 ipsum
451 1260 604 1308 Augusti
625 1259 727 1298 fuiffe
750 1261 921 1300 libertum
953 1263 1151 1302 Suetonius

109 1310 282 1369 prodidit.
309 1311 379 1349 Sed
399 1319 437 1349 ut
460 1311 520 1348 ista
542 1312 621 1349 sunt
643 1313 680 1349 in
711 1312 923 1362 conje&ura
943 1313 1082 1361 posita,
1111 1317 1150 1353 &

111 1372 133 1398 a
153 1372 215 1399 me
237 1361 473 1409 investigandi
505 1372 647 1400 tantum
668 1390 678 1407 ,
707 1375 785 1401 non
816 1364 927 1401 etiam
946 1365 1150 1405 affirmandi

108 1414 223 1460 gratia
244 1413 425 1462 propofita
441 1440 450 1457 ,
478 1414 525 1450 ita
548 1414 661 1452 velim
685 1412 706 1452 a
734 1413 949 1453 Lec'toribus
969 1419 1084 1466 accipi
1110 1419 1148 1456 &

108 1464 218 1512 aequi
239 1464 402 1512 bonique
424 1463 572 1503 consuli.
611 1465 715 1503 Plura
739 1466 785 1503 de
804 1467 1063 1505 incendiorum
1086 1480 1151 1507 cu·-

109 1524 147 1551 ra
169 1515 206 1550 &
226 1514 469 1552 instrumentis
489 1516 535 1554 ad
564 1528 605 1554 ea
633 1517 884 1565 restinguenda
906 1520 1148 1567 comparatis,

109 1562 288 1602 Barnabas
308 1564 503 1604 Brifl'onius
532 1567 596 1604 lib.
617 1578 662 1604 11.
689 1579 764 1615 cap.
789 1567 823 1607 8.
859 1568 1081 1608 seldenum
1102 1583 1148 1609 ex

109 1614 186 1662 jure
207 1615 316 1654 Civili
337 1618 611 1666 antiquitatum.
638 1619 837 1656 SALVAGNL

161 1675 222 1702 20.
252 1667 309 1703 Ab
333 1669 406 1716 igne
432 1667 561 1717 petin]
612 1669 706 1705 Tulit
737 1670 852 1716 Jureti
880 1669 999 1709 codex
1025 1674 1148 1718 :ferre

106 1716 270 1765 praedam
292 1719 450 1767 elegans.
477 1718 621 1756 Hnms.
658 1720 810 1768 Elegans
832 1730 929 1759 certe
944 1749 953 1764 ,
980 1721 1037 1760 sed
1061 1725 1146 1762 huic

109 1766 196 1805 loco
216 1781 292 1806 non
312 1770 563 1807 conveniens:
588 1782 664 1808 non
686 1773 785 1808 enim
810 1772 889 1809 voti
909 1785 1066 1822 compos
1080 1775 1147 1812 ibis

109 1819 229 1856 adhuc
251 1829 327 1858 erat
347 1848 357 1864 ,
394 1820 452 1858 sed
479 1830 611 1870 pugnat
636 1830 781 1860 tantum
815 1824 852 1860 &
874 1824 1004 1861 nititur
1032 1826 1146 1869 ferre,

109 1870 278 1907 nondum
297 1872 371 1918 fert
385 1873 553 1920 praedam
573 1900 583 1916 ,
619 1881 660 1910 ut
681 1873 819 1928 Jupiter
850 1886 893 1911 11.
916 1876 1074 1914 Metam.
1092 1876 1147 1918 ills.

116 1916 201 1968 873.
222 1930 331 1968 petere
352 1934 442 1959 vero
470 1924 637 1973 praedam
667 1935 744 1961 non
772 1925 893 1963 minus
916 1925 1071 1974 elegans.
1098 1926 1147 1965 fic

112 1968 175 2006 lib.
197 1981 220 2006 1.
253 1972 345 2007 Met.
369 1980 452 2020 534.
489 1974 542 2012 hic
567 1974 735 2022 praedam
755 1975 897 2022 pedibus
922 1977 1011 2025 petit
1042 2005 1053 2022 ,
1093 1978 1151 2016 ille

104 2019 274 2067 salutem.
303 2019 468 2058 Tibqu.
487 2034 515 2058 1.
538 2033 595 2070 34.

164 2087 219 2119 De
240 2076 364 2131 magno
378 2086 510 2132 praeda
528 2086 673 2132 petenda
688 2099 785 2133 grege
806 2087 861 2130 est.

112 2156 207 2194 quae
218 2159 308 2184 vero
329 2147 374 2185 de
394 2147 696 2198 Ibide,Vigilum
717 2148 930 2185 cohortibus
949 2150 1152 2185 adscriben-

117 2199 167 2234 do
181 2199 363 2247 ,conjiciti
376 2198 584 2247 Salvagnius
597 2227 608 2244 ,
635 2200 791 2237 minime
810 2199 889 2236 sunt
908 2197 1126 2236 verosimilia
1140 2227 1150 2243 ,

111 2258 197 2286 cum
227 2248 369 2286 locutio
391 2249 431 2287 fit
459 2250 698 2288 solummodo
729 2250 992 2296 metaphorica.
1013 2250 1151 2297 subitas

113 2298 318 2347 exstinguere
332 2298 520 2349 flammas;
544 2301 592 2338 est
621 2302 720 2338 enim
736 2328 747 2345 ‚
776 2300 878 2338 malis
899 2300 1150 2346 inexspecstatis

113 2360 306 2392 occurrere
325 2352 364 2388 &
386 2352 591 2392 remedium
613 2352 718 2391 ferre.
752 2352 801 2391 ita
822 2350 918 2401 apud
937 2350 1065 2390 Silium
1088 2351 1148 2391 lib.

114 2412 143 2438 1.
164 2399 250 2449 651.
280 2402 470 2453 nascentem
488 2403 904 2454 exstinguite'flammam.
931 2404 981 2441 ita
1006 2404 1145 2442 dietum

111 2451 201 2490 illud
219 2453 398 2493 Catilinae
410 2483 421 2500 ,
438 2457 637 2493 incendium
649 2456 757 2503 fisum
767 2455 1007 2501 restinflarum
1027 2456 1145 2493 ruina.

113 2501 168 2546 Ita
189 2504 343 2549 justinus
366 2507 402 2543 ὃ(
422 2506 480 2544 alii
511 2507 649 2555 paflim.
677 2506 765 2544 dicit
786 2517 874 2555 ergo
890 2533 900 2550 ,
928 2505 1030 2543 illum
1044 2533 1055 2549 ,
1080 2507 1144 2554 qui

114 2554 223 2592 amici
250 2556 511 2595 calamitatibus
537 2557 684 2596 deberet
711 2568 823 2605 opem
846 2557 939 2594 ferre
959 2584 968 2599 ‚
1011 2568 1056 2594 ex
1082 2557 1149 2594 illis

113 2602 176 2658 sibi
213 2606 382 2652 praedam
411 2617 562 2655 petere;
605 2619 840 2656 corrumpere
880 2608 981 2644 enirn
1022 2607 1146 2645 absen-

116 2659 160 2689 tis
181 2654 218 2691 ὅ(
240 2657 358 2695 miseri
388 2671 566 2704 uxorem,
595 2660 632 2696 &
660 2659 756 2695 bona
785 2669 909 2705 rapere
939 2657 1146 2703 nitebatur,

116 2710 159 2739 ut
185 2715 221 2740 in
248 2709 423 2746 incendiis
445 2710 538 2747 fures
564 2709 729 2758 rapiendi
746 2708 980 2746 occasionem
1001 2718 1144 2757 captare

117 2752 246 2790 solent.
271 2757 336 2794 alia
354 2760 493 2797 ratione
505 2761 595 2798 dixit
615 2761 770 2797 Terent.
792 2760 884 2796 Eun.
898 2771 959 2797 111.
980 2760 1032 2802 §Os
1052 2769 1087 2797 2.
1115 2764 1145 2796 E

108 2801 266 2860 flamma
291 2807 400 2844 cibum
422 2820 530 2859 petere
557 2811 601 2848 de
633 2822 709 2860 quo
731 2810 810 2848 satis
842 2809 965 2847 multis
992 2819 1144 2859 egerunt

118 2856 187 2910 viri
206 2856 318 2895 doeh:
345 2870 435 2896 unus
464 2861 581 2898 codex
609 2863 646 2898 ὃς
675 2863 790 2909 prima
819 2860 936 2898 editio
963 2862 1144 2899 habebant

117 2914 252 2950 etiarn,
279 2907 323 2943 ab
343 2909 417 2956 igne
438 2911 538 2958 rapit.
563 2920 602 2949 ut
625 2912 792 2960 praedam
819 2920 932 2957 rapere
950 2911 1039 2949 dixit
1065 2913 1143 2949 Ha-

116 2955 219 3012 licut.
237 2958 290 2998 iss.
310 2970 368 3007 33.
394 2959 455 2997 sed
484 2962 568 3009 quia
588 2972 702 3011 raptor
729 2962 911 3011 praecedit
931 2990 942 3007 ‚
974 2962 1061 3012 petit
1089 2974 1145 3001 re-

118 3013 234 3046 tineo.
263 3009 393 3047 BuuM.

168 3070 228 3097 21.
257 3061 420 3109 Profugere
443 3061 632 3110 senefiam]
687 3063 785 3100 Mihi
808 3062 828 3100 {1
857 3064 966 3111 patria
995 3063 1116 3112 ejed'io
1133 3092 1144 3109 ‚

115 3118 178 3156 qui
200 3122 236 3147 in
267 3114 438 3149 extremis
468 3125 572 3150 meae
602 3113 698 3150 vitae
718 3114 818 3150 annis
841 3141 851 3158 ,
881 3114 976 3152 unde
998 3115 1146 3160 vivam,

117 3169 196 3197 non
217 3161 383 3201 habeam.
412 3163 580 3201 CIOFAN.

171 3222 231 3249 22.
253 3219 331 3249 Heu
369 3225 499 3262 quanto
527 3214 570 3259 est
602 3213 719 3260 nostris
747 3213 880 3262 dignior
914 3215 971 3251 ille
1001 3215 1146 3266 malis.]

119 3265 208 3299 Hem
227 3274 402 3314 quantum
430 3265 505 3303 Ms.
523 3265 618 3303 forte
645 3265 843 3315 legendum
862 3293 874 3312 ,
899 3265 977 3303 hem
995 3277 1148 3315 quanm

2132 519 2247 574 Auo

1204 659 1246 688 ut
1263 652 1304 689 sit
1324 653 1556 702 indignantis.
1581 655 1785 694 Bssasmw.
1812 657 1958 704 Quanto
1969 655 2088 703 nostris
2107 655 2245 704 dignior

1204 701 1262 759 iste
1278 703 1384 759 malis
1400 705 1519 752 scripti
1543 707 1727 745 meliores.
1756 707 1902 744 Hiems.
1930 707 1997 755 Ise
2016 708 2130 745 editio
2154 707 2239 744 Do-

1205 757 1311 793 mitii.
1333 765 1508 803 quantum
1531 756 1640 794 etiam
1664 759 1740 796 duo
1761 758 1869 806 Regii
1888 770 1932 795 co
1963 760 2043 796 ices.

1257 817 1317 854 23.
1346 808 1506 854 Qorum
1527 807 1619 856 longe
1642 809 1730 845 mihi
1748 810 1923 845 maximus
1938 808 1993 845 ille
2006 809 2047 855 est
2062 837 2071 852 ,
2085 807 2159 856 {Qi
2181 820 2241 843 no-

1199 855 1291 902 stras
1310 857 1418 905 inopes
1439 857 1549 895 noluit
1568 858 1624 906 effe
1644 859 1759 906 vias.]
1793 861 1965 906 Imperite
1980 860 2242 906 exponithune

1206 907 1332 945 locum
1353 907 1523 946 Zarottus
1539 936 1548 951 ,
1578 910 1640 957 qui
1666 911 1929 947 Germanicum
1955 909 2144 958 significari
2168 909 2241 945 ait:

1207 959 1306 996 reete
1325 967 1449 996 autem
1473 959 1707 1006 Camerinus,
1734 962 1798 1008 qui
1823 961 2026 1008 Augustum
2049 959 2240 1007 intelligia

1208 1008 1241 1046 Is
1264 1011 1364 1047 enim
1382 1010 1564 1059 Augustus
1584 1015 1719 1059 poetae
1747 1012 1844 1049 bona
1871 1023 1951 1048 non
1980 1010 2130 1048 ademit.
2158 1009 2241 1047 Lib.

1206 1072 1251 1098 11.
1279 1060 1389 1099 Trist.

1254 1126 1393 1174 Insuper
1410 1126 1575 1163 accedant
1589 1155 1599 1171 ‚
1628 1136 1660 1163 te
1681 1140 1747 1163 non
1772 1127 1966 1171 adimente,
1992 1134 2176 1174 paternae,

1306 1181 1505 1228 Tamquam
1529 1178 1609 1215 vita
1625 1186 1755 1227 parum
1775 1179 1926 1216 muneris
1945 1177 2040 1227 efflet,
2066 1187 2149 1227 opes.

1204 1238 1253 1277 Et
1269 1240 1329 1278 lib.
1350 1242 1388 1279 &
1410 1242 1511 1292 Eleg.
1533 1255 1586 1281 1v.

1258 1311 1365 1362 quue
1384 1317 1479 1349 Deus
1498 1312 1606 1362 sentit
1622 1340 1632 1358 ‚
1655 1321 1716 1362 pro
1737 1325 1802 1362 quo
1823 1324 1881 1349 nec
1903 1313 2021 1351 lumen
2040 1311 2246 1361 ademptum,

1307 1364 1487 1452 Νεσεζφῑπῖὴὶ
1507 1414 1680 1453 ἅετναῑὶαε
1698 1413 1831 1464 poffidet
1852 1414 1945 1452 alter
1965 1423 2046 1464 opes.

1204 1474 1252 1514 Et
1271 1477 1374 1527 Eleg.
1396 1490 1467 1515 xri.
1488 1477 1548 1515 lib.
1572 1489 1608 1515 v.

1257 1548 1329 1579 Nec
1351 1542 1470 1579 vitam
1483 1570 1493 1586 ‚
1522 1555 1581 1579 nec
1593 1552 1663 1593 opes
1676 1570 1686 1587 ‚
1714 1555 1771 1580 nec
1781 1543 1841 1592 jus
1860 1538 1949 1579 mihi
1969 1538 2054 1577 civis
2072 1537 2218 1575 ademit.

1205 1604 1252 1642 Et
1271 1604 1332 1642 lib.
1355 1617 1382 1641 1.
1409 1604 1455 1642 de
1476 1604 1599 1642 Ponto
1623 1604 1726 1652 Eleg.
1751 1615 1842 1641 vm.

1253 1676 1327 1707 Nec
1346 1670 1464 1707 vitam
1476 1697 1488 1715 ,
1517 1684 1575 1708 nec
1596 1679 1666 1720 opes
1681 1696 1691 1713 ,
1720 1681 1778 1706 nec
1797 1668 1933 1706 ademit
1951 1667 2032 1717 poffe
2051 1665 2192 1704 reverti.

1202 1734 1372 1773 Cxofm.
1399 1735 1582 1784 Augustus
1602 1735 1800 1778 nimirum,
1831 1736 1889 1771 cui
1911 1734 2000 1771 vivo
2019 1735 2056 1771 δε
2078 1733 2245 1785 praesen-

1201 1786 1253 1829 ti,
1283 1794 1323 1824 ut
1342 1787 1518 1824 Horatius
1548 1787 1712 1836 loquitur
1735 1813 1746 1829 ‚
1775 1784 1893 1823 divini
1911 1785 2071 1822 honores
2091 1784 2241 1829 tributi,

1203 1837 1380 1885 cujusque
1400 1837 1525 1874 Genio
1542 1865 1552 1881 ‚
1567 1839 1604 1875 in
1621 1837 1792 1883 compitis
1813 1836 1913 1873 culto
1928 1862 1939 1880 ,
1957 1834 2169 1873 Sacerdotes
2196 1846 2243 1872 ex

1202 1887 1376 1925 libertinis
1395 1887 1495 1932 dati,
1523 1887 1735 1937 Augustales
1756 1886 2035 1936 appellabantur.
2080 1886 2177 1922 Nam
2200 1886 2240 1922 δε

1204 1946 1346 1985 patrum
1387 1939 1571 1976 memoria
1612 1938 1789 1975 Narbone
1826 1945 1964 1983 reperta
1996 1935 2043 1972 est
2074 1945 2132 1971 ara
2164 1935 2240 1971 Gen

1202 1990 1268 2025 nio
1291 1989 1442 2035 Augusti
1473 1989 1693 2025 consecrata.
1732 1988 1924 2032 Perperam
1949 1985 2119 2022 Zarottus
2139 1985 2240 2022 hunc

1205 2038 1337 2073 Ovidii
1366 2038 1492 2073 locum
1524 2037 1568 2073 ad
1593 2036 1858 2072 Germanicum
1879 2035 2011 2071 retulit.
2039 2034 2248 2072 SALVAGN..

1207 2087 1265 2132 Est
1284 2098 1361 2123 non
1382 2086 1515 2123 habent
1540 2087 1681 2132 primae
1707 2085 1886 2121 editiones
1906 2111 1917 2127 ‚
1945 2096 2014 2121 nec
2035 2084 2153 2132 scripti
2175 2096 2239 2122 co·

1207 2136 1318 2170 dices.

1255 2195 1312 2229 24.
1347 2190 1455 2229 Inopes
1473 2183 1584 2221 noluit
1603 2183 1660 2233 effe
1683 2183 1799 2234 vias]
1853 2190 1932 2222 Non
1956 2181 2045 2234 finit
2065 2184 2120 2234 effe
2143 2184 2249 2224 Peli-⁷

1205 2234 1293 2273 tiani
1314 2235 1351 2272 &
1372 2236 1472 2273 alius.

1257 2305 1316 2345 25'.
1345 2298 1434 2333 Huic
1461 2297 1568 2345 igitur
1597 2298 1738 2336 meritas
1762 2297 1912 2347 grates]
1967 2299 2162 2348 Virgilium
2198 2304 2237 2341 ni

1203 2347 1309 2387 fallet
1332 2348 1584 2394 adumbravit,
1612 2350 1708 2397 apud
1729 2361 1842 2398 quem
1866 2350 2021 2399 Tityrus
2044 2351 2180 2398 Ecloga
2204 2363 2237 2391 1.

1201 2400 1236 2438 se
1258 2399 1444 2448 obstringit
1463 2399 1543 2436 fore
1560 2426 1569 2443 ,
1593 2408 1631 2437 ut
1650 2411 1840 2448 nunquam
1865 2401 2018 2448 Augusti
2038 2402 2249 2440 beneficio-2»

1203 2462 1284 2488 rum
1306 2449 1534 2488 obliviscatur
1557 2478 1567 2494 ,
1602 2462 1714 2498 quem
1743 2452 1869 2488 Deum
1897 2451 2074 2500 appellat,
2103 2454 2238 2499 cuique

1204 2501 1308 2549 saepe
1327 2502 1422 2539 sacra
1449 2500 1630 2540 fafiurum
1660 2501 1695 2539 se
1714 2501 1920 2551 pollicetur.
1964 2503 2022 2540 Sic
2041 2503 2142 2539 enim
2166 2503 2240 2540 Ti-

1205 2559 1323 2602 tyrus:

1256 2622 1285 2652 Ο
1310 2614 1492 2659 Meliboee,
1520 2621 1615 2653 Deus
1634 2616 1728 2654 nobis
1755 2616 1836 2653 haec
1855 2617 1925 2654 otia
1942 2617 2046 2660 fecit,

1256 2673 1422 2716 Namque
1437 2668 1501 2704 erit
1523 2667 1581 2703 ille
1598 2666 1686 2703 mihi
1700 2666 1829 2714 semper
1850 2674 1941 2704 Deus
1956 2696 1966 2712 ,
1992 2667 2088 2704 illias
2105 2682 2215 2707 aram.

1254 2723 1355 2766 Saepe
1372 2728 1468 2753 tener
1485 2717 1604 2765 nostris
1625 2717 1668 2754 ab
1689 2718 1837 2756 ovilibus
1855 2718 1986 2757 imbuet
2004 2731 2124 2767 agnus.

1201 2780 1249 2819 Et
1268 2780 1378 2829 paulo
1398 2779 1496 2827 post:

1249 2850 1371 2897 Qam
1393 2847 1500 2894 nostro
1520 2846 1613 2885 illias
1633 2846 1778 2885 labatur
1794 2850 1920 2897 pefiore
1937 2848 2073 2888 vultus.

1200 2914 1397 2952 Caeterum
1431 2925 1525 2963 quae
1558 2913 1599 2951 sit
1625 2913 1945 2953 differentia-inter
1961 2914 2097 2962 gratias
2115 2920 2243 2962 agere,

1200 2966 1239 3002 &
1256 2966 1391 3011 gratias
1411 2967 1556 3008 referre,
1584 2964 1784 3002 ostenditur
1813 2977 1858 3002 ex
1889 2966 1943 3002 his
1966 2966 2086 3002 Planci
2106 2967 2149 3003 ad
2174 2967 2236 3002 Ci-

1201 3027 1376 3053 ceronem
1398 3016 1507 3063 Epist.
1528 3027 1580 3052 xx.
1599 3014 1658 3052 lib.
1680 3027 1735 3052 io.
1763 3015 1978 3053 Immortales
1995 3029 2054 3063 ago
2073 3016 2137 3052 tibi
2151 3029 2234 3062 gra·

1202 3067 1271 3103 tias
1285 3092 1294 3107 ‚
1313 3078 1482 3116 agamque
1500 3065 1585 3101 dum
1600 3066 1728 3102 vivam
1744 3093 1754 3109 ,
1782 3079 1865 3101 nam
1879 3067 2072 3102 relatarum
2104 3079 2155 3100 me
2177 3067 2237 3111 af-'

1194 3116 1342 3163 firmare
1363 3129 1429 3152 non
1446 3116 1595 3163 poffum;
1623 3117 1735 3152 tantis
1753 3118 1844 3152 enim
1866 3118 1935 3153 tais
1957 3116 2068 3164 officiis
2087 3128 2153 3151 non
2173 3116 2233 3152 vi·

1201 3168 1279 3204 deor
1304 3166 1392 3203 mihi
1409 3167 1599 3213 respondere
1616 3167 1716 3215 posset
1747 3165 1934 3215 nififorte,
1956 3178 1994 3201 ut
2015 3178 2055 3201 tu
2073 3165 2234 3214 gravissi-

1206 3231 1258 3256 me
1279 3216 1550 3267 disertiffimeque
1563 3216 1719 3265 scripfisti
1738 3245 1748 3261 ,
1785 3217 1838 3254 ita
1859 3219 2017 3264 sensuras
2037 3229 2068 3251 es
2082 3244 2093 3260 ,
2118 3225 2157 3252 ut
2180 3231 2235 3255 me

1206 3270 1330 3316 refirre
1343 3269 1496 3319 gratiam
1511 3278 1629 3318 putem
1640 3294 1653 3314 ,
1680 3280 1757 3306 cam
1774 3267 1939 3306 memoria
1958 3267 2085 3306 tenebo.
2137 3266 2234 3306 Item

2194 3331 2250 3360 CX
