2547 3708
369 170 466 214 ’,τη
894 144 1960 209 ΒΕΒΙΟΑΤῙΟΝΕὸΕΤ

364 251 566 315 integras
603 250 801 316 pagellas
835 249 1200 314 consumpserint
1231 248 1285 296 ad
1316 250 1432 313 opus
1463 245 1774 313 gravissimum
1805 265 1816 294 z
1863 247 1997 294 novit
2032 247 2126 292 hoc
2160 246 2239 310 qui
2272 244 2485 298 Critice'xssi·
2521 261 2524 266 ·

362 315 586 364 suboluit.
655 318 775 380 Cepi
811 318 959 381 igitur
1000 316 1154 361 stilum
1189 314 1358 362 libens:
1395 329 1479 360 nec
1501 328 1552 358 ea
1572 312 1696 358 mole
1716 311 1953 357 absterrita
1977 324 2091 358 tunc
2112 310 2188 356 illa
2207 323 2325 358 aetas
2337 333 2353 369 3
2388 308 2479 361 'utlss

363 397 470 429 nam
498 383 661 442 Ordo,
696 397 831 444 quem
863 381 984 428 sacra
1017 381 1174 444 potius
1208 396 1345 443 quam
1380 377 1573 444 profana
1602 375 1907 422 addecebant!
1946 377 1981 422 is
2015 375 2062 420 in
2095 375 2269 435 caussa,
2303 390 2357 423 ut
2391 377 2479 426 fere

359 447 456 558 Lam
478 447 595 494 bene
619 446 834 510 disposita
854 446 908 493 ad
930 463 1008 493 vi.
1034 445 1204 491 Libros
1228 444 1495 508 Anaptyxi,
1531 440 1603 487 sed
1625 440 1776 486 adhuc
1803 441 1849 488 ἐκ
1872 429 2200 505 muniminis-40,
2217 441 2398 488 triennii
2421 443 2479 502 la}
2545 487 2547 489 .

399 515 498 559 ores
522 514 572 559 in
593 513 733 559 musei
755 511 976 576 angulum
1001 510 1276 574 abjecerim,
1312 510 1384 556 sed
1411 504 1622 556 dissuasus
1647 504 1673 551 a
1694 506 1802 552 viris
1819 506 1985 569 judicii
2010 509 2206 565 maturi,
2230 506 2279 552 δεῖ
2303 506 2358 552 ad
2381 507 2478 554 vul*

361 577 541 640 gandos
571 576 684 624 serio
711 577 950 635 hortatus,
985 576 1130 639 relegi
1156 576 1322 622 iterum
1352 573 1580 638 opellam,
1617 571 1664 617 &
1689 571 1900 617 ultimam
1927 587 2111 618 manum
2139 571 2335 636 imposui
2359 586 2475 620 anno
2526 599 2527 602 =

359 643 484 690 vitae
515 658 640 689 meae
663 658 778 689 xxr.
813 641 1022 688 Audiffet
1057 656 1109 686 ea
1139 638 1330 687 fortassis
1363 653 1494 685 antea
1530 650 1610 683 tua
1628 635 1802 701 judicia
1837 637 1969 696 (haec
1993 636 2022 682 ὃ
2045 649 2174 700 grata
2195 637 2311 683 mihi
2337 636 2488 686 indies>
2530 638 2534 659 ³

361 708 631 763 eVeniantl)
665 708 713 755 ni
747 706 1082 770 impedimento
1119 704 1300 752 fuiffent
1322 705 1446 765 Juris
1480 701 1717 764 utriusque
1755 700 1928 757 studia,
1966 700 2015 748 &
2049 717 2160 765 quae
2195 712 2355 765 parum
2382 717 2477 763 non

360 771 548 832 obfuit,
584 771 741 820 multis
774 771 944 819 abhinc
975 770 1102 817 annis
1137 768 1318 818 adversa
1349 768 1608 815 &inimica
1630 766 1872 812 valetudo:
1911 766 1959 812 &
1982 781 2087 812 vere
2111 767 2251 826 haee,
2288 767 2336 815 &
2361 774 2478 815 aetas

357 844 474 900 quae
498 839 588 899 jam
615 854 698 885 nos
727 836 782 883 ad
804 839 978 902 majora
1002 833 1226 896 vocabat,
1260 835 1360 899 egit
1384 847 1436 881 ut
1463 833 1594 896 operi
1616 831 1812 895 amplius
1837 847 1930 877 non
1953 831 2226 888 insudarim3
2264 830 2391 896 quod
2423 831 2498 891 li-„
2527 835 2547 896 552

355 902 459 960 ina,
497 901 530 948 fi
567 903 677 967 quid
714 902 882 961 video,
917 901 1285 964 adhucvegebat:
1321 915 1376 946 eo
1403 911 1585 956 tamen,
1619 910 1673 942 ut
1697 909 1749 943 ut
1772 896 1866 955 est,
1900 895 2051 942 fruere
2072 896 2180 943 serie
2205 898 2253 943 ὃς
2278 895 2477 945 erudite
2528 895 2547 955 ij:

354 966 546 1014 Lmstor.
616 968 735 1015 Tuis
769 966 1029 1014 commodis
1055 966 1166 1013 haec
1187 964 1486 1012 incommoda
1511 961 1707 1025 suscepi:
1744 960 1830 1008 tibi
1865 961 2034 1021 indies,
2069 963 2242 1022 timeo,
2277 965 2367 1025 (ita
2397 975 2472 1015 me

353 1031 433 1078 ille
455 1045 605 1093 amet,
642 1034 720 1098 qui
747 1034 922 1097 poterit
949 1046 1089 1079 omen
1114 1031 1349 1088 avertere)
2470 1039 2471 1042 ’

481 1098 580 1137 -”-
612 1116 661 1145 no
683 1100 786 1161 quid
791 1098 959 1160 faciam
975 1099 1100 1158 plus,
1137 1097 1244 1158 quod
1262 1113 1325 1143 me
1338 1095 1428 1157 post
1449 1096 1586 1142 minus
1599 1091 1741 1154 feczffi’
1750 1091 1977 1154 fhtiusfit.

352 1160 456 1218 Qui
480 1163 735 1210 studiorum
760 1164 982 1218 comites,
1011 1160 1096 1208 nifi
1117 1158 1256 1208 tristis
1277 1161 1474 1224 languor
1500 1158 1548 1205 δε
1572 1156 1794 1203 morbus?
1830 1159 1956 1221 Apte
1982 1157 2249 1207 Platonicus
2273 1162 2470 1212 Mauda-

348 1227 491 1274 rensls
522 1230 570 1274 in
595 1228 835 1292 Apologia
868 1228 925 1274 de
957 1225 1001 1273 se
1031 1224 1154 1290 ipso:
1191 1229 1300 1284 Cui,
1327 1236 1498 1287 praetor
1521 1223 1688 1285 formae
1721 1223 2042 1270 mediocritatem
2068 1228 2316 1273 continuatio
2344 1233 2469 1277 etiam

348 1293 532 1340 litterati
565 1295 719 1340 loboris
753 1298 905 1340 omnem
931 1295 1120 1355 gratiam
1144 1305 1304 1353 corporo
1322 1292 1498 1353 detetget
1513 1322 1527 1347 ,
1561 1288 1845 1334 habitudinem
1868 1298 2043 1349 tenuat,
2064 1290 2235 1352 succum
2260 1292 2471 1354 exsorbet,

347 1359 515 1404 colorem
541 1360 760 1417 obliterat,
794 1361 976 1421 vigorem
998 1357 1204 1404 debilitat.
1263 1357 1332 1404 At
1365 1355 1487 1403 abite
1526 1354 1635 1400 hinc
1667 1353 1716 1398 in
1740 1353 1901 1400 malam
1927 1370 2022 1401 rem
2047 1354 2322 1419 suspiciones
2346 1358 2468 1406 istaess

348 1420 680 1470 Kalendarium
717 1421 1145 1485 sequens'breviter
1174 1421 1334 1469 Fastos
1360 1419 1618 1469 Ovidianos
1656 1433 1797 1482 paene
1832 1418 2052 1466 delineat:
2089 1420 2290 1483 ejusdem
2331 1435 2466 1487 argu-

347 1492 496 1534 menti
529 1486 633 1535 sunt
670 1489 790 1535 trina
817 1487 902 1534 alia
937 1487 1222 1551 fragmenta,
1257 1498 1478 1550 excerpta
1500 1500 1556 1531 ex
1581 1483 1821 1530 Thesauro
1847 1482 2210 1547 Inscriptionum
2236 1488 2466 1549 Antiqua-

346 1567 482 1608 rum3
526 1551 573 1598 &
608 1552 720 1600 illud
744 1552 1037 1600 Constantini
1060 1553 1258 1617 Magni,
1287 1554 1383 1617 jam
1417 1550 1594 1614 pridem
1630 1548 1656 1596 e
1692 1548 1992 1596 bibliothecis
2027 1549 2337 1601 litteratorum
2370 1552 2464 1600 edi-

351 1629 481 1663 tum:
518 1618 695 1681 placuit
719 1618 796 1665 has
821 1616 996 1665 tabulas
1022 1618 1116 1663 huc
1135 1616 1357 1677 inserere,
1391 1617 1497 1679 quia
1518 1613 1740 1678 saepicule
1765 1612 1791 1660 a
1813 1629 1887 1661 me
1912 1614 2130 1663 citantur.
2200 1616 2327 1665 Vale.

410 1682 615 1745 Propera
636 1684 820 1742 vivere,
856 1683 904 1731 &
930 1681 1135 1746 singulos
1162 1682 1256 1730 dies
1277 1682 1473 1747 lingulas
1502 1681 1615 1730 vitas
1640 1691 1766 1743 puta.

705 1879 1208 1928 ERYCIUS
1285 1798 1893 1926 PsplUdC'ssissANUS
1965 1876 2110 1924 S.D.

342 1952 522 2003 VIRO
545 1956 1025 2019 NOBILITATE,
1047 1958 1507 2016 PRUDENTIA,
1542 1954 2072 2028 AUCTORITATE
2100 1957 2466 2028 INCLYTO‚

342 2047 642 2105 CAEs.
732 2028 1409 2103 ALEXANDRO
1501 2046 1894 2100 Ansam
1982 2045 2457 2107 scALrAE,

901 2149 978 2196 De
1001 2149 1236 2213 republica
1259 2148 1520 2197 Christiana
1544 2149 1723 2212 optime
1744 2148 1929 2194 merito.

337 2264 560 2375 NOn
596 2277 752 2313 totum
776 2266 926 2314 adhuc
947 2268 1202 2328 saeculum,
1238 2269 1331 2317 Vir
1356 2246 1574 2325 Summe,
1610 2266 1762 2329 caligo
1788 2266 1972 2329 premit.
2039 2265 2194 2324 Ecce,
2232 2265 2350 2313 inter
2372 2266 2455 2314 alia
2493 2314 2497 2325 ,Ἴ

493 2332 768 2378 amoenioris
804 2331 1038 2380 dofiffinae
1073 2333 1241 2392 fidel-a,
1277 2333 1554 2380 CAROLUM
1582 2332 1908 2389 NEAPomM,
1946 2331 2358 2378 RESUTTANliin
2385 2331 2461 2380 Si·-

336 2393 442 2439 cilia
463 2394 695 2459 Principis
727 2396 911 2443 fratrem
944 2397 1106 2458 video,
1142 2397 1423 2446 lucidiffimis
1457 2396 1603 2444 famae
1627 2394 1760 2442 radiis
1782 2395 1831 2441 in
1855 2394 2104 2442 subsidium
2127 2395 2383 2442 litterarum
2408 2412 2456 2442 e-

335 2473 642 2522 mergentem.
709 2461 867 2508 Fastos
903 2461 1097 2509 illustrat
1128 2465 1372 2510 Romanos
1404 2478 1456 2508 ac
1487 2474 1662 2509 veteres
1674 2493 1690 2520 ,
1724 2476 1874 2506 rarum
1906 2459 2248 2524 ingeniosissimi
2282 2462 2456 2508 Poetae
2490 2468 2493 2472 '

335 2521 521 2587 Peligni
545 2542 687 2588 opus,
722 2525 770 2572 &
791 2527 947 2573 omnia
971 2525 1053 2573 fibi
1079 2539 1290 2590 tempora
1314 2526 1593 2590 obstringit,
1626 2540 1678 2572 ac
1705 2523 1777 2572 sua
1798 2523 1923 2572 facit.
1981 2526 2089 2572 Nos
2117 2541 2303 2589 quoque
2325 2525 2455 2586 suos,

336 2587 417 2649 qui
441 2590 747 2652 Antiquitatis
783 2590 1004 2638 summam
1026 2592 1166 2639 Fastis
1201 2592 1504 2639 aestimamus
1573 2585 1814 2654 A‘m‘vflvgoe
1837 2591 1919 2637 ista
1943 2607 2050 2636 vere
2067 2607 2226 2650 aurea,
2262 2591 2358 2637 imo
2382 2606 2452 2638 ae-

336 2651 496 2698 therea
534 2656 625 2714 est,
661 2655 709 2701 ὃς
743 2657 1060 2703 aeternitatem
1096 2671 1339 2719 provocat.
1409 2657 1494 2703 Me
1529 2670 1681 2715 certe,
1716 2655 1840 2719 quod
1877 2655 1903 2702 a
1936 2655 2201 2703 Cultissimo
2236 2656 2355 2703 Viro
2373 2656 2452 2716 Jo.

337 2717 588 2765 ANToNJo
625 2719 975 2768 CANNAPARO
1022 2733 1105 2768 tuo
1151 2723 1308 2785 accepi
1343 2721 1572 2786 specimen
1595 2755 1610 2780 ,
1656 2722 1777 2785 typis
1807 2720 2108 2768 Plautini-anis
2139 2720 2413 2768 adornatum
2435 2747 2452 2780 5

337 2793 430 2827 tam
467 2783 765 2832 vehementer
801 2786 957 2850 cepit,
991 2777 1043 2832 ut
1067 2787 1239 2834 Poetae
1270 2786 1354 2852 ipfi
1385 2803 1550 2833 novam
1586 2788 1757 2849 ingenii
1791 2784 2026 2834 fortunam
2059 2786 2321 2849 gratulatus.
2339 2785 2453 2845 fim,
2501 2831 2506 2841 ,

335 2861 504 2918 novam
544 2848 708 2895 famam
726 2884 740 2907 ,
778 2867 944 2897 novam
969 2851 1127 2897 vitam.
1198 2853 1287 2898 Sex
1320 2852 1426 2899 libri
1449 2850 1613 2898 florida
1641 2852 1915 2898 NEAPoms
1945 2851 2162 2898 industria
2187 2851 2450 2898 Expch-

338 2925 421 2968 TI,
456 2911 593 2958 instar
625 2914 871 2961 duodecim
905 2929 1069 2963 erunt:
1107 2916 1154 2963 ὃε
1182 2916 1570 2979 quemadmodum
1598 2915 1858 2979 superstites
1881 2916 2258 2978 conservatosque
2280 2915 2449 2961 intelli-

334 2989 498 3041 gemus
533 2977 737 3041 plenius,
776 2980 839 3024 ita
874 2979 1055 3025 amissos
1093 2982 1243 3028 minus
1277 2985 1366 3044 jam
1400 2980 1763 3043 desiderabimus.
1832 2982 1991 3029 Totus
2025 2981 2102 3039 hic
2138 2979 2324 3042 quidem
2363 2980 2448 3045 erit

335 3040 589 3112 Ovrprus,
617 3055 874 3109 ¹totumque
898 3044 1086 3102 viaet&
1117 3044 1190 3092 sex
1218 3047 1443 3108 mensium
1467 3062 1678 3093 numerus
1700 3063 1870 3094 annum
1894 3047 2158 3094 constituet.
2228 3045 2450 3103 Annum,

335 3103 408 3151 sed
434 3121 668 3174 ’minorem
697 3126 706 3154 :
754 3121 806 3154 ut
838 3126 1064 3174 magnum
1104 3111 1217 3157 olim
1245 3146 1259 3172 ,
1307 3112 1356 3159 ὃς
1396 3111 1456 3176 fic
1485 3113 1724 3176 geminum
1751 3147 1766 3172 ,
1813 3113 1887 3160 vel
1920 3112 2209 3158 incremento
2240 3107 2448 3172 dierum,

335 3170 410 3216 vel
441 3170 737 3218 decremento
765 3172 904 3222 Cares
927 3177 975 3223 &
1001 3179 1260 3224 Acarnanes
1285 3177 1644 3241 distinguebant.
1713 3179 1875 3226 Solum
1901 3170 2198 3242 n'uncbig‘itur
2219 3176 2265 3222 in
2287 3176 2327 3221 F
2329 3174 2446 3221 asto'·

335 3249 438 3283 rum
462 3236 584 3286 Vate
621 3239 962 3292 incrementum
998 3240 1247 3303 habemuS,
1282 3256 1337 3292 ut
1369 3242 1607 3306 scriptoris
1637 3237 1669 3296 ἒ
1688 3239 2060 3303 amvflv'mn&
2089 3238 2207 3292 fama
2234 3237 2445 3350 augpscat

2347 3317 2440 3350 em·
