2547 3708
607 70 1534 162 {RAEFATIONEs
2028 138 2112 186 ης

20 231 116 281 =eque
150 211 203 266 de
232 225 287 256 eo
316 205 554 269 disceptari
588 203 811 263 arbitror,
846 202 971 267 quod
994 202 1166 250 Cicero
1199 202 1444 252 affirmavit
1476 202 1597 268 apud
1619 201 1850 264 Graecos,
1884 206 1911 252 ὲ
1948 209 2114 270 quibus

32 291 209 335 omnem
244 271 539 320 human-itatis
567 265 749 315 laudem
774 269 933 315 Latini
967 282 1210 330 accepere,
1234 268 1603 331 ‘antiquiffimum
1632 265 1657 313 ἐ
1688 266 1836 316 ἀοᾶἰε
1853 269 1953 315 *effe
1976 287 2120 334 genus

30 342 282 407 poetarum.
350 334 485 392 Quae
513 333 634 379 enim
670 331 934 379 Aristoteles
963 329 1182 395 'singulari
1213 332 1282 379 vir
1317 333 1536 396 ingenio,
1570 344 1707 393 atque
1739 331 1951 379 scientiae
1985 338 2119 399 copia

17 401 306 456 admirabili,
341 413 454 462 quae
485 409 591 443 ante
626 395 772 459 ipsum
794 395 974 443 divinus
996 397 1160 451 Plat03
1196 411 1310 459 quae
1333 397 1529 460 denique
1553 395 1785 459 utriusque
1810 397 2088 461 antiquiores
2103 434 2118 458 ,

30 467 197 517 Thales
220 465 428 521 Ionicae,
463 461 511 507 ὃς
536 461 821 525 Pythagoras
843 460 1029 506 Italicae
1061 459 1375 523 philosophiae
1403 463 1645 523 princep8‚
1678 459 1734 506 de
1765 461 1904 520 Deo,
1937 460 1993 507 de
2025 464 2120 508 anim

33 534 204 580 marum
229 525 604 585 immortalitate,
638 525 694 571 de
732 537 915 571 naturae
939 523 1242 582 obscuritate,
1277 524 1333 570 de
1366 526 1460 572 vita
1492 541 1544 571 ac
1568 524 1772 570 moribus
1794 523 2123 586 disseruerunt,

32 584 254 658 literisque
283 590 607 656 prodiderunt:
643 605 695 635 ea
730 605 825 635 non
847 587 1046 650 ipsorum
1070 587 1198 634 fuiffe
1219 589 1434 649 inventa,
1467 587 1540 635 sed
1564 590 1642 651 qui
1665 589 1844 650 aliquot
1865 605 1942 636 eos
1964 589 2122 637 seculis

33 657 359 707 antecesserunt
393 655 664 718 poetarum,
699 653 910 713 Orphei,
947 651 1152 710 Musaei,
1186 652 1329 711 Lini,
1365 654 1501 716 atque
1527 653 1638 699 adeo
1658 653 1857 699 Homeri
1881 652 2017 717 ipsius
2041 670 2121 701 ex-

31 722 166 771 titisse
189 721 441 784 dogmata,
476 719 665 781 planum
699 715 799 763 fieri
834 715 1002 779 potest.
1032 723 1038 730 “
1071 716 1245 778 Neque
1281 733 1376 762 non
1400 717 1513 764 illud
1533 715 1822 764 manifestum
1844 717 1934 776 est,
1969 720 2122 781 poeti-

33 803 130 834 cam
162 786 474 832 elocutionem
512 787 538 828 a
573 781 777 827 sermone
810 778 1035 841 pedestri,
1068 780 1147 842 qui
1179 779 1466 844 philosophis
1499 780 1564 826 esst
1585 779 1839 840 familiaris,
1873 780 2124 845 discrepare

31 849 313 914 potiffimum
350 850 412 912 τῷ
439 842 555 905 «ἐὶδᾷ,
591 843 787 891 faciente
820 844 942 890 inter
973 844 1099 889 hunc
1138 843 1186 889 &
1218 844 1341 890 illam
1377 844 1618 891 discrimen
1649 845 1925 892 elocutionis
1949 844 2125 905 forma,

22 917 121 963 'hoc
158 915 248 974 est,
283 925 458 970 metro,
493 912 584 956 five
607 908 763 968 versU,
797 924 933 971 quem
958 907 983 953 a
1007 908 1324 954 concinnitate
1348 921 1533 968 cantus,
1568 924 1702 970 quam
1730 911 1898 956 Graeci
1920 909 2125 975 σὶξμσνὶων

31 979 526 1036 ηοωίιῑεῑηῑνςαιτῃεη·
549 985 892 1037 nuncuparunt.
961 972 1092 1017 Haec
1128 971 1274 1033 igit-ur
1309 984 1362 1018 ut
1398 972 1471 1020 vel
1504 971 1725 1018 mediocri
1758 973 2014 1022 litterarum
2040 991 2122 1022 co-

64 1043 237 1097 nitione
264 1040 452 1087 imbutis
479 1054 572 1084 non
597 1038 836 1101 incognita
857 1036 942 1093 esse
964 1035 1205 1083 existimo:
1243 1037 1307 1082 ita
1327 1052 1422 1083 non
1445 1052 1587 1098 aeque
1611 1037 1854 1096 omnibus,
1883 1054 1993 1086 ⁴meo
2020 1041 2124 1102 qui-

29 1059 130 1155 {em
156 1105 360 1171 judicio,
397 1101 629 1166 expositae
659 1100 761 1148 sunt
790 1101 1015 1158 rationes,
1051 1099 1214 1162 quibus
1239 1099 1455 1148 adductae
1477 1113 1686 1148 veterum
1713 1100 1964 1165 sapientum
1993 1102 2125 1149 sami-

29 1172 110 1220 IIae
125 1204 140 1229 ,
175 1171 267 1218 Dei
290 1169 459 1232 optimi
480 1167 669 1213 maximi
691 1181 743 1211 ac
766 1177 950 1211 naturae
973 1165 1212 1227 mysteria,
1236 1165 1493 1212 fabularum
1515 1168 1790 1212 commentis
1817 1168 2124 1230 comprehen-

28 1231 132 1297 dere
155 1247 291 1297 atque
310 1233 544 1279 occultare
566 1229 835 1276 studuerint.
880 1231 957 1276 De
978 1228 1148 1291 quibus
1173 1230 1221 1274 in
1244 1231 1527 1291 praefatione
1552 1230 1687 1293 hujus
1711 1231 1964 1294 po'e'matis,
1999 1231 2125 1293 quod

29 1298 402 1358 selectiffimarum
440 1297 584 1342 totius
603 1293 886 1357 ‘antiquitatis
909 1293 1164 1340 fabularum
1188 1292 1311 1355 quasi
1334 1310 1476 1357 penus
1498 1294 1682 1356 quidam
1704 1294 1768 1339 est
1783 1326 1799 1352 ,
1833 1294 2004 1357 aliquid>
2020 1310 2125 1351 ,ver-

28 1364 192 1412 borum
227 1361 353 1420 fieri,
389 1377 485 1408 non
521 1357 927 1406 inconsentaneum
952 1355 1077 1406 duxi.
1150 1358 1307 1421 Atque
1331 1358 1387 1404 de
1413 1357 1664 1404 rationibus
1690 1358 1778 1404 illis
1801 1359 2021 1404 attentius
2045 1375 2127 1405 co-

30 1428 195 1493 gitanti
227 1427 378 1490 primo
411 1425 620 1472 omnium
656 1424 702 1469 in
725 1435 925 1469 mentem
946 1423 1075 1470 venit
1097 1421 1309 1468 admirari
1331 1435 1538 1475 veterum
1559 1420 1813 1480 solertiam,
1848 1423 1955 1485 qui,
1988 1434 2042 1468 ut
2062 1423 2128 1469 le-

30 1492 217 1552 nociniis
243 1488 509 1554 quibusdam
533 1489 708 1535 animos
733 1487 975 1534 hominum
996 1484 1027 1531 a
1050 1500 1200 1532 rerum
1217 1486 1535 1534 obscuriorum
1561 1486 1854 1551 indagatione
1879 1486 2129 1534 abhorren-

23 1555 188 1615 ‘tes,·ad
211 1553 475 1602 discendum
498 1550 1109 1617 pellicerent,scientiaeque
1132 1549 1271 1614 ipfius
1292 1551 1599 1598 austeritatem
1618 1550 1911 1614 jucunditate
1934 1551 2126 1614 quadam

33 1619 153 1685 quafi
174 1619 460 1667 edulcarent:
498 1618 591 1664 duo
612 1615 860 1663 consectati
882 1616 1034 1673 fuere,
1067 1616 1115 1660 in
1139 1615 1302 1678 quibus
1324 1615 1575 1679 plurimum
1598 1614 1705 1661 effet
1730 1614 1998 1674 illecebrae,
2032 1615 2140 1662 sua-·

30 1687 217 1733 vitatem
252 1684 429 1731 scilicet
461 1697 787 1741 numerorum,
823 1696 875 1727 ac
909 1692 1179 1730 commenta,
1207 1679 1480 1727 fabularum.
1548 1679 1658 1735 Qua
1688 1679 1735 1724 in
1762 1694 1808 1724 re
1839 1678 2004 1742 judicii
2026 1679 2130 1727 illo-

23 1765 130 1798 ·rum
161 1750 385 1814 rationem
419 1747 609 1794 minime
642 1745 883 1805 aberrafle,
916 1742 1049 1790 facile
1071 1745 1427 1803 animadvertet,
1463 1743 1540 1808 qui
1563 1743 1619 1790 de
1646 1743 1786 1806 seipso
1811 1743 2127 1806 conjecturam

22 1811 203 1861 fecerit.
269 1812 391 1860 Non
414 1811 555 1858 modo
575 1811 697 1857 enim
721 1808 1023 1872 unusquisque
1044 1808 1256 1856 nostriim
1282 1810 1546 1871 experitur,
1575 1824 1680 1854 cum
1705 1808 1948 1854 maximam
1973 1807 2059 1854 esse
2083 1810 2130 1855 in

33 1877 329 1942 jucunditatis
351 1876 655 1923 delectatione
681 1873 881 1938 discendi
903 1872 1163 1920 illecebram
1177 1895 1193 1931 3
1230 1886 1335 1934 tum
1355 1875 1559 1920 animum
1582 1888 1766 1934 quoque
1790 1870 1934 1934 ipsum
1960 1874 2132 1919 oratio-

25 1958 88 1989 ·ne
112 1943 309 1988 numeris
332 1939 510 1987 astricta
535 1940 706 2002 magis,
741 1955 875 2001 quam
898 1937 1069 1996 soluta,
1104 1938 1323 1984 excitari:
1360 1937 1433 1983 sed
1458 1937 1506 1983 &
1529 1937 1693 1982 mentis
1720 1935 1889 1982 sensum
1917 1935 2132 1998 ingenio-

33 2005 202 2054 fiffimis
236 2004 488 2058 fabularum
524 2002 757 2065 figmentis
783 2002 1053 2060 delinitum,
1085 2000 1140 2047 ad
1163 2001 1452 2048 scientiarum
1476 2000 1797 2062 cognitionem
1823 1998 1943 2062 quafi
1970 1999 2132 2046 condi-

33 2083 192 2134 mento
226 2068 423 2132 quodam
447 2065 668 2114 obsonari.
737 2066 882 2123 Qiod
905 2082 1011 2112 cum
1035 2066 1100 2111 ita
1120 2063 1161 2110 se
1185 2065 1348 2111 habere
1368 2064 1646 2111 existimaret
1670 2062 1892 2127 singulare
1916 2064 2131 2127 Europae

21 2146 353 2183 ornamentum
378 2131 584 2179 Erasmus
608 2130 973 2189 Roterodamus,
1008 2129 1240 2191 poeticam
1273 2129 1523 2175 collatione
1545 2128 1804 2191 placentae,
1839 2143 1896 2173 ex
1920 2128 2129 2174 omnium

35 2191 369 2262 disciplinarum
391 2196 564 2242 deliciis
588 2211 640 2240 ac
663 2193 871 2240 medullis
893 2192 1135 2251 conditae,
1168 2206 1268 2240 tum
1291 2191 1586 2240 similitudine
1609 2190 1858 2253 compositi
1881 2207 1939 2238 ex
1962 2191 2133 2238 61εᾶἰῖ-

37 2262 156 2311 fimis
192 2260 441 2326 quibusque
475 2257 675 2306 flosculis
707 2257 958 2315 mellificii,
1004 2256 1309 2305 adumbravit.
1379 2258 1494 2304 Sane
1532 2256 1784 2302 Lucretius
1818 2258 1990 2318 poeta,
2025 2272 2133 2315 cum

39 2320 363 2388 ἕτρφγματείοιν
396 2325 452 2370 de
474 2335 635 2370 natura
655 2338 806 2369 rerum
828 2323 953 2385 gravi
984 2321 1216 2384 plenoque
1250 2322 1448 2368 carmine
1468 2319 1577 2366 esset
1598 2319 1950 2382 complexurus,
1985 2319 2135 2367 confi-

40 2393 89 2441 lii
112 2392 176 2439 sui
196 2392 420 2438 rationem
442 2387 590 2435 reddit
615 2403 712 2434 non
735 2385 1064 2449 discrepantem
1086 2385 1142 2433 ab
1169 2387 1262 2434 hoc
1283 2398 1490 2433 veterum
1513 2384 1753 2443 instituto,
1776 2400 1965 2447 eamque
1989 2381 2136 2452 Q*

44 2454 158 2511 ’ἔολῆ
185 2456 387 2519 ‘exponit
423 2470 518 2500 non
551 2453 933 2511 inconveniente,
967 2461 1102 2514 quam
1138 2463 1330 2515 propter
1351 2448 1622 2512 singularem
1642 2448 1922 2496 venustatem
1946 2448 2037 2494 huc
2061 2447 2141 2493 ad·

32 2510 228 2569 r'scribere
251 2534 414 2582 operae
433 2518 634 2582 pretium
657 2516 900 2574 duximus,
923 2515 1124 2562 versibus
1140 2515 1210 2562 his
1225 2512 1556 2580 elegantiffimis
1580 2514 1634 2561 ab
1656 2528 1711 2560 eo
1737 2511 2136 2577 comprehensam:

169 2586 226 2634 Id
238 2600 401 2646 quoque·
415 2585 522 2629 enim
546 2599 623 2629 non
643 2583 696 2628 ab
717 2583 830 2627 nulla
853 2584 1012 2628 ratione
1034 2580 1202 2628 videtur
1212 2598 1227 2627 .:

143 2651 151 2659 '
172 2651 257 2697 Sed
273 2651 407 2695 veluti
420 2649 561 2709 pueris
581 2646 786 2708 abstnthia
809 2651 919 2692 tetra
944 2645 1142 2692 medentes
1187 2680 1197 2686 .

174 2716 280 2775 Cum
304 2715 404 2769 dare
426 2723 647 2769 conantur,
675 2713 797 2770 prius
819 2725 912 2756 oras
931 2711 1078 2770 pocula
1100 2712 1252 2757 circum

176 2779 425 2838 Contingunt
444 2778 573 2823 mellis
593 2777 702 2822 dulci
711 2775 914 2836 flavoque
935 2777 1087 2835 liquore
1099 2807 1116 2832 ‚

177 2842 239 2886 Ut
251 2854 471 2900 puerprum
493 2850 608 2886 aetas
628 2840 862 2898 improvida
883 2839 1116 2900 ludificetur

174 2907 411 2952 Labrorum
431 2914 573 2961 tenus,
605 2907 758 2949 interea
773 2913 955 2963 perpotet
974 2918 1169 2949 amarum

175 2969 389 3030 Abstnthii
409 2969 600 3025 laticem,
632 2968 867 3028 deceptaque
888 2983 965 3014 non
987 2969 1204 3027 capiatur,

179 3034 264 3082 Sed
276 3035 412 3092 potius
431 3034 513 3078 tali
535 3036 651 3077 tabia
675 3030 1085 3093 recreata'valescat:
1412 3071 1415 3073 ,

176 3099 253 3144 Sic
270 3113 335 3159 ego
358 3113 460 3143 nunc
474 3130 489 3155 ,
523 3097 713 3157 quo'm‘am
732 3094 832 3140 haec
850 3098 960 3141 ratio
975 3097 1199 3156 plerunque
1223 3094 1390 3142 videtur

176 3158 349 3222 Tristior
368 3162 441 3223 ff
454 3193 470 3220 ,
500 3161 647 3223 quibus
667 3175 745 3207 non
766 3157 820 3221 est
840 3163 1026 3207 trabium
1040 3193 1057 3219 ,
1090 3169 1274 3219 retroque
1425 3211 1475 3260 V
1799 3170 1803 3175 '
2047 3213 2130 3261 Vl

2090 3229 2111 3258 0
2132 3235 2152 3247 .

2173 81 2195 104 8
