2547 3708
359 124 458 174 179
875 106 1940 161 DEDICATIONES'ET

355 205 451 255 fide
482 205 649 270 partim
687 207 1054 254 membranarum
1090 217 1332 272 veterum,
1367 207 1533 269 partim
1568 204 1704 252 solius
1737 205 1914 272 ingenii
1935 203 2080 254 dustu
2107 214 2241 269 atque
2265 208 2464 276 auspic10
2532 272 2534 275 ¹

354 275 524 334 fretus,
559 273 674 320 locis
699 274 907 336 plurimis
924 276 1017 336 jam
1045 273 1297 319 emendavi.
1366 271 1498 320 Vale.

542 393 883 442 PETRI
951 391 1579 440 BURMANNI
1648 387 2303 441 DExDICATIO

1123 472 1229 517 anie
1253 472 1523 519 Editionem
1546 485 1561 515 1
1574 486 1601 524 7
1616 483 1688 530 ¹4·

492 550 702 598 VIRO
750 550 1331 598 PERILLUSTRI
1367 550 1476 597 ET
1513 548 2337 600 EXCELLENTISSIMO

357 631 1188 696 THEODORO
1291 636 1348 694 A
1446 631 2467 714 VELTHUISEN,

1012 734 1293 797 Toparchae
1315 736 1364 782 in
1387 733 1695 792 Heemstede,
1731 732 1822 779 &c.

846 809 1082 858 Ordinum
1108 812 1488 877 Trajecffinorum
1511 812 1735 873 Praefidi,
1773 813 1864 859 ἃς.
1902 813 1992 860 δῖε.

622 906 767 952 Raude
786 907 901 953 decus
930 907 1182 965 Procerum,
1204 905 1347 969 simtu
1361 921 1465 968 pars
1482 911 1624 968 prima
1647 909 1824 954 Senatus
1839 942 1853 967 ,

674 974 766 1018 Nec
790 976 921 1018 minor
941 976 1069 1019 Aonii
1086 972 1240 1034 fautor
1260 989 1451 1034 amorque
1473 974 1598 1019 chori.

486 1039 537 1087 Si
560 1040 672 1084 nitor
695 1040 869 1098 eloquii,
903 1039 1111 1098 cultaeque
1123 1041 1310 1098 potentia
1331 1040 1492 1100 linguae
1506 1072 1522 1097 ,
2465 1065 2469 1067 ·
2540 1038 2547 1068 ²

552 1103 679 1149 Pura
704 1107 775 1148 vet
797 1106 945 1165 iugeuii
965 1119 1073 1148 vena
1091 1105 1254 1162 placere
1266 1104 1427 1163 potest,

486 1167 539 1216 Si
561 1168 702 1215 Venus
723 1168 776 1219 ὦ)
805 1168 1025 1226 Charites,
1061 1167 1115 1220 {9⁹
1145 1170 1317 1214 Amoris
1340 1170 1494 1215 blanda
1516 1167 1729 1229 vemtstas,

557 1233 606 1280 St
617 1232 755 1293 juvat
779 1232 958 1295 Ausonio
983 1232 1139 1293 Grajus
1164 1236 1206 1279 in
1230 1249 1294 1279 ore
1320 1235 1441 1294 lepor.

487 1297 655 1361 Suscipe
680 1298 845 1359 Peligni·
867 1298 1015 1344 diviua
1033 1300 1229 1358 poemata
1259 1299 1414 1358 Vatis,
2540 1299 2547 1348 ἶ

556 1363 620 1408 Et
630 1361 784 1425 subeat
800 1360 950 1423 faciles
975 1364 1117 1409 uobilis
1147 1364 1296 1410 umbra
1319 1365 1441 1410 lares.
2534 1372 2536 1382 '

484 1429 646 1492 Quae,
680 1443 829 1473 memor
853 1431 1087 1473 immeritae
1109 1430 1280 1474 violenti
1304 1429 1495 1491 Caesaris
1515 1431 1630 1487 irae,

555 1491 742 1553 Hospitii
760 1502 842 1538 toto
868 1495 1030 1554 quaerit
1052 1495 1095 1539 in
1115 1494 1205 1539 orbe
1226 1495 1368 1539 locum.

488 1551 639 1605 Tendit
663 1559 716 1603 ab
738 1557 921 1604 Euxinis
944 1557 1066 1620 Naso
1091 1555 1184 1603 Tibi
1206 1558 1376 1604 brachia
1395 1560 1523 1619 ripis,

555 1622 620 1668 Et
639 1623 819 1682 placidos
834 1634 983 1685 portus
1003 1623 1310 1685 confugiumque
1327 1627 1450 1685 petit.

479 1685 671 1749 Frigoris
695 1690 942 1748 impatiens,
977 1687 1159 1750 hirsutus
1178 1690 1232 1735 ab
1256 1705 1335 1735 axe
1362 1690 1494 1734 Boreo
1509 1722 1525 1749 ,

556 1754 617 1798 Ut
627 1751 783 1814 foveas
805 1754 981 1800 Batavo
1004 1755 1188 1800 membra
1212 1764 1343 1815 tepore
1365 1765 1496 1817 rogat.

485 1817 577 1877 Et,
610 1834 735 1879 quam
757 1835 834 1864 nou
859 1818 958 1878 Istri
969 1821 1110 1879 potuit
1131 1821 1377 1881 glacialibus
1398 1821 1519 1866 undis
1533 1852 1549 1878 ,

555 1882 811 1943 Heemstedio
822 1882 969 1943 sperat
984 1883 1105 1945 fonte
1123 1886 1265 1930 levare
1275 1888 1412 1946 fitim.

489 1947 540 1995 Si
558 1950 651 1994 licet
673 1948 750 1993 has
774 1948 913 2009 Mufis
925 1947 1075 2010 sacras
1098 1950 1295 1995 celebrare
1316 1950 1524 2008 latebras,
2532 1951 2547 2012 ᾗ

555 2013 748 2059 Exilium
772 2030 996 2075 numquam
1019 2016 1163 2060 mitius
1188 2016 1255 2060 ille
1268 2025 1402 2075 petat.

489 2077 588 2124 Nec
600 2080 805 2140 gravibus
827 2080 964 2124 molles
989 2079 1179 2125 incendat
1204 2079 1403 2141 questibus
1428 2093 1584 2138 auras,

555 2145 648 2188 Aut
665 2144 790 2188 Latio
814 2146 953 2202 cupiat
977 2143 1117 2205 rursus
1136 2178 1150 2203 ,
1185 2145 1240 2197 Εὐ)
1268 2146 1393 2202 urbe,
1418 2143 1532 2205 frui.

491 2206 590 2253 Has
612 2207 773 2253 habitet
782 2206 899 2268 sedes
913 2230 927 2264 3
963 2210 1135 2254 rabidae
1148 2209 1247 2270 jam
1273 2209 1467 2271 Caesaris
1491 2212 1580 2255 irae
2531 2199 2547 2249 5?

555 2272 762 2318 Fulminei
775 2281 916 2333 grates
942 2269 1135 2335 officiossis
1156 2284 1270 2336 agat.
2368 2298 2372 2299 ν
2539 2287 2543 2309 s

492 2332 646 2396 Tristia
666 2352 734 2382 nec
750 2339 918 2396 patriae
939 2348 1000 2384 tot
1024 2340 1210 2384 carmina
1222 2337 1385 2399 fundat
1406 2350 1572 2393 amore,

556 2402 719 2447 Laetus
741 2411 788 2446 at
809 2402 1111 2458 Heemstedium
1134 2405 1257 2449 tollat
1277 2403 1336 2448 ad
1354 2400 1467 2462 astra
1492 2415 1644 2446 nemus.

489 2466 585 2514 Nos
608 2482 787 2528 quoque,
823 2464 990 2520 Nasoni
1001 2466 1186 2528 studiosa
1213 2477 1413 2525 caterva,
1448 2466 1638 2526 Poetae,

560 2531 721 2577 Ibimus
740 2533 784 2576 in
804 2532 971 2589 laudes,
1005 2530 1262 2592 obfi’quiosa,
1296 2542 1406 2577 tuas.

491 2591 555 2645 Tu
579 2596 692 2641 modo
708 2629 723 2653 ‚
756 2611 871 2656 quem
893 2597 1076 2642 lacrimis
1103 2595 1260 2652 Caesar
1275 2593 1536 2657 precibusque
1557 2596 1727 2656 negavit

561 2661 757 2718 Ferreus,
791 2658 967 2720 auspicio
993 2661 1060 2706 des
1081 2662 1245 2705 meliore
1268 2663 1410 2706 locum.

485 2724 666 2784 Pande,
694 2739 861 2785 precor,
895 2735 1030 2783 tutos,
1064 2726 1277 2771 viridaria
1302 2728 1440 2783 culta,
1474 2726 1671 2785 reccffus,

553 2791 617 2837 Et
637 2800 784 2837 recreet
805 2791 965 2851 longam
988 2792 1137 2836 laetior
1157 2792 1306 2836 umbra
1317 2790 1496 2852 fugam:

486 2851 544 2903 Te
565 2857 731 2914 domus,
765 2853 967 2917 exsulibus
974 2854 1135 2917 semper
1157 2855 1368 2917 reserata,
1404 2853 1574 2901 Thuani

555 2921 755 2980 Exemplo
778 2930 943 2966 moveat
958 2954 974 2979 ,
1009 2921 1094 2967 Vir
1108 2920 1318 2983 generose,
1340 2920 1431 2981 suo.

487 2986 699 3045 Principis
723 2983 791 3030 hic
811 2986 993 3043 rabiem,
1020 2988 1262 3047 patriaeque
1286 2989 1466 3032 im'mane
1487 3000 1684 3032 novercae

554 3051 678 3098 Dum
694 3048 852 3112 scelus,
889 3050 943 3102 {9²
964 3051 1048 3096 diri
1068 3053 1242 3098 carceris
1262 3062 1388 3098 antra
1405 3050 1523 3114 fugit
1536 3086 1553 3111 ,

489 3116 687 3174 Grotius,
717 3117 786 3163 ille
810 3117 919 3174 lyrae
935 3116 1053 3162 decus
1075 3119 1305 3163 immortale
1319 3151 1334 3175 ,
1368 3128 1563 3181 togaeque

553 3182 719 3243 Fama,
741 3184 948 3245 peregrini
957 3181 1086 3251 fhnfit
1105 3184 1259 3231 amoris
1281 3196 1406 3247 opem.
2342 3242 2428 3291 H·
2528 3192 2529 3247 j

2391 3257 2473 3290 em·
2528 3261 2530 3294 s
