2547 3708
848 160 870 217 Ι
1017 161 1061 218 Β

428 261 507 316 Ut
530 260 621 333 qui
647 260 983 317 Socraticum
1009 261 1079 316 de
1105 279 1237 318 nece
1266 267 1393 337 legit
1422 284 1571 341 opus,

1209 166 1232 221 Ι
1376 171 1428 226 S.

359 333 438 388 Ut
463 335 554 405 qui
579 333 819 388 Theseae
840 333 1040 389 fallacia
1076 336 1188 389 vela
1217 341 1423 394 carinae

434 405 617 460 Vidit:
659 420 717 460 ut
741 407 894 461 Iliaca
930 407 1102 461 miffus
1128 408 1191 462 ab
1216 428 1335 463 arce
1362 429 1508 481 puer.

359 477 435 534 Ut
463 481 633 533 teneri
662 479 866 542 nutrix,
908 480 1097 533 eadem
1123 495 1436 553 matertera,
1477 486 1704 541 Bacchi:

221 569 324 622 500

434 549 512 603 Ut
536 551 622 605 cui
648 551 796 605 causa
819 551 962 604 necis
991 551 1126 606 serra
1151 570 1362 625 reperta
1391 558 1505 611 fuit.

361 622 537 696 Lydia
562 622 612 676 se
639 623 860 692 scopulis
888 637 945 676 ut
973 625 1124 695 virgo
1151 627 1285 680 milit
1313 628 1376 681 ab
1403 630 1515 683 altis
1533 672 1547 694 ‚

433 695 659 748 Dixerat
685 695 854 748 invito
876 712 1011 766 quae
1035 699 1167 751 mala
1195 700 1355 753 verba
1383 702 1504 755 de0.

361 767 526 822 Foeta
549 765 643 819 tibi
670 779 916 819 occurrat
945 770 1116 838 patrio
1139 772 1402 842 popularis
1430 774 1482 826 in
1511 792 1665 840 arv0,

432 839 617 909 Sitque
647 838 952 908 Phayllaeae
976 842 1124 895 causa
1147 844 1324 898 leaena
1350 848 1509 899 neciS.

71 1080 191 1132 logiae
216 1078 277 1119 lib.
292 1090 356 1117 111.
389 1077 521 1127 legitur
541 1104 550 1121 ‚
589 1076 722 1116 Cicero
758 1076 819 1115 lib.
839 1089 868 1118 1.
895 1076 1095 1117 Tusculan.

69 1132 204 1182 quaest.
242 1129 453 1168 Lad'tantius
479 1128 684 1166 Firmianus
723 1127 782 1165 lib.
804 1140 892 1166 vm.
929 1139 1008 1177 cap.
1040 1129 1097 1167 18.

68 1184 105 1220 S.
124 1182 346 1231 Augustinus
373 1179 433 1217 lib.
447 1191 473 1217 1.
488 1179 533 1217 de
545 1179 703 1216 Civitate
715 1180 810 1225 Dei,
839 1190 915 1227 cap.
932 1190 990 1216 22.
1019 1191 1096 1217 me-

65 1234 208 1271 moriae
227 1230 477 1280 prodiderunt.
528 1230 595 1266 Per
628 1238 706 1278 opus
748 1241 838 1267 vero
861 1230 1097 1274 Socraticum,

65 1293 158 1320 cave
179 1291 283 1330 putes
298 1280 435 1328 aliquid
457 1279 477 1316 a
499 1279 648 1316 Socrate
669 1279 838 1327 scriptum
855 1307 864 1323 ‚
891 1280 950 1317 sed
964 1281 1096 1318 intelli-

67 1343 114 1382 ge
154 1332 314 1370 Platonis
350 1330 603 1369 Phaedonem.
640 1330 698 1368 Sic
726 1330 823 1379 apud
845 1330 1044 1370 Horatium
1060 1333 1098 1369 in

66 1383 160 1434 Arte
181 1382 351 1420 Poetica:

120 1481 204 1514 Rem
224 1472 288 1511 tibi
309 1473 496 1511 Socraticae
511 1480 672 1522 poterunt
693 1471 859 1520 ostendere
880 1471 1030 1510 chartae.

65 1581 134 1620 Per
163 1583 359 1621 Socraticas
384 1584 484 1621 enim
513 1582 652 1620 chartas
687 1592 763 1619 non
792 1579 870 1619 libri
900 1579 920 1618 a
945 1579 1093 1618 Socrate

67 1631 186 1681 scripti
206 1633 474 1682 significantur,
496 1644 581 1671 cum
601 1632 689 1671 nihil
706 1634 765 1670 ille
786 1631 976 1680 scripserit,
1006 1630 1094 1668 teste

63 1682 221 1722 Aristide
241 1687 277 1722 in
295 1685 409 1732 prima
429 1683 615 1721 Platonica
634 1695 700 1731 pro
721 1683 926 1721 Rhetorica.
980 1681 1049 1719 Sed
1072 1679 1093 1718 a

63 1732 217 1772 Platone
232 1762 242 1778 ,
269 1734 470 1780 AEschine,·
494 1735 748 1781 Xenophonte
764 1761 774 1778 ,
802 1733 1000 1771 &caeteris
1014 1733 1092 1781 ejus

63 1783 310 1831 auditoribus,
345 1797 437 1836 quos
469 1786 568 1824 idem
600 1785 749 1823 Flaccus
771 1784 857 1822 Ode
879 1796 939 1832 29.
976 1782 1036 1820 lib.
1059 1795 1091 1820 1.

64 1836 277 1874 Socraticam
322 1838 466 1875 domum
491 1844 614 1874 vocat.
667 1837 770 1883 Quas
792 1843 914 1872 autem
935 1834 1092 1871 nomine

66 1884 223 1924 Socratis
241 1888 415 1935 Epistolas
436 1886 549 1926 edidit
570 1888 651 1925 Leo
671 1887 825 1925 Allatius
844 1887 964 1923 homo
977 1885 1093 1922 Grae-

68 1944 156 1980 cuS,
181 1936 418 1985 supposititias
436 1936 505 1975 effe
529 1950 606 1976 non
633 1937 773 1976 dubito.
828 1936 1094 1974 SALvAGmus.

65 1984 163 2023 hanc
181 1997 332 2036 quoque
353 1987 538 2025 historiam
553 1989 710 2026 Nonnus
728 1990 763 2024 in
779 1987 972 2035 Synagoge
986 1985 1093 2023 habet

65 2045 103 2072 n.
125 2048 181 2084 ις.
206 2037 291 2075 vide
313 2037 559 2075 dotf'tiffimum
595 2037 809 2076 Daviesium
843 2038 888 2075 ad
911 2037 1030 2074 Cicer.
1061 2047 1092 2073 1.

63 2084 179 2139 {susa
196 2087 376 2141 Disputat.
405 2100 470 2138 cap
497 2097 554 2137 34.

115 2155 201 2192 497·
228 2149 272 2180 Ut
290 2143 350 2192 qui
373 2137 550 2192 Thesteia]
579 2138 723 2190 Tangit
751 2137 920 2191 Aegeum
951 2144 1093 2191 patrem

64 2194 226 2240 Thesei,
252 2196 315 2243 qui
337 2193 372 2231 se
391 2195 428 2231 in
448 2204 547 2230 mare
560 2194 819 2242 praecipitavit.
848 2193 1090 2232 larmirus.

67 2247 214 2296 Aegeus
240 2246 469 2283 Athenarum
491 2245 573 2282 Rex
599 2243 735 2281 Thesei
757 2250 882 2291 pater,
908 2255 985 2292 quo
1011 2255 1092 2291 reg-

68 2306 178 2336 nante
196 2297 322 2335 Minos
342 2294 572 2333 Cretensium
596 2296 675 2332 Rex
695 2293 833 2332 bellum
856 2294 1091 2333 Atheniensi-

70 2348 134 2386 bus
164 2347 282 2386 intulit
311 2347 360 2385 ob
388 2346 540 2384 caedem
571 2346 776 2394 Androgeo
805 2344 892 2390 filii,
919 2345 1092 2395 legesque

73 2397 266 2436 duriffimas
298 2396 472 2447 imposuit
492 2425 504 2442 ,
545 2405 585 2435 ut
605 2397 739 2435 scilicet
761 2397 932 2446 quotanis
950 2398 1089 2446 septem

67 2448 219 2498 juvenes
239 2449 380 2487 nobiles
400 2449 438 2486 in
455 2449 604 2486 Cretam
627 2448 671 2486 ad
691 2448 946 2485 Minotaurum
967 2449 1092 2487 mitte-

71 2506 217 2545 rentur,
244 2501 307 2549 qui
333 2499 444 2537 tribus
472 2500 573 2537 annis
599 2499 693 2537 sorte
718 2498 809 2536 miffi
830 2498 930 2543 sunt,
958 2509 1090 2548 quarto

71 2556 192 2588 autem
223 2550 295 2588 sors
317 2549 447 2598 obtigit
477 2549 627 2588 Theseo
642 2551 729 2599 ,qui
747 2560 883 2598 magno
904 2551 1007 2597 patris
1024 2551 1091 2589 do·

69 2599 148 2638 lore
177 2611 308 2639 navem
342 2600 585 2646 conscendit,
628 2602 665 2638 &
697 2611 780 2639 cum
805 2601 932 2638 omnia
953 2601 1091 2650 navigii

73 2660 288 2690 ornamenta
309 2650 408 2701 nigra
429 2650 565 2697 essent,
592 2650 717 2689 habuit
738 2653 775 2689 in
798 2651 974 2689 mandatis
992 2650 1012 2689 a
1028 2663 1089 2701 pa-

71 2707 127 2737 tre
140 2727 151 2744 ‚
175 2709 215 2738 ut
231 2701 258 2739 si
284 2705 513 2752 contingeret
532 2703 567 2740 in
587 2702 736 2751 agendis
753 2714 838 2740 eum
859 2702 1004 2740 felicem
1017 2704 1090 2740 sor-

75 2750 135 2788 tiri
158 2751 294 2789 exitum
309 2779 320 2796 ,
347 2753 486 2792 rediens
515 2755 600 2791 navi
621 2753 742 2791 album
761 2761 916 2802 poneret
941 2753 1064 2791 velum
1079 2782 1089 2798 ‚

74 2807 206 2838 amoto
223 2801 348 2848 nigro,
375 2812 414 2841 ut
435 2804 578 2842 eminus
597 2814 773 2842 eventum
787 2803 953 2842 nosceret
968 2832 978 2848 ‚
992 2805 1098 2843 The-

74 2850 154 2889 seus
184 2850 365 2889 Ariadnae
379 2853 527 2891 consilio
540 2854 658 2892 vietor
673 2883 684 2899 ,
708 2855 966 2893 mandatorum
991 2856 1098 2900 patris

76 2901 302 2945 immemor,
316 2913 392 2939 non
411 2912 541 2941 amoto
562 2905 647 2942 velo
658 2907 763 2954 nigro
784 2905 931 2943 redibat.
960 2905 1097 2954 AEgeus

77 2952 215 2991 excelsa
242 2953 329 2990 turri
361 2952 586 3001 prospectans
619 2956 764 3003 nigrum
791 2956 914 2994 velum
942 2983 952 3000 ‚
994 2957 1098 3006 quod

79 3003 232 3051 proinde
254 3003 352 3041 Naso
378 3002 483 3040 fallax
504 3012 637 3048 vocat,
663 3004 778 3044 filium
793 3015 983 3045 mortuum
1005 3007 1098 3045 arbi-

79 3060 189 3092 tratus
208 3066 252 3092 ex
273 3061 370 3092 turre
394 3053 428 3091 se
458 3054 590 3101 deiecit
618 3055 654 3091 in
677 3066 778 3094 mare
798 3085 809 3100 ,
837 3057 940 3107 quod
959 3058 1001 3095 ab
1022 3058 1097 3106 ipso

79 3113 253 3142 vocaturn
278 3104 325 3142 est
343 3106 528 3153 Aegeum.
579 3104 635 3141 Ex
654 3104 846 3144 Plutarcho
868 3109 904 3145 in
926 3108 1101 3153 Theseo,

86 3153 228 3194 Catullo
248 3155 293 3193 de
306 3156 452 3204 Nuptiis
466 3155 561 3193 Pelei
575 3154 829 3200 &Thetid0s,
860 3158 999 3198 &aliis.
1024 3160 1100 3197 Ve-

85 3213 165 3242 rum
183 3205 386 3244 Simonides
416 3206 510 3255 apud
541 3205 698 3243 eundem
733 3205 961 3246 Plutarchum
993 3219 1103 3258 negat

85 3252 205 3299 album
230 3256 353 3296 velum
384 3256 427 3295 ab
460 3257 591 3306 Aegeo
613 3256 763 3303 datum,
790 3255 850 3296 sed
880 3259 1077 3307 puniceum
1094 3288 1105 3307 ‚

1904 940 1969 989 50
1976 942 2004 992 ς
2045 925 2181 999 Qui-

1149 1076 1250 1126 quod
1272 1076 1506 1126 infigneesl'et
1527 1078 1789 1118 incolumitatIS
1801 1080 1948 1121 Thesei.
1984 1083 2183 1126 SALVAGN.

1156 1127 1330 1166 fallentia
1353 1130 1570 1166 Petavianus
1589 1129 1687 1167 alter.

1203 1179 1286 1227 498.
1318 1179 1465 1228 sliam]
1506 1180 1546 1216 [d
1573 1179 1621 1216 est
1644 1179 1826 1229 Astyanax
1861 1182 1954 1221 filius
1983 1185 2185 1233 Hefioris,

1152 1230 1216 1278 qui
1238 1231 1275 1267 in
1298 1229 1541 1268 destruc‘tione
1562 1230 1703 1268 Troiae
1728 1232 1770 1268 ab
1800 1233 1926 1282 Ulyffe
1966 1237 2181 1284 praecipita-

1152 1287 1210 1317 tus
1229 1280 1274 1318 de
1293 1288 1391 1317 turre
1417 1281 1475 1318 est.
1532 1281 1772 1319 INTERPRES.
1800 1284 1982 1332 Astyanax
1999 1314 2010 1330 ,
2038 1287 2182 1325 Hecto-

1152 1332 1197 1367 ris
1219 1331 1256 1368 &
1271 1330 1556 1368 Andromachae
1569 1331 1699 1370 filiolus
1715 1359 1725 1376 ‚
1745 1333 1787 1369 ab
1809 1334 1876 1371 alta
1897 1337 1983 1372 turri
2006 1337 2047 1374 ab
2073 1338 2182 1376 Ulixe

1152 1392 1324 1430 praeceps
1345 1381 1459 1419 datus.
1486 1382 1584 1420 Vide
1604 1394 1676 1431 que
1703 1383 1833 1431 collegi
1864 1385 1924 1421 lib.
1943 1397 2031 1424 xm.
2058 1388 2182 1427 Meta-

1153 1432 1299 1479 morph.
1328 1432 1497 1470 CIOFAN.
1525 1432 1710 1482 Astyanax
1732 1435 1902 1472 Hetf’toris
1923 1434 2038 1481 filius,
2066 1450 2179 1486 quem

1153 1491 1253 1531 pater
1276 1483 1554 1521 Scamandriuni
1580 1483 1599 1520 a
1622 1483 1735 1520 fluvio
1750 1486 2034 1532 praeterlabente
2057 1491 2182 1527 nomi-

1150 1544 1236 1570 nare
1260 1532 1382 1570 solitus
1413 1542 1514 1578 erat,
1543 1534 1585 1570 ab
1618 1533 1741 1582 Vlyffe
1764 1537 1975 1583 praecipitio
2000 1539 2182 1578 extinctus

1152 1583 1219 1628 est,
1248 1595 1295 1620 ne
1315 1584 1395 1632 quis
1415 1584 1460 1621 de
1481 1584 1585 1632 stirpe
1609 1585 1721 1633 Regia
1740 1586 1951 1633 supereflet,
1979 1590 2041 1636 qui
2063 1591 2181 1637 majo-

1150 1645 1230 1671 rum
1256 1634 1405 1682 injurias
1436 1634 1687 1680 ulcisceretur,
1727 1636 1887 1675 Ovidius
1908 1637 1982 1685 ipse
2012 1639 2069 1677 lib.
2089 1652 2181 1680 xm.

1149 1685 1402 1733 Metamorph.

1200 1764 1367 1802 Mittitur
1384 1763 1571 1812 Astyanax
1593 1764 1663 1802 illis
1683 1766 1721 1802 de
1741 1767 1896 1805 turribus
1911 1796 1921 1813 ‚
1950 1768 2042 1806 unde

1197 1821 1483 1864 pugnantempro
1492 1818 1528 1863 se
1542 1818 1789 1867 ,proavitaque
1809 1825 1922 1867 Regna
1945 1830 2098 1856 tuentem
2116 1819 2129 1864 ,”

1200 1872 1299 1953 Surge
1327 1866 1445 1903 videre
1476 1876 1613 1916 patrem
1641 1869 1870 1915 monstratum
1900 1869 1925 1906 ἰι
1957 1880 2069 1908 matre
2093 1869 2181 1919 sole?

1273 1926 1323 1954 at.

1146 1985 1325 2036 Ejusdem
1348 1987 1479 2025 iterum
1502 1988 1642 2024 ment-io
1663 1987 1724 2025 fiet
1747 1987 1850 2025 versu
1867 1988 1947 2036 565.
1976 1987 2175 2027 SALVAGN.

1196 2046 1281 2085 499.
1317 2042 1362 2072 Ut
1391 2037 1497 2074 teneri
1523 2037 1685 2086 nutrix.]
1727 2037 1857 2075 Fabula
1890 2038 1935 2076 de
1963 2039 2032 2075 Ino
2061 2051 2177 2077 uxore

1148 2087 1386 2124 Athamantis
1405 2096 1493 2125 nota
1506 2087 1564 2124 est.
1621 2088 1862 2125 INTERPRES.
1891 2088 1960 2126 Ino
1973 2089 2183 2135 Athaman-ff

1144 2138 1189 2174 tis
1207 2149 1301 2176 uxor
1318 2165 1328 2183 ,
1358 2138 1564 2186 eademque
1590 2137 1720 2175 Bacchi
1752 2140 1873 2176 nutrix
1897 2141 1934 2176 ὃς
1957 2148 2149 2178 matertera
2164 2167 2177 2185 ,

1147 2192 1249 2238 cujus
1267 2189 1442 2227 nimirum
1465 2188 1566 2224 soror
1587 2188 1695 2225 fuerit
1718 2188 1863 2227 Semele
1887 2189 2019 2228 Bacchi
2045 2198 2177 2236 mater,

1148 2240 1224 2280 viso
1259 2239 1429 2277 Learcho
1458 2237 1559 2283 filio,
1588 2238 1631 2277 ab
1651 2239 1875 2278 Athamante
1901 2242 2043 2279 furente
2064 2241 2109 2279 ad
2127 2241 2181 2279 sa-

1148 2305 1237 2332 xum
1258 2290 1357 2331 alliso
1371 2321 1380 2337 ‚
1408 2288 1478 2330 sese
1499 2303 1583 2331 cum
1605 2292 1718 2330 altero
1732 2291 1807 2330 filio
1820 2292 2010 2330 Melicerta
2032 2293 2068 2329 in
2097 2304 2177 2330 ma-

1148 2355 1187 2384 re
1217 2344 1453 2393 praecipitem
1488 2343 1614 2387 milit;
1656 2344 1734 2381 Dea
1766 2343 2001 2392 postmodum
2027 2343 2146 2381 habita
2169 2371 2181 2389 ,

1148 2407 1259 2448 quam
1284 2395 1416 2433 Graeci
1443 2395 1701 2432 Leucotheam
1719 2422 1728 2439 ,
1756 2395 1880 2432 Latini
1905 2395 2090 2432 Matutam
2114 2407 2183 2432 vo-

1150 2458 1243 2487 cant.
1272 2449 1329 2486 Ex
1352 2445 1554 2484 Ovidiolib
1585 2458 1638 2483 xv.
1668 2446 1917 2494 Metamorph.
1939 2446 2026 2482 item
2056 2445 2180 2483 lib.vx.

1148 2499 1284 2539 Fastor.
1304 2496 1540 2548 Apollodoro
1567 2496 1625 2535 lib.
1645 2510 1705 2534 111.
1736 2497 1890 2545 Hygino
1920 2496 1988 2533 fab.
2012 2507 2067 2532 11.
2095 2497 2179 2534 Ari·

1147 2550 1236 2589 stide
1277 2551 1315 2588 in
1361 2549 1528 2587 Isthmica
1552 2575 1562 2593 ,
1597 2556 1705 2585 tomo
1730 2560 1758 2585 1.
1787 2547 1926 2584 Seneca
1944 2548 1980 2584 in
2005 2546 2182 2595 Oedipo,

1149 2602 1293 2642 Nonno
1306 2599 1564 2650 Dionyi‘iacon
1592 2598 1652 2637 lib.
1675 2610 1760 2635 v111.
1789 2598 1960 2636 Zenobio
1974 2597 2179 2635 Proverbio

1149 2651 1255 2695 Γνοῖς
1272 2648 1365 2698 ἄχη,
1422 2652 1620 2689 SALVAGN.
1647 2650 1855 2694 Eademea,
1885 2649 1942 2687 vel
1955 2661 2019 2693 ac,
2047 2658 2181 2686 mater-

1126 2714 1220 2740 sstera
1238 2702 1405 2741 nonnulli
1424 2701 1580 2740 codices.

1201 2766 1285 2803 500.
1313 2759 1354 2790 Ut
1379 2754 1433 2789 cui
1451 2751 1592 2802 causa]
1623 2752 1812 2791 Perdicem
1840 2751 1988 2799 tangit,
2023 2749 2181 2788 Daedali

1151 2816 1195 2842 ex
1215 2805 1337 2842 sorore
1356 2812 1536 2852 nepotem
1552 2831 1562 2847 ‚
1590 2804 1654 2853 qui
1678 2815 1763 2842 cum
1787 2804 1914 2841 serram
1938 2802 1976 2839 δί
2000 2801 2181 2839 circinum

1151 2852 1390 2892 adinvenisset
1408 2882 1419 2900 ,
1452 2854 1496 2891 ab
1519 2854 1703 2892 avunculo
1731 2855 1899 2892 Daedalo
1915 2881 1925 2898 ‚
1953 2852 2092 2891 invidia
2114 2852 2184 2890 du-

1152 2906 1238 2951 cio,
1266 2917 1311 2943 ex
1332 2906 1427 2942 Arce
1449 2905 1644 2942 Minervae
1665 2906 1916 2953 praecipitatus
1938 2904 1996 2941 est.
2035 2905 2189 2949 INTER:

1153 2969 1262 2994 ans.
1290 2957 1403 2994 Hunc
1425 2956 1612 2993 Pausanias
1637 2957 1672 2992 ἃ
1693 2956 1884 2993 Diodorus
1908 2955 2030 2992 salum
2047 2984 2057 2999 ,
2085 2957 2182 2994 Ovi-

1153 3008 1232 3046 dius
1254 3007 1397 3045 Perdica
1410 3004 1573 3056 appellat.
1630 3007 1876 3044 CONSTFAN.
1908 3006 2184 3049 IssuitPerdix,

1155 3070 1269 3106 quem
1297 3057 1480 3095 Daedalus
1503 3057 1703 3094 avunculus
1733 3058 1871 3095 invidia
1901 3056 2049 3098 duetus.
2079 3056 2181 3104 quod

1156 3120 1201 3146 ex
1223 3108 1515 3147 confideratione
1542 3108 1662 3155 spinae
1695 3108 1789 3146 dorsi
1819 3110 1855 3146 in
1882 3107 2031 3154 piscibus
2052 3106 2182 3144 serram

1157 3161 1311 3197 ferream
1346 3158 1481 3206 primus
1513 3157 1774 3207 excogitaffet,
1803 3171 1846 3196 ex
1869 3158 1966 3195 Arce
1991 3158 2183 3198 Minervae

1158 3211 1393 3259 praecipitem
1425 3209 1529 3257 egit,
1571 3209 1607 3245 in
1638 3220 1744 3246 avem
1778 3208 1840 3246 fibi
1872 3208 2135 3255 cognominem
2158 3205 2183 3244 a.

1161 3261 1641 3300 Minervatransr‘ormatum
1656 3286 1666 3303 ,
1681 3268 1719 3297 ut
1730 3260 1824 3298 canit
1840 3258 1996 3296 Ovidius
2021 3256 2080 3294 lib.
2094 3267 2186 3294 vm.

1605 3310 1692 3356 Qz

2102 3307 2144 3343 Ni
2151 3319 2190 3353 C:
