2547 3708
852 174 1068 233 12ss

1213 176 1237 232 I
1378 178 1429 234 S.
2111 204 2201 256 113

334 364 335 367 Ἴ
373 293 568 368 Deque
604 291 718 347 viro
740 288 830 346 fias
848 297 956 344 'nec
982 286 1211 352 femina,
1250 303 1353 345 nec
1381 288 1492 353 vir,
1529 298 1587 344 ut
1615 288 1809 362 Attys;

451 368 521 422 Et
547 366 747 438 quatias
777 363 922 417 molli
950 376 1195 433 tympana
1219 377 1374 414 rauca
1401 378 1575 415 manu.
1656 364 1658 367 ’

377 445 546 510 Inque
575 453 733 507 pecus
761 434 935 488 subito
964 432 1191 502 Magnae
1216 445 1421 485 vertare
1448 434 1712 489 Parentis:

229 519 334 586 460

85 751 133 778 na
151 738 371 778 canebantur
386 734 617 773 inhonorem
636 726 815 777 Cybeles,
843 737 937 775 quae
952 733 1118 774 propter-

83 802 127 829 ea
162 788 356 827 Galliambi
387 784 599 824 dicebantur
618 807 628 823 ,
666 777 870 826 cujusmodi
899 788 1045 814 carmen
1069 777 1117 814 est

85 841 183 889 apud
214 839 408 877 Catullum.
461 834 518 870 Sic
545 833 584 869 ὃς
614 828 886 877 Dithyrambici
905 855 915 871 ,
941 829 1001 875 qui
1026 827 1115 864 Bac-

87 890 277 929 chilaudes
290 887 400 938 ,quafi
413 881 692 931 furoreperciti,
712 878 977 920 concinebant,
998 878 1111 925 Phry-

87 943 153 989 giis
181 940 300 978 modis
327 936 541 977 utebantur,
576 939 616 969 ut
646 930 794 968 Author
820 928 868 965 est
900 928 1109 965 Aristoteles

83 992 146 1030 lib.
166 1003 254 1029 vm.
280 988 423 1026 Politic.
443 995 523 1032 cap.
540 982 574 1020 8.
602 983 639 1019 &
658 979 804 1018 Proclus
823 980 859 1016 in
875 978 1110 1017 Chrestoma-

86 1043 182 1086 thia,
209 1041 268 1079 ubi
288 1050 363 1076 non
387 1035 502 1074 solum
531 1032 734 1081 Phrygios,
760 1029 819 1066 sed
841 1030 951 1066 etiam
973 1029 1110 1077 Hypo-

85 1093 258 1142 phrygios
279 1088 412 1127 modos
433 1086 614 1123 nominat.
644 1083 690 1119 Et
704 1092 793 1118 vero
806 1079 953 1117 Flaccus
975 1080 1060 1117 Ode
1072 1091 1108 1118 2.

84 1144 146 1181 lib.
167 1154 218 1179 1v.
244 1140 386 1179 Pindari
408 1135 673 1181 Dithyrambos
696 1139 803 1168 vocat
823 1130 991 1166 audaces:
1020 1131 1107 1168 ideo

88 1193 192 1242 quod
213 1190 395 1229 vocabulis
427 1186 576 1224 insolitis
599 1185 636 1221 &
667 1182 797 1219 inflatis
818 1180 919 1223 usus,
946 1183 1109 1220 numeris

84 1243 164 1291 lege
185 1243 332 1279 Poetica
354 1238 474 1276 solutis
488 1264 498 1281 ,
525 1234 624 1284 quasi
639 1231 857 1271 furibundus
880 1242 921 1268 ac
942 1234 1111 1270 torrentis

82 1294 189 1330 instar
207 1294 371 1329 ferretur.
421 1288 523 1324 Hinc
542 1285 710 1333 adagium
730 1281 1019 1326 ἕιθυριιμβοποιῶν
1036 1285 1110 1319 νοῦν

70 1342 184 1389 ἔχειν
205 1341 413 1381 ἐλάττονα,
439 1337 561 1373 habere
579 1348 686 1386 quam
720 1331 984 1381 Dithyrambici
1015 1345 1110 1369 men-

83 1396 130 1431 tis
149 1393 275 1430 minus.
313 1391 423 1427 Certe
451 1387 621 1425 Pindarus
650 1384 722 1433 ipse
746 1384 901 1432 Olymp.
921 1395 955 1420 2.
979 1383 1112 1432 gloria-

82 1450 141 1482 tur
161 1444 194 1481 se
214 1452 341 1481 natura
363 1450 510 1477 carmen
523 1437 675 1475 scribere
686 1447 764 1472 non
783 1443 871 1477 arte,
886 1442 925 1471 ut
935 1432 1012 1476 alii,
1043 1447 1112 1472 un—

81 1489 128 1532 de
148 1494 183 1533 se
203 1493 367 1543 aquilae,
393 1490 473 1527 illos
498 1488 616 1526 corvis
645 1485 893 1534 comparabat.
930 1484 1108 1533 Phrygio-

79 1556 162 1582 rum
181 1553 305 1582 autem
330 1541 568 1579 modulorum
590 1538 765 1575 inventor
779 1535 936 1573 creditur
950 1535 1112 1585 Marsyas

79 1595 199 1643 Phryx
212 1622 222 1638 ,
249 1593 457 1642 Lydiorurn
472 1589 665 1636 Amphion
679 1615 689 1628 ‚
716 1587 924 1624 Doriorum
936 1586 1109 1635 Thamy-

79 1657 133 1684 ras
156 1645 306 1690 Thrax,
329 1643 482 1682 authore
501 1640 622 1679 Plinio
655 1638 804 1676 lib.v11.
823 1647 903 1686 cap.
927 1637 987 1686 56.
1016 1637 1108 1675 Sat.-

76 1707 200 1734 vasu.

70 1751 73 1754 “
128 1748 199 1796 456
228 1745 319 1784 Vilia
340 1741 535 1793 membm]
564 1742 640 1779 Aut
659 1739 799 1785 virilia,
825 1746 888 1777 aut
908 1738 1014 1776 frusta
1034 1749 1109 1777 car-

77 1797 132 1836 nis
151 1799 425 1846 interpretarer,
453 1806 546 1844 quae
566 1793 629 1831 fibi
644 1791 800 1840 Cybeles
815 1789 1016 1829 sacerdotes
1032 1791 1110 1839 gla-

75 1848 140 1886 diis
160 1847 408 1895 morfibusque
425 1845 603 1883 secabant.
630 1844 782 1881 Consr,
811 1841 905 1878 Fan.

127 1909 211 1944 457.
238 1903 356 1948 Deque
378 1897 455 1934 viro
469 1895 572 1945 fias.]
612 1895 664 1932 Ut
684 1894 800 1942 AtyS‚
829 1891 865 1930 id
887 1890 955 1934 est,
985 1891 1110 1930 Sacer-

77 1946 146 1985 dos
160 1947 320 1994 ejusdem
335 1975 347 1991 ,
373 1948 437 1996 qui
455 1947 518 1984 fibi
536 1946 651 1983 virilia
670 1942 829 1981 abscidit.
869 1942 1109 1980 inmanes.

39 1976 64 2006 Ι
75 1997 129 2034 Ita
143 1998 356 2045 plerumque
369 2006 548 2034 vocantur
560 2023 570 2040 ,
593 1996 657 2042 qui
675 2005 744 2031 nec
759 2004 816 2030 eas
829 2001 943 2040 partes
953 1992 1087 2030 habent
1098 2020 1108 2037 ,

75 2049 206 2095 quibus
235 2048 286 2085 vir
317 2045 339 2084 a
373 2046 525 2084 muliere
545 2072 556 2089 ,
593 2044 652 2081 vel
686 2051 814 2080 contra
840 2042 970 2079 mulier
999 2042 1020 2078 a
1054 2045 1107 2080 vi-

76 2108 119 2135 ro
137 2097 407 2146 dignoscuntur.
461 2096 518 2133 Sic
533 2095 631 2132 enim
660 2092 818 2131 Ovidius
839 2092 959 2129 noster
977 2092 1057 2130 alibi
1073 2105 1082 2130 :

122 2157 190 2195 Hei
208 2154 320 2200 mihi,
349 2154 439 2205 quod
457 2154 638 2191 dominam
659 2164 716 2190 nec
729 2152 790 2189 vir
807 2164 866 2189 nec
880 2151 1020 2197 femina
1042 2153 1110 2192 fer-

176 2219 258 2243 vas.

71 2274 120 2313 Et
136 2273 213 2324 ejus
233 2271 440 2310 imitatione
466 2267 676 2307 Lactantius
700 2265 760 2303 lib.
782 2275 808 2300 1.
837 2262 881 2300 de
896 2261 990 2299 Falsa
1008 2262 1107 2299 Reli-

74 2327 183 2373 gione
199 2351 209 2368 ,
237 2335 318 2371 cap.
341 2334 402 2360 21.
440 2319 500 2357 Ab
523 2319 582 2356 hoc
608 2331 725 2366 genere
747 2319 927 2362 sacrorum
949 2326 1016 2349 non
1038 2314 1105 2350 mi-

77 2376 166 2412 noris
182 2374 333 2422 insaniae
347 2372 543 2421 judicanda
555 2371 638 2416 sunt
654 2366 789 2418 publica
808 2365 870 2401 illa
885 2370 986 2419 sacra
999 2391 1008 2408 ,
1022 2377 1104 2412 quo·

77 2438 154 2462 rum
175 2426 247 2461 alia
263 2427 347 2472 sunt
370 2422 492 2459 matris
514 2419 650 2463 Deam,
678 2420 717 2455 in
737 2415 859 2466 quibus
871 2414 1104 2462 hommessuis

74 2474 132 2524 ipsi
147 2474 306 2512 virilibus
325 2475 451 2517 litant,
481 2479 660 2519 amputato
680 2468 772 2505 enim
785 2466 892 2514 sexu,
918 2478 987 2521 non
1006 2466 1102 2501 viros

69 2526 106 2574 'se
125 2539 182 2562 nec
192 2525 346 2572 feminas
358 2525 512 2571 faciunt,
568 2520 660 2558 ldeo
697 2519 744 2557 fic
767 2517 1013 2554 Hermitimus
1034 2518 1100 2553 l’e-

75 2575 233 2614 dacenfis
255 2575 350 2613 apud
380 2572 618 2611 Herodotum
636 2572 672 2607 in
692 2570 831 2606 Urania
849 2568 894 2604 de
916 2566 1097 2604 Panionio

77 2626 173 2663 Chio
192 2615 374 2675 quaeritur
392 2624 413 2662 a
439 2635 515 2670 quo
537 2620 686 2670 juvenis
709 2618 870 2658 exseetus
884 2617 1013 2654 fuerat.
1041 2618 1098 2654 Τι’

79 2687 118 2710 σε
137 2676 204 2720 ἐγὼ
223 2677 330 2714 κακὸν
349 2670 368 2716 ii
388 2674 518 2717 αὐτὸς,
550 2670 568 2712 ἦ
591 2674 658 2708 τῶν
683 2672 772 2716 ἐμῶν
792 2667 848 2711 τίς
866 2680 905 2704 σε
926 2668 1097 2713 προγόνων

77 2724 273 2769 εἶργάσσιτο
293 2754 303 2769 ,
323 2727 343 2768 ἥ
362 2738 402 2762 σε
415 2754 425 2769 ,
454 2721 552 2761 {heau
563 2725 627 2759 σῶν
639 2722 721 2759 τίνοι
734 2748 742 2763 ,
762 2719 868 2762 δ’τιμε
888 2714 1097 2762 ἒιντίὶνόρὸς

79 2774 249 2815 ἐποίησας
278 2777 318 2812 τὸ
355 2776 462 2819 μηδὲν
496 2773 594 2812 εἶναι.
659 2772 759 2821 Qid
803 2780 866 2808 aut
907 2770 971 2818 ipse
1009 2782 1062 2816 ego
1086 2796 1096 2813 ‚

79 2836 144 2862 aut
193 2837 343 2860 meorum
390 2826 555 2874 quispiam
613 2828 671 2859 vet
727 2822 791 2858 tibi
845 2820 904 2858 vel
947 2833 1097 2856 avorum

76 2875 224 2922 cuipiam
245 2875 330 2909 mali
353 2876 433 2917 fecit
449 2901 458 2916 ,
485 2873 573 2923 quod
604 2887 643 2910 ex
665 2873 740 2910 viro
763 2880 924 2909 neutrum
947 2884 1000 2907 me
1021 2871 1098 2907 red-

75 2926 203 2972 didisti.
254 2924 324 2961 Vel
347 2932 385 2960 ut
411 2924 456 2960 ad
484 2925 630 2960 verbum
652 2924 840 2966 reddatur,
871 2921 960 2972 quod
981 2934 1022 2957 ex
1042 2921 1098 2956 vi·

78 2990 115 3013 ro
135 2989 188 3013 me
213 2974 304 3010 nihil
324 2975 378 3022 effe
394 2972 527 3017 feceris.
578 2973 725 3010 Diocles
751 2975 881 3021 pariter
902 2972 999 3020 apud
1020 2972 1096 3009 Lu·

76 3028 221 3064 cianutn
243 3027 278 3062 in
302 3024 484 3061 Eunucho
499 3051 508 3063 ‚
536 3021 596 3058 seu
612 3024 800 3070 Pamphilo
821 3051 830 3067 ,
845 3023 890 3060 de
905 3022 1094 3059 Eunuchis

76 3075 243 3115 differens
265 3076 314 3113 ait
327 3102 337 3118 ,
367 3085 430 3111 eos
445 3085 520 3110 non
534 3071 648 3109 solum
664 3072 707 3108 ab
728 3073 1097 3120 omanhilosophiae

75 3127 304 3165 commercio
323 3124 453 3162 secludi
473 3131 644 3171 oportere
659 3149 670 3165 ,
698 3134 824 3160 verum
835 3123 878 3159 ab
898 3123 976 3171 ipsis
987 3124 1096 3160 etiam

76 3179 200 3220 sacris,
228 3188 269 3214 ac
291 3175 379 3213 vasis
401 3176 518 3224 puris;
547 3173 706 3219 denique
727 3173 770 3210 ab
791 3174 962 3210 omnibus
981 3173 1098 3220 publi·

77 3229 126 3266 cis
141 3227 302 3266 coetibus
331 3227 438 3274 ejici,
472 3223 664 3262 ostendens
693 3222 949 3269 inauspicatum
980 3224 1099 3269 quod-

77 3279 162 3317 dam
190 3279 227 3316 δί
258 3277 408 3316 occursu
439 3276 633 3314 infaustum
668 3273 912 3323 speetaunum
941 3274 1044 3318 fore,
1074 3274 1099 3311 fi

447 509 633 567 victor
659 522 715 563 ut
745 507 818 560 est
844 505 1002 558 celeri
1028 504 1271 575 victaque
1296 503 1439 558 versa
1466 505 1624 576 pede.

2057 583 2202 638 Sola..

1171 728 1249 775 quis
1270 738 1379 764 mane
1397 726 1515 764 domo
1535 726 1688 775 egressus
1716 728 1840 767 videat
1870 728 2067 769 istiusmodi
2095 734 2203 780 quip-

1170 789 1266 824 plain
1283 805 1293 821 ,
1316 777 1344 832 li
1368 777 1519 825 quidem
1544 780 1765 816 Eunuchum
1791 780 2007 825 οὕτεᾶυδρκ,
2035 782 2116 818 οὔτε
2136 797 2202 827 «γυ-

1170 830 1276 863 ναῖκα
1299 832 1409 870 εἶναι,
1437 840 1546 877 neque
1566 829 1685 876 virum
1709 831 1904 880 effe,neque
1925 833 2114 875 mulierem
2143 833 2201 870 scd

1167 879 1343 926 quiddam
1366 879 1538 926 utrinque
1565 880 1811 926 compositum
1837 884 1873 917 &
1905 882 2106 920 conflatum
2129 885 2202 930 pla-

1165 941 1289 977 neque
1319 929 1522 966 monstrum
1555 928 1598 965 ab
1631 929 1828 967 hominum
1858 941 1984 969 natura
2008 933 2200 983 specieque

1165 980 1341 1017 alienum.
1395 979 1452 1016 Sic
1477 981 1514 1015 &
1542 978 1756 1017 Prudentius
1776 982 1968 1019 Romano:

1268 1047 1353 1088 Mas
1374 1043 1430 1090 effe
1451 1040 1549 1087 cessat
1569 1040 1626 1077 ille
1640 1069 1649 1084 ,
1679 1054 1737 1078 nec
1755 1041 1962 1089 fitsemina.

1164 1109 1246 1165 Nec
1274 1111 1395 1148 minus
1439 1113 1621 1162 eleganter
1648 1115 1871 1153 Claudianus
1895 1115 1932 1153 in
1971 1114 2197 1164 Eutropium

1163 1160 1224 1197 lib.
1246 1173 1274 1199 1.
1305 1162 1407 1199 versu
1428 1166 1515 1211 466.

1216 1236 1379 1286 Linquite
1394 1237 1584 1282 foemineas
1602 1239 1724 1285 infelix
1744 1239 1849 1277 turba
1872 1239 2020 1277 latebras
2034 1270 2045 1285 ‚

1195 1299 1199 1306 ·
1216 1287 1322 1323 Alter
1343 1301 1423 1336 quos
1441 1291 1568 1337 pepulit
1580 1291 1682 1335 sexies
1695 1319 1704 1334 ‚
1731 1304 1788 1327 nec
1806 1290 1941 1339 suscipit
1963 1292 2076 1337 alter,

1216 1326 1351 1385 Exfelfli
1373 1341 1503 1376 Veneris
1520 1340 1671 1383 stimulos
1692 1353 1734 1380 ey
1755 1342 1899 1378 vulnere
1915 1342 2017 1387 casti,

1214 1389 1322 1432 Misia
1343 1388 1468 1437 duplex
1489 1402 1608 1435 aetas,
1637 1391 1729 1428 inter
1743 1401 1956 1442 puerumque
1968 1394 2152 1442 senemque

1215 1439 1283 1475 Nil
1304 1441 1471 1479 medium.

1166 1512 1296 1561 Itaque
1318 1525 1396 1551 non
1423 1514 1545 1552 minus
1569 1516 1670 1563 gravi
1720 1526 1832 1566 quam
1868 1517 2022 1555 venusto
2041 1518 2195 1557 dieterio

1168 1573 1314 1601 tertium
1333 1577 1439 1613 genus
1462 1565 1645 1602 hominum
1676 1566 1756 1604 illos
1789 1570 1958 1605 nominat
1985 1569 2198 1608 Alexander

1165 1614 1317 1652 Severus
1333 1643 1343 1658 ,
1371 1625 1412 1652 ut
1436 1617 1668 1663 Lampridius
1681 1618 1716 1654 in
1738 1617 1814 1665 ejus
1835 1618 1906 1653 vita
1926 1620 2056 1663 refert;
2087 1622 2198 1658 meri-

1162 1673 1278 1714 toque
1301 1667 1481 1704 Mamerci
1504 1667 1655 1705 Aemilii
1674 1668 1804 1716 Lepidi
1829 1668 1985 1706 consulis
2006 1670 2197 1709 decretum

1164 1717 1471 1762 commendatur,
1497 1719 1542 1755 de
1563 1729 1640 1766 quo
1664 1718 1830 1755 Valerius
1846 1719 2029 1757 Maximus
2055 1721 2198 1760 lib.v11.

1164 1777 1243 1814 cap.
1261 1766 1306 1804 de
1325 1768 1575 1806 Testamentis
1591 1769 1732 1806 resciffis
1745 1797 1753 1811 ‚
1781 1770 1803 1806 h
1817 1772 2089 1808 aecrnemoriae
2112 1784 2198 1820 pro-

1164 1817 1276 1855 didit:
1304 1819 1471 1856 Genutius
1493 1819 1637 1868 quidam
1651 1846 1661 1862 ‚
1691 1821 1824 1857 Matris
1846 1833 1991 1868 magnae
2009 1822 2130 1859 Gallus
2144 1851 2153 1867 ,
2171 1823 2197 1859 ιὶ

1164 1873 1231 1906 Cn.
1259 1870 1367 1911 Oresle
1389 1875 1547 1906 Praetor-e
1577 1871 1671 1906 urbis
1702 1872 1976 1920 impetraverat,
2004 1884 2043 1908 ut
2068 1873 2197 1919 restitui

1160 1924 1194 1965 se
1220 1920 1258 1956 in
1282 1919 1370 1957 bona
1403 1922 1582 1958 Naeviani
1610 1920 1737 1963 juberet
1761 1949 1770 1965 ‚
1808 1935 1953 1970 quorum
1977 1923 2195 1971 posseffionem

1154 1970 1348 2016 secundam
1369 1971 1507 2008 tabulas
1526 1971 1719 2013 testamenti
1741 1971 1783 2007 ab
1805 1972 1869 2016 ipfh
1884 1966 2066 2020 acceperat.
2119 1980 2195 2022 Ap-

1161 2020 1310 2067 pellatus
1325 2023 1554 2057 Mamercusa
1565 2021 1727 2063 Surdino,
1749 2022 1842 2067 cujus
1852 2021 2194 2061 libertasGenutimn

1165 2070 1342 2107 haeredem
1362 2068 1495 2115 fecerat
1515 2097 1526 2113 ‚
1567 2071 1783 2107 Praetorium
1799 2071 2074 2118 jurisdt'clionem
2096 2074 2197 2111 abro-

1161 2122 1285 2167 gavit,
1313 2121 1402 2168 quod
1433 2122 1556 2158 diceret
1586 2121 1776 2157 Genusium
1810 2123 2003 2170 amputatis
2017 2124 2074 2172 sui
2093 2123 2194 2172 ipfius

1159 2171 1370 2218 genitalibus
1391 2171 1534 2212 corporis·
1556 2171 1716 2218 partibus
1749 2184 1854 2219 neque
1896 2173 2055 2208 virorum
2086 2187 2193 2222 neque

1163 2222 1350 2257 mulierum
1382 2233 1524 2256 numero
1552 2219 1668 2256 hal-eri
1693 2220 1819 2259 debere.
1872 2224 2088 2261 Conveniens
2109 2232 2193 2262 Ma-

1164 2283 1270 2306 merco
1285 2298 1294 2314 ,
1322 2271 1522 2307 conveniens
1552 2271 1702 2318 Principi
1723 2277 1868 2308 Senatus
1891 2272 2063 2310 decretum
2079 2303 2088 2318 ,
2127 2290 2192 2326 quo

1159 2322 1338 2369 provisum
1365 2321 1407 2369 est
1420 2349 1429 2365 ‚
1457 2332 1496 2357 ut
1516 2319 1670 2366 obscoena
1689 2323 1830 2358 Genutii
1844 2324 2037 2371 praestentia
2051 2355 2059 2367 ,
2073 2327 2193 2376 inqui-

1158 2384 1312 2422 nataque
1328 2386 1408 2408 voce
1424 2399 1434 2416 ,
1453 2371 1647 2408 tribunalia
1662 2373 2002 2421 magislratuumsub
2012 2377 2117 2424 specie
2133 2387 2191 2426 pe-

1155 2424 1214 2460 titi
1229 2424 1318 2471 juris
1330 2423 1576 2470 polluerentur.
1631 2423 1733 2460 Talis
1753 2424 1821 2460 fuit
1843 2425 1936 2473 Atys
1951 2452 1960 2467 ‚
1992 2437 2052 2463 aut
2069 2427 2165 2465 Attis
2179 2458 2190 2474 ‚

1155 2484 1195 2512 ut
1217 2485 1398 2511 marmora
1422 2474 1600 2522 quaedam
1634 2474 1864 2521 praeferunt,
1894 2477 1938 2511 de
1960 2487 2036 2524 quo
2062 2478 2189 2516 viden-

1154 2526 1189 2562 di
1209 2525 1368 2562 Ovidius
1391 2524 1512 2561 noller
1541 2524 1665 2561 lib.1v.
1686 2524 1773 2561 Fast.
1787 2525 1949 2562 Catullus
1963 2529 1998 2562 in
2013 2527 2188 2567 Galliam·

1154 2576 1202 2613 bo
1222 2604 1232 2619 ,
1271 2575 1460 2612 Diodorus
1489 2574 1628 2611 Siculus
1656 2574 1715 2611 lib.
1737 2587 1800 2612 111.
1832 2578 2015 2614 Lucienus
2047 2580 2080 2615 in
2105 2580 2188 2619 Dea

1154 2626 1281 2676 Syria,
1309 2625 1494 2663 Pausanias
1517 2627 1552 2661 in
1577 2625 1746 2662 Achaicis
1767 2653 1777 2669 ‚
1813 2626 1997 2663 Arnobius
2021 2627 2189 2668 adversus

1154 2679 1314 2720 Gentes,
1342 2676 1401 2713 lib.
1420 2689 1456 2713 v.
1485 2676 1518 2712 S.
1542 2676 1762 2723 Augustinus
1789 2677 1846 2713 lib.
1859 2689 1927 2713 vix.
1956 2678 2002 2712 de
2024 2678 2188 2719 Civitate

1153 2728 1246 2771 Dei,
1276 2740 1320 2764 ex
1339 2726 1560 2764 authoritate
1571 2726 1776 2774 Porphyrii.
1808 2727 2018 2765 Neanthem
2032 2740 2119 2767 vero
2139 2732 2188 2769 de

1153 2778 1329 2826 mysteriis
1348 2779 1385 2814 ἃ
1408 2778 1545 2814 arcanis
1572 2777 1693 2815 Attios
1720 2776 1887 2826 scripsisse
1913 2779 2018 2817 tradit
2038 2781 2188 2830 Harpo-

1154 2830 1308 2868 cration.
1361 2828 1560 2865 SALVAGN.
2183 2828 2187 2831 ⁴

1211 2891 1292 2927 457.
1319 2884 1362 2915 Ut
1381 2878 1513 2926 Atyn]
1544 2878 1591 2915 Et
1611 2889 1656 2915 ex
1672 2877 1734 2915 lib.
1749 2877 1890 2915 calamo
1908 2880 2065 2926 notatis,
2095 2883 2185 2923 &ex

1154 2934 1309 2981 antiquis
1328 2930 1640 2976 inscriptionibus,
1668 2940 1823 2976 quarum
1846 2941 1918 2966 una
1942 2929 1989 2967 est
2010 2933 2044 2968 in
2066 2936 2186 2973 Aedi-

1153 2983 1217 3020 bus
1246 2980 1542 3018 loannisDonati
1566 2979 1766 3017 Cardinalis
1787 2979 1905 3017 Caefii
1922 3006 1932 3023 ,
1961 2983 2063 3019 Attis
2082 3011 2092 3027 ,
2121 2997 2184 3033 fer

1150 3034 1285 3080 duplex
1310 3042 1347 3067 tt
1375 3030 1619 3070 scribendum.
1670 3030 1758 3079 Ejus
1786 3038 1911 3068 autem
1943 3031 2185 3082 inscriptionis

1151 3084 1368 3133 principium
1388 3082 1453 3119 est:

1204 3157 1278 3205 Qi
1299 3155 1405 3212 colitis
1425 3155 1595 3205 Cybelen,
1624 3167 1667 3197 ca·
1689 3156 1747 3208 qui
1765 3156 1904 3207 Phryga
1927 3157 2090 3208 plangitis
2112 3161 2183 3195 At·

1333 3217 1387 3243 tm
1412 3234 1422 3250 ‚

1255 3263 1353 3295 Dum
1375 3268 1483 3296 vacat
1502 3271 1542 3300 cy·
1563 3260 1674 3306 tacita
1696 3259 1879 3308 Dindyma
1902 3261 1993 3297 noete
2007 3256 2127 3309 filent.

1613 3321 1638 3357 P
2118 3323 2188 3364 Sed
