2547 3708
902 114 925 172 1
1067 114 1114 172 Β

1263 114 1286 172 Ι
1434 115 1484 173 S.
2179 129 2251 192 251

397 216 519 272 Sive
543 232 679 288 egr),
716 213 862 287 quod
892 213 1296 283 nolim,=longis
1326 214 1670 286 consumptus
1695 213 1758 270 ab
1787 214 1961 281 anniS,

474 292 595 345 Sive
620 306 776 342 manu
804 286 935 341 facta
963 300 1138 340 morte
1164 287 1363 340 solutus
1388 304 1498 340 ero,
1670 303 1676 308 ·

395 365 516 419 Sive
544 380 638 432 per
664 360 940 414 immensas
958 359 1192 428 jactabor
1219 360 1499 427 naufragus
1525 359 1721 425 undam,

252 459 352 509 150

462 435 760 505 Nostraque
783 434 1104 504 longinquus
1129 431 1324 485 viscera
1348 432 1499 502 piscis
1527 432 1670 486 edet.

393 512 514 566 Sive
539 506 847 580 peregrinae
870 518 1091 574 carpent
1120 520 1234 558 mea
1261 503 1497 557 membra
1527 506 1795 575 volucres³

469 581 591 637 Sive
615 594 738 633 meo
759 577 1006 649 tinguent
1032 577 1280 648 sanguine
1305 577 1607 649 rostralupi.

103 856 247 896 Larvae
267 850 365 891 enim
387 845 467 886 sunt
496 843 665 885 noffium
694 840 924 881 occursacula
939 870 949 887 ‚
974 839 1048 880 five
1070 841 1138 882 bu-

102 909 237 946 storum
265 898 525 941 formidamina
547 923 558 941 ‚
594 896 632 932 &
659 893 932 942 sepulchrorum
954 894 1138 932 terricula—

101 967 251 998 menta,
280 961 319 990 ut
351 948 526 997 Apulejus
544 946 707 994 loquitur
730 972 740 988 ‚
778 944 877 982 unde
901 946 1047 982 Larvati
1075 957 1136 982 au-

101 1011 207 1048 thore
238 1003 341 1042 Fesso
360 1001 528 1038 dicuntur
552 995 675 1036 furiofi
697 996 733 1032 δε
756 1004 882 1032 mente
895 997 989 1032 moti
1004 1023 1014 1038 ‚
1035 995 1135 1044 quasi

103 1059 230 1097 Larvis
242 1053 413 1093 exterriti.
440 1047 588 1087 Gloflae
599 1047 770 1093 Stephani
783 1050 1073 1089 Larvamssics‘M
1082 1060 1135 1083 reu

103 1113 395 1156 interpretantur.
419 1101 590 1138 Satvrio.
607 1097 700 1147 Offea
711 1096 817 1132 larva
831 1097 949 1134 codex
965 1097 1134 1146 Dionysii

98 1158 279 1207 Salvagnii
309 1152 450 1192 Boeffii.
493 1149 692 1199 quomodo
721 1147 859 1185 Seneca
889 1147 997 1195 Epist.
1031 1160 1135 1186 xxrv,

99 1216 302 1247 Larvarum
322 1204 483 1241 habitum
502 1200 605 1238 nudis
622 1196 737 1246 offibus
756 1198 1011 1234 cohaerentium
1032 1199 1136 1238 dixit,

98 1262 135 1298 &
159 1257 335 1307 Apulejus
366 1257 402 1291 in
435 1252 614 1300 Apologia
630 1279 638 1294 ,
667 1249 812 1285 tertium
833 1249 1053 1286 mendacium
1073 1264 1134 1287 ve-

88 1310 202 1359 strum
217 1308 293 1355 fuit
318 1303 542 1342 macilentam
558 1330 569 1347 ‚
596 1300 654 1337 vel
671 1301 810 1337 omnino
827 1300 1134 1347 evffieratamfhr-

96 1374 192 1398 mam
215 1359 284 1395 diri
301 1354 481 1393 cadaveris
492 1352 710 1401 fabricatam
726 1350 858 1399 prorsus
879 1350 1077 1388 horribilem
1091 1364 1134 1393 φ’

92 1410 279 1449 larvalem.
307 1418 417 1451 Quam
431 1404 604 1442 larvalem
615 1404 774 1449 formam
788 1429 798 1447 ,
825 1403 862 1440 ὃ(
884 1401 1028 1438 larvam
1040 1414 1130 1451 pau-

92 1462 131 1500 lo
151 1461 228 1510 post
250 1459 446 1507 Apuiejus‚
466 1455 613 1504 sceleton
633 1455 682 1490 bis
703 1462 805 1490 terve
827 1452 964 1490 ibidem
987 1466 1130 1491 nuncu-

89 1521 160 1562 pat.
190 1515 237 1549 ita
258 1511 357 1547 enim
379 1508 519 1546 erudite
541 1507 578 1543 ὃ(
600 1502 863 1553 ingeniose,ut
887 1505 1014 1541 omnia
1029 1517 1129 1549 ,ma-

90 1575 182 1613 gnus
212 1560 446 1599 Casaubonus
476 1558 548 1595 illic
576 1555 738 1593 restituit.
790 1566 902 1602 quem
932 1555 1018 1592 vide
1049 1568 1130 1604 pag.

96 1616 177 1652 ¹62.
207 1612 342 1650 eodem
372 1610 465 1646 libro
492 1620 521 1645 1.
545 1604 797 1643 Met.larvale
817 1603 1061 1653 simulacrum.
1092 1612 1129 1644 ὃς

89 1665 245 1703 Sidonio
272 1659 484 1709 Apollinari,
503 1660 541 1696 in
573 1656 740 1704 Epistolis
768 1656 859 1693 libro
883 1669 947 1694 111.
974 1666 1027 1703 ιζ.
1056 1657 1127 1693 lar-

89 1715 186 1752 vales
206 1713 361 1750 umbrae.
390 1710 581 1748 Petronius
598 1720 673 1754 cap.
688 1718 813 1743 xxxiv.
842 1706 987 1742 larvam
1009 1721 1130 1756 argen-

86 1776 180 1802 team
199 1765 322 1801 attulit
337 1769 460 1810 servus
475 1759 523 1808 fic
542 1769 660 1807 aptam
676 1785 685 1801 ,
710 1768 748 1793 ut
761 1757 904 1793 articuli
924 1759 997 1805 ejus
1013 1771 1124 1796 verte>

87 1816 232 1866 braeque
252 1815 380 1851 locatae
404 1813 441 1849 in
462 1823 598 1848 omnem
621 1818 755 1863 partem
771 1806 1005 1856 flee‘lerentur.
1030 1821 1125 1858 quae

87 1869 176 1915 quin
198 1867 242 1904 de
270 1864 401 1902 sceleto
432 1870 607 1911 argenteo
627 1858 862 1907 intelligenda
890 1858 958 1898 fint
977 1872 1055 1899 non
1077 1862 1124 1899 est

51 1919 54 1922 ’
90 1916 254 1953 dubium.
279 1919 364 1952 curri
387 1913 575 1961 sequatur,

150 1993 202 2031 Sic
223 1992 349 2029 erimus
367 1991 480 2027 cuncti
495 2018 505 2034 ,
522 1990 706 2039 postquam*
719 2003 776 2028 nos
796 1991 929 2033 auferet
948 2005 1054 2031 orcus.

85 2066 202 2117 potest
222 2075 345 2102 tamen
379 2064 525 2110 vulgata
555 2063 666 2100 lectio
694 2064 788 2111 apud
813 2064 1001 2102 Nasonem
1020 2065 1127 2108 ferri,

89 2126 128 2156 ut
147 2117 355 2166 offeaforma
379 2113 427 2150 illi
442 2113 506 2156 fit,
535 2125 629 2162 quae
651 2114 814 2160 Apulejo
829 2116 950 2158 forma
976 2115 1128 2152 larvalis

85 2180 131 2208 (7⁰
150 2168 349 2215 eviscerata.
378 2171 467 2212 puto
498 2165 534 2200 in
561 2163 717 2210 Priapeis
739 2163 845 2211 Epig.
868 2174 919 2200 xx.
950 2174 1031 2201 eam
1058 2176 1125 2201 vo-

81 2231 164 2258 cem
184 2219 389 2258 etiamnum
413 2213 627 2252 mendosam
648 2211 742 2251 effe:

136 2303 250 2349 Tolle,
272 2305 440 2353 inquam,
464 2309 578 2350 precor
593 2327 602 2344 ‚
628 2312 669 2336 ac
682 2299 765 2346 jube
785 2299 891 2338 latere

134 2355 235 2405 Sciffa
250 2354 313 2403 [ub
333 2353 451 2391 tunica
463 2381 473 2396 ‚
496 2350 648 2401 stolaque
666 2353 746 2397 rufa
761 2379 772 2394 ,

132 2412 179 2442 Ut
195 2408 321 2455 semper
335 2405 419 2452 solet
434 2431 444 2447 ,
471 2413 515 2442 (9¹
534 2402 655 2439 timere
673 2402 781 2437 lucem
797 2429 807 2446 ‚

133 2458 208 2505 Qui
227 2455 326 2493 tanto
340 2464 436 2504 patet
458 2453 614 2490 indecens
631 2452 734 2488 hiatu
746 2481 756 2496 ‚

133 2507 283 2543 Larvali
304 2508 413 2543 macie
427 2533 436 2549 ,
463 2504 632 2541 eminente
657 2508 736 2552 naso
750 2531 762 2550 ‚

133 2563 178 2595 Ut
201 2559 319 2595 credas
340 2558 508 2607 Epicuron
528 2554 674 2601 oscitari.

82 2651 132 2688 ita
150 2651 286 2697 scribo,
315 2662 399 2689 curn
420 2648 562 2686 barbato
583 2661 697 2686 macer
717 2649 829 2697 vulgo
848 2647 1010 2697 legatur,
1040 2654 1122 2683 ver-

83 2701 121 2739 su
143 2703 260 2750 primo
276 2711 386 2750 precor
405 2713 469 2749 pro
486 2701 603 2750 procul
621 2700 862 2748 reposuimus.
886 2699 945 2737 sed
957 2697 1118 2736 necdum

83 2754 224 2800 integer
243 2752 292 2788 est
306 2753 420 2789 locus.
450 2752 591 2789 Hem-s.
629 2752 728 2789 Vide
752 2760 960 2788 comment.
981 2749 1026 2786 ad
1037 2748 1117 2784 Au-

83 2802 161 2840 son.
174 2803 283 2838 Cent.
303 2803 417 2849 Nupt‚
428 2813 506 2850 pag.
522 2803 707 2851 503.&ad
721 2803 866 2839 Petron.
896 2812 973 2849 cap.
985 2810 1115 2836 xxxiv.

137 2862 223 2900 147.
250 2852 329 2888 Sive
345 2864 397 2898 ego
410 2879 421 2896 ,
447 2854 535 2899 quod
550 2852 714 2903 nollem.]

81 2915 213 2954 genera
234 2903 404 2940 naturalis
430 2901 561 2939 scilicet
583 2905 620 2940 ὅ(
642 2904 850 2941 violentae:
879 2901 1115 2943 Aristoteles,

81 2956 161 3000 περὶ
183 2953 393 2993 ’Amo-roone.
430 2954 593 2994 Θάνειτος
617 2953 646 2988 δ’
676 2954 753 2996 ἐςῖν
771 2982 781 2997 ,
820 2955 835 2991 ὁ
856 2957 921 2997 μὲν
940 2951 1071 2996 βίαιος,
1100 2951 1116 2987 ὃ

83 3007 147 3051 μὲν
167 3006 267 3040 κατὰ
289 3003 405 3050 Φύσιν·
440 3002 550 3047 βὶειιος
577 3006 642 3046 μὲν
666 3003 732 3040 ὅθεν
754 3005 773 3046 ἦ
796 3006 894 3050 ἀρχὴ
924 3003 1044 3049 ἔξωθεν
1074 2997 1112 3047 ᾗ,

81 3058 183 3093 κατὰ
202 3055 306 3101 Φύσιν
324 3053 364 3090 δὲ
381 3053 468 3090 ὅταν
488 3052 524 3089 ἐν
542 3051 652 3099 αὐτῷ.
678 3055 724 3091 Et
743 3055 839 3093 illam
862 3055 1014 3104 quidem
1037 3053 1116 3090 De-

82 3106 290 3145 mosthenes
302 3105 406 3143 Orat.
427 3106 505 3148 περῖ
525 3105 724 3148 Στεφάνου.
743 3107 806 3141 τὸν
826 3108 890 3148 τῆς
905 3106 1118 3151 εἱμαρμένης

82 3159 144 3194 καὶ
169 3156 374 3202 αὐτόματον
395 3157 551 3192 θάνατον.
598 3156 1036 3204 ViolentamSophoclcs
1065 3156 1116 3192 E-

80 3206 210 3252 rear-a,
241 3209 301 3245 τὸν
319 3206 362 3254 ἐξ
381 3206 585 3253 ἀναγκαίας
607 3208 735 3252 τύχης.
762 3206 976 3255 Utrumque
1001 3217 1115 3254 genus

77 3259 195 3308 tangit
224 3258 382 3296 Ovidius
413 3259 488 3298 hoc
518 3256 692 3303 disticho5
723 3256 916 3311 naturalis,
938 3267 1025 3296 cum
1044 3257 1118 3303 ait,

255 3313 351 3349 Tem.
377 3313 435 3347 IV.

772 2854 905 2890 Mortis
936 2852 1012 2888 duo
1034 2850 1116 2886 sunt
1136 2862 1138 2865 ’

2115 703 2238 758 Sive

1192 842 1273 880 Sive
1291 856 1344 892 ego
1357 871 1366 887 ‚
1394 841 1485 893 quod
1507 841 1630 879 nollem
1643 869 1653 885 ‚
1682 841 1788 890 longis
1808 842 2022 891 consumptus
2041 840 2086 879 ab
2107 841 2237 887 annis}

1193 895 1378 932 violentae
1409 905 1493 930 cum
1525 894 1697 941 subjicit,
1733 891 1811 940 five
1840 906 1948 929 manu
1972 903 2078 940 parta
2113 902 2234 931 morte:

1193 946 1368 983 nimirum
1389 945 1457 982 fnit
1481 955 1565 981 cum
1589 944 1650 981 sibi
1671 944 1850 981 violentas
1871 956 1997 981 manus
2019 943 2146 981 afferre
2168 955 2238 982 vo-

1192 995 1324 1040 luerit,
1353 1008 1390 1033 ut
1413 994 1485 1042 ipse
1504 996 1651 1033 testatur
1671 995 1731 1032 lib.
1753 1007 1781 1032 1.
1801 995 1846 1032 de
1867 996 2013 1040 Ponto,
2042 995 2144 1043 Eleg.
2164 1006 2237 1042 vni

1192 1048 1235 1083 ad
1262 1048 1512 1084 Graecinum:

1243 1116 1302 1146 Me
1327 1125 1456 1160 quoque
1475 1121 1654 1148 conantem
1673 1110 1787 1159 gladio
1803 1110 1908 1159 finire
1929 1110 2058 1149 labores

1292 1163 1445 1205 Arcuit,
1469 1162 1592 1210 (spes)
1620 1164 1746 1209 injecla
1769 1163 2005 1213 continuitque
2025 1176 2149 1203 manu.

1241 1213 1406 1262 Qidque
1420 1214 1532 1259 facis,
1561 1213 1725 1261 lacrymis
1752 1222 1829 1262 opus
1858 1214 1924 1260 est,
1954 1227 2021 1252 non
2041 1215 2234 1265 sanguine}

1364 1264 1482 1300 dixit.-

1292 1320 1391 1363 Saepe
1406 1325 1467 1364 per
1485 1316 1549 1351 has
1566 1314 1657 1364 flecti
1679 1316 1846 1364 Principis
1870 1316 1923 1352 ira
1933 1316 2034 1365 solet.

1190 1375 1308 1425 quue
1340 1388 1386 1414 ex
1418 1377 1515 1414 civili
1552 1378 1744 1424 prudentia
1768 1406 1776 1421 ‚
1816 1377 1887 1426 qua
1908 1379 2031 1416 taedio
2050 1381 2148 1418 vitae
2168 1379 2232 1420 sibi

1187 1436 1348 1465 mortem
1381 1427 1601 1466 consciscere
1631 1429 1682 1466 fas
1709 1438 1784 1466 erat
1811 1456 1820 1472 ,
1859 1438 1897 1465 ut
1930 1442 1973 1466 ex
2000 1431 2053 1468 his
2083 1432 2233 1479 Ulpiani

1187 1479 1304 1516 verbis
1327 1479 1495 1527 colligere
1518 1479 1563 1515 est
1584 1480 1704 1527 inleg.
1726 1479 1750 1516 fi
1770 1480 1850 1528 quis
1869 1478 1967 1524 filio,
1997 1482 2026 1522 §v
2050 1483 2230 1531 ejusqui,

1188 1529 1226 1566 ff.
1249 1530 1293 1567 de
1316 1530 1447 1577 injusto
1479 1542 1544 1577 rup
1585 1531 1690 1577 Quod
1714 1529 1749 1577 fi
1777 1530 1854 1580 quis
1882 1532 1994 1566 taedio
2026 1533 2143 1575 vitae,
2175 1534 2230 1570 vel

1185 1581 1401 1617 valetadmz's
1423 1582 1589 1625 adversae
1608 1582 1824 1629 impatientia
1834 1586 1850 1623 ',
1877 1583 1935 1617 vel
1950 1583 2164 1630 jactatione,
2189 1593 2231 1621 ut

1186 1632 1335 1679 quidam
1361 1632 1568 1679 Phtlosopht',
1592 1643 1736 1668 mortem
1750 1630 1817 1680 sibi
1841 1634 2078 1676 consciverunt
2094 1661 2104 1677 ‚
2134 1635 2170 1670 in
2190 1646 2230 1671 ea

1185 1682 1287 1730 causa
1309 1686 1390 1726 sunt
1405 1711 1415 1727 ‚
1436 1694 1473 1718 ut
1487 1683 1689 1729 testamenta
1702 1695 1819 1718 eorum
1833 1683 1993 1720 valeant.
2024 1685 2227 1724 SALVAGN.

1242 1743 1311 1780 147
1354 1734 1458 1781 Quod
1480 1733 1643 1780 nollem.]
1675 1732 1733 1769 Sic
1754 1733 1950 1781 legendum
1974 1734 2045 1777 est,
2074 1747 2150 1772 non
2164 1747 2232 1773 au·

1184 1791 1259 1821 tem
1285 1784 1409 1820 vellem
1449 1784 1594 1821 Consr.
1628 1784 1799 1820 Flagris.
1855 1785 1959 1831 {Quod
1981 1785 2088 1821 nolim
2108 1787 2229 1834 scripti

1182 1844 1351 1883 quatuor.
1382 1837 1523 1872 'ricius‘
1577 1835 1709 1873 Parum
1729 1835 1850 1873 refert.
1876 1836 1947 1873 vid.
1967 1835 2012 1874 ad
2037 1836 2147 1885 Epist.
2166 1849 2229 1875 xx.

1190 1898 1272 1924 100.

1245 1937 1323 1984 148.
1352 1939 1430 1976 sive
1461 1951 1570 1975 manu
1594 1948 1699 1987 parta
1721 1947 1829 1975 morte
1845 1937 1979 1985 fhlutus
1994 1936 2093 1986 ero.]
2148 1938 2226 1977 Hie

1182 1989 1301 2026 versus
1331 1991 1366 2025 in
1399 1990 1570 2025 omnibus
1603 1989 1824 2025 editionibus
1851 1989 1896 2024 ita
1919 1987 2128 2034 legebatur,
2146 1987 2227 2036 five

1185 2052 1294 2074 manu
1305 2040 1406 2083 fae'la
1427 2049 1548 2073 morte.
1593 2037 1664 2075 Sed
1692 2038 1861 2087 quamvis
1887 2038 2100 2084 hujusmodi
2120 2039 2227 2078 locu-

1182 2090 1327 2126 tionem
1342 2090 1460 2133 facere
1476 2097 1622 2123 mortem
1637 2088 1732 2133 apud
1747 2087 1995 2124 Columellam
2015 2088 2075 2125 lib.
2088 2100 2134 2125 11.
2147 2101 2226 2137 cap²

1184 2148 1218 2174 2.
1247 2142 1284 2175 ὅ(
1313 2139 1408 2182 apud
1437 2138 1614 2173 Senecam
1642 2136 1771 2172 alicubi
1795 2164 1803 2178 ‚
1842 2146 1881 2173 ut
1902 2137 2069 2181 &facere
2088 2140 2224 2177 caedem

1182 2188 1276 2235 apud
1301 2187 1517 2224 Cornelium
1542 2187 1730 2234 Nepotem
1755 2189 1790 2223 in
1812 2186 2044 2235 Thrasybulo
2069 2192 2225 2229 memini

1181 2249 1243 2274 rne
1266 2237 1477 2281 observare,
1505 2238 1706 2286 elegantior
1734 2246 1857 2274 tamen
1888 2239 1978 2275 mihi
2006 2240 2074 2276 visa
2106 2241 2153 2278 est
2181 2253 2225 2280 ea

1179 2288 1290 2327 lee‘tio
1319 2316 1329 2332 ,
1364 2300 1474 2337 quam
1505 2300 1550 2326 ex
1579 2290 1691 2326 veteri
1724 2287 1937 2326 membrana
1964 2291 2221 2331 excudendam

1179 2342 1326 2384 curavi,
1352 2348 1458 2387 parta
1488 2350 1596 2376 morte
1616 2367 1628 2384 ,
1661 2340 1859 2389 quomodo
1884 2340 2054 2389 Virgilius
2082 2341 2144 2380 lib.
2166 2355 2221 2381 vx.

1177 2389 1329 2429 AEneid.
1350 2390 1493 2428 locutus
1511 2391 1579 2428 est:

1226 2455 1394 2491 Proxima
1422 2453 1543 2490 deinde
1570 2462 1687 2489 tenent
1715 2451 1827 2496 moesti
1857 2451 1928 2489 loca
1950 2481 1961 2498 ‚
2001 2456 2062 2504 qui
2084 2454 2152 2506 fibi
2171 2455 2220 2504 le3'

1349 2504 1451 2541 thum
1653 2508 1656 2511 ’

1230 2557 1380 2604 Insontes
1398 2565 1545 2604 peperere
1562 2567 1697 2600 manu,
1725 2553 1899 2605 lucemque
1915 2554 2022 2605 perosi

1234 2609 1402 2656 Projecere
1419 2608 1572 2644 animas.

1176 2672 1224 2712 Et
1244 2673 1368 2710 Ceiri:

1227 2741 1306 2773 Aut
1329 2734 1418 2772 mihi
1431 2734 1601 2784 praesenti
1616 2733 1801 2783 peperiffem
1820 2733 1963 2771 vulnere
1983 2733 2131 2775 lethamss

1171 2800 1371 2838 samen.
1397 2800 1499 2837 Nihil
1512 2798 1963 2840 mutandummanufac'la
1977 2801 2075 2837 enim
2087 2802 2216 2841 omnia

1171 2852 1365 2894 dicuntur,
1386 2849 1485 2899 quasi
1505 2861 1549 2887 ex
1571 2850 1728 2886 formula
1752 2850 1964 2898 quotidiana
1981 2877 1991 2894 ,
2018 2863 2111 2900 quae
2134 2865 2212 2890 non

1171 2902 1301 2949 sponte
1322 2902 1359 2938 &
1381 2910 1507 2938 natura
1520 2928 1531 2944 ,
1551 2899 1610 2936 sed
1629 2912 1739 2947 opera
1754 2928 1763 2944 ‚
1776 2901 1814 2937 &
1836 2901 1959 2937 labore
1972 2904 2029 2944 ,ὀί
2044 2903 2212 2940 industria

1171 2952 1275 2990 fiunt,
1296 2952 1379 2990 vide
1400 2964 1495 3001 quae
1506 2952 1719 2988 notavimus
1741 2951 1785 2988 ad
1805 2951 1985 2999 Quinctil.
2007 2963 2042 2988 v.
2061 2953 2107 2990 de
2129 2953 2210 2990 Inst.

1172 3004 1278 3050 Orat.
1302 3013 1359 3053 14.
1380 3004 1416 3040 &
1441 3015 1475 3040 v.
1496 3001 1601 3039 Decl.
1624 3014 1660 3049 9.
1683 3002 1721 3038 ὃς
1744 3003 1899 3049 praeivit
1920 3002 2061 3050 Lipsius
2083 3003 2126 3039 ad
2147 3003 2211 3040 Se-

1170 3066 1251 3092 nec.
1265 3053 1421 3092 Consol.
1441 3053 1486 3091 ad
1502 3052 1708 3099 Helv.154.
1735 3064 1812 3100 cap.
1836 3065 1913 3089 xix.
1939 3054 1977 3090 ὅ(
1997 3053 2211 3091 3111.ΒυκΜ.

1227 3118 1310 3153 ῐςο.
1339 3104 1442 3152 Piscis
1467 3103 1578 3153 edet.]
1616 3103 1709 3139 Edat
1737 3115 1829 3141 unus
1856 3104 1990 3152 Regius
2016 3106 2054 3140 &
2073 3103 2210 3143 Bersm.

1171 3156 1244 3193 edes
1261 3156 1348 3194 alius
1370 3155 1574 3193 Mediceus.
1608 3163 1742 3203 corpora
1761 3155 1872 3191 etiam
1902 3154 2031 3197 multi,
2059 3165 2125 3201 pro
2151 3155 2210 3201 vie

1186 3220 1272 3244 cera.

1166 3213 1188 3256 s
1228 3268 1309 3306 151.
1335 3256 1417 3316 δέρε
1438 3255 1629 3307 peregrinae
1658 3263 1795 3306 carpent
1824 3267 1901 3293 mea
1929 3252 2084 3293 membra
2109 3254 2211 3291 vola-

2132 3318 2213 3344 cre-⁶2
