2547 3708
755 139 818 195 P.
889 133 1301 194 OVIDII

1374 136 1910 195 NASONIS

576 235 735 293 Haec
754 236 830 291 est
849 237 907 292 in
929 233 1107 297 fastis,·
1143 234 1230 289 cui
1258 234 1348 289 dat
1378 236 1551 306 gravis
1575 237 1714 291 Allia
1738 254 1967 307 nomen,

646 310 910 382 Quaeque
936 307 1049 360 dies
1072 306 1213 369 Ibin,
1248 307 1455 380 publica
1480 308 1700 372 damna,
1740 312 1875 365 tulit.

585 385 696 453 QJi
720 382 868 436 fimul
895 380 1134 450 impurae
1155 382 1334 435 matris
1361 380 1628 452 prolapsus
1656 382 1720 436 ab
1746 383 1893 445 alm,

656 452 984 526 Cinyphiam
1009 451 1177 507 foedo
1204 469 1433 526 corpore
1458 452 1642 525 preffit
1667 454 1908 510 humum.

392 663 578 703 'Candidus
599 661 665 701 huc
685 660 808 700 venias
835 681 988 693 ———

292 738 381 779 Imo
408 752 500 778 vero
526 739 733 786 Propertius
768 736 829 774 lib.
846 748 892 774 xr.
919 737 1023 785 Eleg.
1048 747 1105 775 12.
1139 735 1330 773 candidam

292 793 424 829 melem
447 790 582 828 eodem
604 788 703 826 sensu
725 787 842 832 dixit,
871 799 947 838 quo
969 789 1068 825 idem
1095 787 1257 825 Ovidius
1278 787 1327 824 E-

291 842 419 891 pistola
445 841 579 878 Paridis
606 838 651 876 ad
684 838 867 876 Helenam
901 838 1135 876 candidiorem
1167 839 1298 874 motem
1316 865 1328 882 ‚

292 902 424 931 contra
435 891 605 930 Musaeus
616 889 779 936 ὁμίχλην
791 889 924 937 nuptiis
943 889 1194 927 infeliciffimis
1207 889 1329 926 Herus

291 942 332 980 δε
348 943 507 981 Leandri
528 941 700 990 praefecit
728 939 997 987 ἐνυμφοκὸμησε
1017 939 1056 977 δε
1069 939 1220 986 ὁμίχλη.
1259 939 1330 977 Sed

292 993 334 1031 δὲ
361 994 458 1043 apud
488 992 691 1030 Historicos
721 991 867 1029 coelum
897 991 1082 1029 turbidum
1103 1019 1112 1034 ,
1145 993 1181 1028 ὅτ
1200 989 1330 1028 obscu-

291 1054 371 1082 ram
390 1045 513 1083 lucem
531 1045 646 1087 ,inter
663 1042 788 1080 scaeva
810 1042 938 1079 omi-na
959 1040 1049 1079 olim
1069 1049 1240 1088 accepta,
1260 1052 1330 1078 no-

289 1103 368 1132 tare
389 1095 474 1133 licet
490 1093 584 1143 apud
596 1093 861 1141 Thucydidem
876 1092 1051 1130 Prooem.
1088 1092 1225 1138 Julium
1249 1091 1329 1128 Ob-

290 1145 510 1194 sequentem
533 1155 610 1192 cap.
630 1156 689 1188 42.
715 1144 760 1182 ad
787 1155 898 1192 quam
925 1143 1216 1190 superstitionem
1239 1142 1329 1180 allu-

291 1195 383 1284 ssens
402 1196 623 1254 Claudianus
644 1196 682 1233 in
696 1196 882 1244 Quartum
896 1194 1125 1232 consulatum
1143 1193 1308 1232 Honorii
1319 1221 1331 1240 ,

308 1257 342 1285 1c
361 1255 479 1286 canit:

344 1331 420 1366 Nec
441 1329 561 1362 Boreas
583 1322 735 1367 nimbos,
764 1335 821 1360 nec
843 1322 897 1359 Sol
918 1319 1191 1370 ardentior-egit,

345 1375 486 1425 1mperii
504 1375 567 1412 lux
588 1374 652 1412 illa
662 1376 739 1420 fuit
750 1388 761 1417 ;
787 1375 968 1423 praesagus
986 1370 1101 1409 obibat

344 1429 485 1464 Cunc‘la
506 1425 599 1464 nitor
612 1453 623 1472 ,
650 1423 792 1475 rifitque
811 1435 868 1462 tuo
889 1434 1021 1463 natura
1039 1424 1163 1472 sereno.

294 1493 468 1535 sarus.

345 1572 432 1600 220.
463 1559 653 1611 melania]
687 1558 824 1598 indutis
849 1556 1022 1597 Francos.
1060 1565 1137 1594 orta
1154 1551 1228 1601 fuit
1246 1550 1336 1589 Mo-

291 1620 372 1651 retl-

343 1674 432 1702 221.
465 1670 553 1700 Haec
564 1662 606 1711 est
616 1663 652 1700 in
654 1661 755 1710 fastis
775 1660 829 1698 cui
848 1661 911 1698 dat
919 1659 1041 1710 gravis
1055 1657 1160 1696 Allia
1179 1653 1334 1705 nomm]

291 1713 392 1752 Allia
409 1714 563 1759 fluvius,
591 1714 636 1752 ad
655 1725 768 1763 quem
784 1712 949 1750 Senones
970 1711 1066 1749 Galli
1084 1721 1168 1748 cum
1184 1709 1327 1744 Roma·

292 1765 348 1802 nis
369 1772 624 1814 pugnaverunt
647 1793 657 1809 ‚
703 1765 741 1801 &
766 1764 947 1802 Romanis
976 1760 1130 1800 devietis
1162 1760 1326 1796 Romam

250 1860 252 1863 ¹
291 1825 495 1863 ceperunt,
523 1815 560 1851 ὅ(
584 1815 812 1863 Capitolium
841 1813 1090 1855 obsederunt;
1119 1809 1180 1848 sed
1207 1808 1329 1856 super-

293 1866 472 1904 veniente
485 1865 643 1903 Camillo
664 1867 771 1903 Duce
787 1865 989 1908 Romano,
1025 1864 1088 1911 qui
1110 1869 1200 1900 tunc
1231 1868 1329 1896 tem·

292 1917 394 1964 poris
428 1918 465 1953 in
501 1916 613 1954 exilio
640 1925 715 1954 erat
735 1943 746 1960 ,
785 1914 881 1952 Galli
913 1913 1002 1953 vieti
1029 1914 1121 1951 sunt·
1179 1912 1330 1949 INTER-

293 1978 407 2006 Pizsss.
464 1966 623 2004 Videtur
645 1965 716 2003 effe
750 1965 903 2003 dietum.
939 1971 1031 2002 Haec
1049 1964 1115 2009 esi,
1143 1974 1233 2011 pro,
1263 1961 1333 1998 Ea-

295 2017 385 2055 dem
406 2016 482 2055 dies
507 2016 554 2054 est
576 2016 612 2054 in
636 2015 762 2059 Fastis,
790 2014 977 2061 Allienfis,
1000 2017 1038 2053 &
1060 2015 1186 2051 lbinin
1208 2014 1331 2051 lucem

294 2067 461 2117 protulit.
488 2074 527 2104 ut
538 2066 734 2114 significet,
748 2065 977 2114 postriduana
991 2074 1102 2114 atque
1112 2072 1185 2102 atra
1199 2063 1257 2100 die
1270 2073 1335 2098 na-

296 2125 393 2156 tum.
422 2118 534 2156 Paulo
547 2117 647 2165 post,
678 2117 775 2158 Ibin,
801 2117 934 2164 publica
947 2118 1100 2160 damna,
1128 2113 1334 2162 appositive

297 2168 454 2207 dietum.
503 2168 680 2206 M1crr1..
717 2166 819 2205 Allia
853 2166 927 2203 sive
967 2166 1055 2202 Alia
1094 2166 1226 2202 fluvius
1263 2163 1333 2206 est,

295 2220 414 2258 hodie
435 2247 446 2265 ,
498 2219 685 2256 caminate
704 2244 715 2263 ‚
761 2218 824 2266 qui
857 2215 878 2253 a
930 2216 1144 2254 Crustumiis
1196 2214 1336 2251 monti-

295 2270 365 2309 bus
395 2270 557 2320 praealto
578 2269 771 2307 decurrens
800 2268 907 2305 alveo
929 2267 1112 2305 Tiberino
1131 2266 1231 2303 amni
1253 2264 1335 2302 mis-

299 2330 404 2360 cetur
424 2349 435 2365 ‚
482 2321 527 2358 ad
558 2332 671 2370 quem
700 2319 861 2357 Romani
890 2316 910 2355 a
934 2318 1045 2355 Gallis
1074 2317 1167 2355 duce
1186 2316 1336 2353 Brenno

298 2384 436 2421 magna
453 2371 565 2420 strage
584 2370 704 2409 affeeti
723 2370 802 2408 sunt
823 2397 833 2415 ,
869 2381 914 2407 ex
935 2381 1012 2418 quo
1034 2367 1225 2406 infamiam
1248 2378 1337 2404 con-

299 2426 411 2462 traxit
431 2432 595 2461 notatam
626 2422 750 2470 paffim
779 2419 799 2458 a
833 2420 1085 2469 scriptoribus.
1138 2418 1239 2456 Hinc
1267 2417 1339 2453 Al-

300 2474 411 2523 limfis
431 2474 524 2518 dies,
552 2473 806 2522 proinfaustoz
836 2472 972 2509 Cicero
997 2471 1132 2508 lib.1x.
1157 2469 1333 2518 Epist.1v.

300 2526 347 2564 ad
366 2525 533 2562 Atticum
557 2552 574 2569 „
610 2526 760 2573 Majores
786 2522 891 2567 nostri
911 2550 920 2566 ‚
956 2523 1096 2570 inquit,
1115 2520 1337 2566 funestiorem

302 2577 393 2614 diem
416 2577 473 2624 effe
505 2576 690 2612 voluerunt
723 2572 888 2621 Alliensis
908 2582 1041 2622 pugnae
1062 2600 1072 2617 ‚
1111 2585 1218 2620 quam
1245 2570 1338 2607 urbis

304 2638 442 2676 captae,
471 2626 561 2676 quod
577 2625 636 2661 hoc
659 2624 794 2661 malum
822 2637 863 2660 ex
882 2623 952 2661 illo.
1009 2630 1130 2672 Itaque
1149 2622 1238 2659 alter
1256 2620 1334 2658 reli·

301 2680 411 2727 giosus
427 2679 533 2715 etiam
555 2688 647 2713 nunc
665 2676 734 2712 dies
747 2703 757 2720 ,
782 2673 919 2711 alteria
930 2674 1056 2723 vulgus
1073 2676 1218 2722 ignotus.
1246 2671 1335 2709 Cer-

304 2729 343 2766 te
362 2740 415 2765 res
437 2728 559 2765 omnis
579 2726 775 2765 infeliciter
792 2725 946 2762 Vitellio
958 2725 1051 2773 gesta
1065 2725 1110 2762 est
1127 2752 1136 2768 ‚
1164 2725 1226 2773 qui
1249 2722 1337 2760 teste

307 2780 490 2817 Suetonio
509 2779 546 2816 in
569 2778 644 2825 ejus
663 2776 739 2815 vita
765 2787 842 2823 cap.
865 2786 897 2821 7.
926 2776 1031 2812 omni
1054 2775 1182 2813 divino
1204 2777 1332 2812 huma-

304 2841 433 2879 noque
458 2829 541 2876 jure
576 2827 746 2877 neglecto
788 2825 937 2864 Allienfi
974 2827 1033 2863 die
1074 2824 1335 2863 Pontificatum

308 2881 515 2920 maximum
538 2879 645 2926 cepit.
698 2878 894 2915 Caeterum
923 2876 997 2914 dies
1019 2877 1097 2913 illos
1119 2876 1250 2924 quibus
1269 2875 1339 2911 cla-

307 2934 393 2972 dem
425 2929 583 2978 aliquam
617 2927 833 2977 accepissent
854 2956 862 2969 ,
900 2927 1083 2975 religiosos
1106 2928 1143 2963 ὅ(
1164 2935 1259 2962 atros
1277 2937 1339 2973 ap-

308 2980 490 3033 pellabant
508 3007 519 3023 ,
547 2980 677 3017 Graeci
706 2975 947 3023 ἀποφρείὲκς,
976 2979 1187 3026 utexponir
1210 2977 1342 3013 Lucia-

307 3045 377 3074 nus
397 3034 432 3069 in
455 3030 745 3078 Pseudologisse,
775 3031 838 3078 qui
854 3029 992 3066 libellus
1012 3030 1049 3065 ὃ(
1077 3027 1157 3071 περὶ
1178 3026 1343 3071 ἀποφρά-

310 3087 366 3127 δςς
394 3081 604 3120 inscribitur.
668 3081 727 3118 Sic
764 3080 970 3118 Plutarchus
997 3079 1036 3116 in
1059 3077 1208 3116 Camillo
1233 3104 1244 3122 ‚
1279 3077 1339 3115 ubi

311 3134 427 3177 multa
449 3133 494 3170 de
520 3130 869 3175 huiusmodidiebus
887 3159 897 3175 ,
918 3130 1114 3167 Alliensem
1145 3124 1340 3174 ἀποφράδα

311 3189 443 3232 ,ἱμέραν
464 3191 584 3220 vocat.
634 3183 687 3219 Ut
708 3182 982 3219 noninvenuste
997 3180 1094 3218 Naso
1116 3179 1233 3224 dicat,
1259 3186 1337 3216 tum

313 3234 509 3281 Alliensem
524 3261 540 3281 a
560 3241 640 3273 tum
670 3233 829 3272 natalem
860 3232 969 3272 Ibidis
990 3232 1026 3270 in
1065 3230 1158 3270 fastis
1180 3241 1246 3280 pro
1265 3228 1341 3282 die7

2185 550 2289 600 225
2327 531 2427 589 Sea

1387 660 1452 701 bus
1470 662 1551 702 atris
1573 663 1611 702 &
1633 664 1802 713 religiosis
1819 665 1956 704 haberi.
1984 666 2151 705 Satvrio.

1438 726 1524 751 222.
1551 713 1672 765 Dies.]
1700 717 1778 756 Diis
1797 717 1911 756 editio
1933 717 2029 757 Dan.
2055 718 2178 756 Heins.
2205 720 2301 759 forte
2324 721 2419 760 vitio

1385 775 1595 814 operarum.

1439 827 1524 865 223.
1550 817 1625 865 Qui
1640 815 1744 864 fimul
1765 818 1920 868 impurae
1946 819 2071 858 matris
2085 819 2257 870 prolapsus
2277 821 2320 859 ab
2337 822 2421 859 alvo

1383 866 1466 923 esp]
1489 866 1552 923 ‘Ex
1582 867 1780 916 illegitimo
1811 870 2011 909 concubitu
2034 880 2161 909 natum
2194 872 2271 909 Ibin
2303 873 2422 910 Poeta

1380 916 1524 974 judiclo
1543 918 1667 956 nostro
1686 920 1829 958 innuit:
1858 922 1896 958 &
1925 933 2006 959 eam
2037 922 2086 960 ob
2107 933 2182 960 rem
2200 951 2209 966 ‚
2238 924 2424 969 humum,

1385 979 1422 1025 ¹¹¹.
1445 979 1517 1017 qua
1543 978 1647 1007 natus
1682 970 1814 1016 fuerit,
1844 971 2058 1022 Cinyphiam
2085 973 2262 1021 appellat,
2291 974 2328 1012 id
2349 974 2421 1020 est,

1384 1018 1530 1075 hircum
1560 1020 1747 1058 olentem:
1767 1033 1852 1060 nam
1880 1023 2024 1061 hircum
2043 1024 2265 1072 appellamus
2292 1025 2393 1063 illum
2408 1053 2420 1071 ,

1385 1081 1445 1107 cu1
1475 1081 1568 1107 uxor
1594 1070 1834 1110 adulterando
1863 1081 1960 1121 aptat
1991 1076 2099 1122 capiti
2123 1086 2272 1112 cornua.
2324 1076 2421 1115 Eam

1384 1131 1538 1177 quoque
1555 1121 1606 1178 ob
1625 1133 1702 1159 rem
1735 1134 1889 1162 matrem
1920 1124 2027 1162 Ibidis
2050 1125 2222 1173 impuram
2243 1127 2420 1175 appellat,

1387 1170 1424 1209 id
1453 1171 1525 1217 est,
1552 1172 1747 1211 inhonesto
1779 1175 1880 1213 coitu
1929 1175 2108 1223 pollutam
2148 1177 2186 1213 &
2217 1177 2421 1215 adulteran-

1387 1229 1462 1259 tem
1479 1250 1489 1267 ‚
1520 1224 1558 1260 ὃ(
1586 1235 1717 1272 corpus
1738 1225 1845 1264 Ibidis
1868 1227 2031 1274 foedum,
2060 1226 2094 1264 id
2117 1226 2189 1270 est,
2224 1239 2268 1264 ex
2289 1227 2425 1266 illicito

1388 1274 1428 1311 &
1445 1273 1593 1312 sordido
1624 1277 1824 1323 complexu
1852 1278 2018 1325 genitum
2039 1292 2051 1321 ;
2080 1277 2180 1324 foedo
2201 1286 2324 1315 autem
2350 1292 2423 1315 cor-

1383 1333 1490 1374 pore,
1528 1337 1604 1363 non
1635 1326 1744 1370 fetido
1779 1328 1837 1365 fac
1876 1328 2002 1377 legas:
2043 1340 2090 1366 ne
2116 1328 2246 1375 syllaba
2281 1329 2420 1367 claudi-

1389 1386 1472 1413 cans
1492 1386 1748 1425 conqueratur.
1801 1378 1950 1418 Cousr.
1977 1377 2072 1416 FAN.
2124 1378 2327 1416 Verboillo
2345 1389 2425 1429 pro-

1387 1425 1460 1463 labi
1481 1427 1691 1478 frequenter
1711 1437 1861 1467 utuntur
1882 1439 2023 1468 veteres
2038 1458 2048 1474 ,
2077 1441 2162 1467 cum
2177 1429 2222 1468 de
2245 1438 2348 1478 partu
2366 1431 2421 1469 lo-

1387 1487 1579 1528 q.uuntur;
1609 1479 1657 1516 sle
1672 1480 1771 1518 enim
1793 1480 1972 1519 Phaedrus
2000 1481 2070 1519 fab.
2094 1492 2151 1530 54.

1440 1554 1522 1606 Non
1541 1548 1642 1585 illam
1664 1562 1808 1600 quaero,
1836 1562 1923 1599 quae
1943 1562 2020 1587 cum
2040 1549 2192 1587 lubitum
2204 1551 2247 1597 est
2257 1550 2428 1602 concipi&

1441 1604 1534 1636 Dem
1550 1609 1667 1648 portat
1682 1614 1766 1637 onus
1779 1601 1933 1649 ignotum
1952 1601 2049 1638 certis
2068 1601 2236 1652 menfibas
2250 1629 2261 1647 ,

1445 1649 1633 1699 Noviffime
1642 1652 1834 1702 prolapsam
1849 1651 2004 1700 effundit
2014 1653 2200 1699 sarcinam.

1383 1711 1529 1767 Eodem
1551 1712 1651 1751 sensu
1674 1715 1825 1753 verbum
1846 1713 1964 1751 cadere
1977 1713 2145 1762 usurpant
2161 1742 2170 1758 ‚
2197 1722 2238 1752 ut
2256 1715 2291 1752 δε
2305 1715 2420 1753 Grae·

1383 1773 1415 1800 c1
1433 1764 1602 1809 ὀλισθεῖν,
1629 1765 1686 1803 vel
1700 1766 1847 1802 πίπτειν
1857 1766 1955 1810 παρὰ
1969 1767 2122 1809 μητρὸς,
2149 1765 2250 1814 quod
2260 1766 2321 1811 est,
2336 1778 2423 1814 pro·-

1382 1812 1495 1862 lapsus
1518 1813 1538 1851 Ξι
1561 1824 1688 1854 matre.
1742 1817 1801 1855 Sic
1834 1817 2027 1865 Oppianus
2054 1816 2115 1853 lib.
2139 1829 2165 1855 1.
2195 1817 2357 1854 Halieut.
2379 1816 2422 1859 ,581⁴ss

1386 1865 1472 1914 738.
1497 1865 1586 1902 ἔνθεν
1602 1866 1932 1913 ’όλισθανγεινόμενοι
1946 1895 1956 1911 ,
1979 1867 2070 1904 unde
2080 1867 2270 1904 cecideram
2281 1868 2422 1915 nascen-

1382 1925 1442 1954 tes.
1494 1916 1685 1956 Postremo
1711 1919 1814 1956 versu
1835 1918 1983 1957 allusum
2016 1926 2118 1966 putat
2141 1918 2325 1956 Brodaeus
2347 1919 2422 1955 Mi-

1383 1966 1525 2005 scellan.
1553 1968 1611 2006 lib.
1633 1981 1685 2006 xv.
1704 1980 1781 2016 cap.
1800 1980 1832 2016 3.
1869 1968 1915 2006 ad
1945 1968 2099 2017 priscum
2121 1969 2222 2006 illum
2248 1980 2392 2006 morem
2409 1997 2430 2013 γ

1385 2029 1462 2067 quo
1481 2018 1583 2055 simul
1605 2020 1723 2056 infans
1752 2029 1857 2057 natus
1879 2027 1977 2063 erat,
2007 2020 2044 2056 &
2066 2018 2220 2057 sublatus
2244 2019 2287 2055 ab
2304 2019 2422 2056 obste-

1387 2070 1477 2106 trice
1501 2096 1511 2113 ,
1546 2069 1763 2108 statuebatur
1785 2071 1821 2107 in
1848 2077 1963 2113 terra,
1981 2078 2021 2106 ut
2041 2069 2281 2116 auspicaretur
2304 2070 2421 2107 rectus

1389 2118 1459 2156 effe
1478 2146 1488 2163 ‚
1515 2120 1835 2168 quemadmodum
1848 2119 2095 2157 scribitVarro
2123 2119 2238 2156 lib.de
2252 2118 2338 2156 Vita
2353 2132 2422 2167 po-

1390 2170 1465 2216 puli
1479 2171 1651 2206 Romani.
1688 2171 1780 2218 Quo
1802 2171 1984 2218 pertinere
1995 2169 2139 2208 videtur
2155 2168 2241 2207 illud
2255 2169 2422 2209 Suetonii

1390 2219 1425 2254 in
1442 2218 1594 2257 Nerone
1608 2247 1618 2263 ,
1646 2230 1723 2268 cap.
1745 2219 1780 2258 6.
1809 2226 1898 2256 Nero
1920 2229 2025 2256 natus
2044 2219 2088 2267 est
2107 2220 2240 2264 Antii,
2268 2230 2349 2257 ante
2363 2233 2422 2268 19.

1392 2270 1519 2318 menses
1547 2282 1653 2318 quam
1682 2268 1832 2308 szerius
1852 2268 2000 2318 decefflt‚
2029 2269 2063 2307 8.
2084 2270 2232 2308 Kalend.
2260 2271 2431 2316 Januar..

1392 2328 1536 2356 tantum
1567 2320 1658 2368 quod
1684 2321 1851 2358 exoriente
1883 2321 1974 2363 Sole,
2010 2330 2094 2370 pene
2113 2332 2152 2358 ut
2183 2321 2292 2358 radiis
2305 2322 2422 2371 prius-

1395 2383 1501 2419 quam
1531 2380 1626 2408 terra
1654 2371 1914 2421 contingeretur.
1968 2371 2063 2410 Item
2097 2371 2185 2414 illud
2215 2373 2355 2422 Papinii
2384 2374 2424 2412 in

1395 2421 1646 2460 Genethiraeo
1669 2423 1838 2461 Lucani:

1442 2491 1581 2523 Natum
1594 2486 1752 2535 protinus
1771 2497 1875 2538 atque
1894 2487 2041 2525 humum
2059 2496 2120 2536 per
2137 2487 2254 2538 ipsam¹

1442 2537 1560 2574 Primo
1580 2550 1760 2575 murmure
1777 2539 1874 2575 dulce
1892 2538 2089 2587 vagientem

1441 2587 1578 2625 Blando
1596 2588 1746 2638 Calliope
1757 2588 1838 2637 finu
1857 2590 1986 2638 recepit.

1391 2669 1506 2717 Cujus
1534 2669 1645 2706 etiam
1681 2668 1796 2706 moris
1824 2666 1948 2716 aperte
1976 2667 2147 2705 meminit
2174 2666 2424 2709 Tertullianus

1391 2721 1451 2758 lib.
1477 2718 1522 2756 de
1547 2720 1685 2756 Anima
1700 2747 1710 2763 ,
1738 2719 1773 2755 in
1795 2718 1869 2754 his:
1899 2718 2021 2755 Prima
2039 2721 2145 2754 etiam
2167 2719 2424 2766 constitutioin-

1382 2770 1500 2820 santis
1512 2771 1612 2819 super
1631 2779 1760 2806 terram
1782 2767 1937 2804 Statinae
1957 2773 2048 2804 Deae
2064 2773 2203 2815 sacrum
2222 2769 2265 2809 est
2280 2798 2289 2814 ,
2318 2771 2426 2808 Stati-

1392 2833 1477 2862 nam
1499 2824 1597 2859 enim
1611 2829 1742 2864 vocat,
1769 2829 1880 2867 quam
1900 2818 2019 2856 Varro
2040 2819 2099 2856 lib.
2119 2818 2164 2856 de
2176 2819 2296 2857 Liber.
2310 2821 2426 2859 Educ.
2496 2837 2497 2840 ¹

1395 2874 1575 2912 Statinum
1601 2872 1731 2909 Deum
1749 2869 1919 2906 nominat
1936 2870 2112 2917 pueritiae
2131 2870 2326 2918 praesidem
2343 2882 2365 2916 ,·
2384 2880 2425 2910 ut

1395 2922 1627 2962 reetelocum
1641 2920 1859 2959 Tertulliani
1872 2919 2021 2958 restituit
2033 2920 2217 2966 Cupidus,
2231 2919 2424 2961 Observat.

1396 2976 1457 3013 lib.
1477 2987 1522 3012 ιι.
1550 2985 1630 3022 cap.
1654 2982 1714 3020 30.
1750 2971 1812 3020 qui
1834 2979 2017 3017 praeterea
2043 2971 2233 3018 suspicatur
2259 2982 2306 3007 eo
2327 2973 2426 3011 refe-

1399 3026 1511 3064 renda
1529 3022 1600 3062 effe
1616 3024 1698 3061 haec
1710 3022 1817 3059 verba
1830 3048 1839 3064 ‚
1868 3021 1926 3058 lib.
1940 3033 2004 3058 111.
2032 3021 2077 3057 C.
2090 3021 2135 3057 de
2150 3020 2422 3067 posth.haered.

1396 3074 1603 3115 instituend.
1652 3070 1909 3116 Eorumietiam
1931 3085 1990 3108 nos
2008 3070 2193 3107 laudamus
2206 3073 2420 3120 sententiam

1395 3141 1437 3170 (9·
1470 3126 1626 3163 ancimus
1647 3152 1657 3169 ,
1685 3122 1720 3171 fi
1736 3123 1844 3160 vivus
1857 3123 1996 3170 persec'le
2016 3131 2120 3156 natus
2140 3121 2182 3168 est
2197 3150 2206 3165 ,
2233 3121 2309 3158 licet
2331 3123 2429 3160 illisa

1387 3190 1429 3229 po
1450 3190 1564 3228 ..quam
1578 3176 1614 3212 in
1633 3186 1763 3211 terram
1783 3171 1920 3216 cecidit,
1944 3170 2002 3208 vel
2020 3171 2056 3206 in
2071 3172 2230 3209 manibus
2240 3173 2420 3221 obstetricis

1392 3227 1517 3278 deceffit
1538 3254 1548 3274 2
1582 3225 1808 3280 nihilominus
1829 3221 2069 3271 testamentum
2099 3223 2222 3275 rumpi.
2275 3223 2420 3313 qurunz

2329 3286 2429 3315 laste·
