2547 3708
811 177 872 233 P.
947 165 1362 229 OVIDII
1435 168 1961 231 NASONIS

598 275 745 330 Neve
772 273 966 344 gradus
990 269 1144 323 adeas
1171 266 1445 339 Elpenore
1469 265 1674 320 cautius
1701 267 1863 322 altos:

684 348 917 416 Vimque
947 343 1080 396 feras
1105 340 1246 403 vini,
1284 355 1394 411 quo
1424 338 1542 390 tulit
1567 339 1653 405 ille
1676 340 1864 395 modo,

601 419 850 489 Tamque
875 417 1027 470 cadas
1052 413 1319 474 domitus,
1359 427 1517 482 quam
1544 411 1777 482 quisquis
1804 412 1870 467 ad
1900 428 2042 468 arma
2072 427 2359 473 vocantem

458 510 562 562 490

666 491 811 560 Juvit
839 489 1186 543 inhumanum
1211 485 1608 539 Thiodamanta
1634 484 1864 556 Dryops.

604 565 782 637 Quam
810 561 951 614 ferus
978 559 1086 628 ipse
1113 559 1206 612 suo
1236 557 1391 627 periit
1418 555 1672 611 martarus
1698 559 1749 611 in
1778 572 1932 613 antro

686 634 936 688 Proditus
959 630 1188 685 inclusae
1213 631 1386 682 Cacus
1413 628 1476 680 ab
1503 644 1597 682 ore
1620 629 1786 685 boviS.

605 709 784 779 Quam
813 706 905 776 qui
935 704 1074 756 dona
1104 702 1258 765 tulit,
1295 700 1545 754 Lernaeo
1571 700 1732 755 tinfia
1771 721 2009 769 venenO,

669 779 1048 848 Euboicasque
1073 774 1165 828 suo
1194 773 1444 844 sanguine
1471 773 1627 827 tinxit
1654 781 1836 846 aquasj

470 873 570 927 495
613 852 718 908 Vel
744 852 812 905 de
838 847 1117 923 praecipiti
1145 847 1322 902 venias
1347 847 1402 899 in
1427 843 1658 901 Tartara
1682 849 1803 902 saxo
1820 888 1834 912 ‚

316 1105 419 1146 agens
448 1093 563 1133 nando
596 1091 780 1138 trajecerat
803 1089 869 1126 loco
892 1087 1030 1126 herbido
1051 1115 1062 1132 ,
1103 1096 1142 1123 ut
1170 1085 1280 1136 quiete
1309 1088 1351 1127 (ῤ’

315 1147 440 1192 pabulo
456 1145 543 1181 laeto
564 1142 707 1190 reficeret
731 1141 852 1183 boves,
882 1150 925 1178 cry
943 1139 1051 1187 ipsum
1065 1138 1191 1187 fessum
1206 1137 1352 1186 viapro-

326 1196 481 1245 cubuisse.
536 1194 585 1230 Ibi
615 1206 692 1230 cum
721 1204 798 1229 eum
827 1189 898 1226 cibo
918 1190 1069 1237 vinoque
1085 1198 1278 1236 gravatum
1293 1188 1352 1234 so-

319 1254 380 1293 por
399 1244 578 1295 oppreffiffizt
596 1272 606 1288 ‚
628 1243 738 1292 pastor
768 1240 882 1278 accola
903 1242 977 1287 ‚ejus
1001 1238 1063 1276 loci
1084 1266 1094 1282 ,
1123 1238 1260 1275 nomine
1280 1243 1352 1274 Ca-

324 1309 382 1334 cus
397 1325 406 1339 ,
430 1298 529 1342 ferox
556 1295 690 1331 viribus
703 1322 712 1336 ,
741 1302 857 1342 captus
871 1290 1104 1340 pulcritudine
1121 1289 1222 1326 boum
1236 1317 1246 1334 ,
1274 1301 1351 1325 cum

325 1358 485 1384 avertere
506 1359 581 1383 eam
599 1344 763 1393 praedam
775 1343 880 1379 vellet
894 1370 903 1386 ‚
931 1339 1194 1391 quiafiagendo
1213 1352 1355 1377 armen-

325 1407 406 1434 tum
424 1398 461 1434 in
474 1397 673 1445 speluncam
695 1393 895 1443 compulisset
910 1420 919 1437 ‚
949 1392 1018 1441 ipsa
1038 1392 1179 1440 vestigia
1191 1403 1355 1441 quaeren-

323 1457 395 1485 tem
417 1449 597 1484 dominum
618 1460 651 1484 eo
670 1447 859 1482 deductura
877 1453 978 1480 erant
990 1470 1000 1486 ,
1027 1444 1162 1489 aversos
1173 1442 1272 1478 boves
1284 1441 1355 1478 exi-

325 1499 439 1536 mium
457 1511 623 1547 quemque
646 1495 881 1544 pulcritudine
903 1522 913 1538 ,
953 1493 1072 1529 caudis
1090 1493 1127 1529 in
1154 1492 1354 1541 speluncam

326 1550 456 1586 traxit.
506 1547 665 1588 Hercules
683 1548 730 1583 ad
747 1547 898 1594 primam
923 1550 1102 1581 Auroram
1126 1545 1246 1594 somno
1266 1543 1356 1580 exci-

325 1610 385 1637 tus
408 1628 418 1643 ,
454 1612 533 1635 cum
559 1611 690 1645 gregem
720 1595 942 1643 perlustrasset
976 1593 1078 1630 oculis
1097 1622 1108 1637 ,
1152 1604 1195 1633 Ψ
1218 1603 1355 1642 partem

328 1648 431 1698 abeffe
456 1662 595 1686 numero
611 1647 778 1697 sensiffet,
803 1655 911 1695 pergit
943 1644 990 1680 ad
1005 1644 1205 1693 proximam
1217 1644 1357 1692 spelun-

329 1713 406 1737 cam
421 1728 431 1744 ,
453 1698 588 1747 siforte
607 1712 639 1735 eo
660 1698 941 1746 vestigiaferrent
956 1724 965 1739 ,
995 1709 1083 1744 quae
1102 1694 1160 1732 ubi
1178 1695 1357 1740 omniafe-

329 1763 387 1788 ras
408 1750 507 1797 versa
526 1749 622 1786 videt
638 1777 648 1793 ,
676 1749 781 1784 necin
793 1757 931 1796 partem
943 1746 1052 1782 aliam
1066 1748 1162 1792 jerre
1177 1774 1185 1790 ,
1200 1746 1357 1793 confusus

329 1811 435 1851 atque
463 1802 611 1837 incertus
640 1799 754 1836 animi
781 1812 823 1835 ex
853 1798 919 1834 loco
938 1797 1054 1842 infesto
1073 1809 1166 1844 agere
1184 1806 1280 1845 porro
1300 1809 1365 1832 ar«

330 1862 489 1889 mentum
508 1851 638 1897 occepit.
694 1849 775 1885 Inde
796 1862 873 1884 cum
894 1850 990 1883 actae
1008 1848 1109 1883 boves
1122 1847 1294 1895 quaedam
1312 1847 1359 1882 ad

331 1902 556 1949 defiderium,
586 1912 626 1937 ut
650 1899 717 1947 fit,
746 1898 945 1936 relic'larum
975 1898 1151 1945 mugiffient
1175 1925 1184 1940 ,
1222 1897 1360 1934 reddita

329 1952 550 1999 inclusarum
571 1964 612 1987 ex
641 1950 795 1997 spelunca
812 1950 911 1986 boum
926 1961 994 1983 vox
1018 1947 1193 1984 Herculem
1219 1960 1361 1984 conver-

334 2003 401 2046 tit,
430 2015 531 2050 quem
560 2014 637 2037 cum
668 2001 856 2036 vadentem
887 2000 934 2034 ad
961 1998 1154 2046 speluncam
1177 2004 1291 2034 Cacus
1322 1998 1362 2034 vi

331 2052 505 2102 prohibere
525 2064 665 2088 conatus
686 2050 759 2098 efflet
773 2078 782 2095 ,
810 2049 897 2086 ierus
917 2049 1020 2084 clava
1035 2076 1044 2091 ,
1065 2047 1173 2095 fidem
1189 2049 1361 2096 pastorum

337 2102 570 2151 nequicquam
590 2104 755 2138 invocans
769 2129 776 2143 ‚
791 2110 898 2138 morte
912 2098 1081 2135 occubuit.
1130 2098 1268 2135 Eadem
1284 2110 1365 2134 nar-

336 2162 417 2191 rant
446 2152 643 2199 Dionysius
674 2149 988 2188 Halicarnaffenfis
1022 2149 1081 2186 lib.
1109 2162 1135 2185 1.
1172 2150 1364 2195 Α’ρχοιιολ.

338 2203 492 2250 Iustinus
518 2202 577 2238 lib.
598 2213 703 2239 xciv.
731 2201 875 2238 Solinus
890 2227 898 2242 ‚
925 2200 1085 2245 joannes
1105 2199 1267 2236 Tzetzes
1290 2200 1366 2236 chi-

335 2253 429 2291 liade
444 2265 476 2289 v.
506 2252 738 2290 Historiazt.
757 2251 976 2298 &graphice
999 2249 1172 2297 Virgilius
1199 2250 1256 2287 lib.
1277 2262 1366 2287 vm.

339 2304 490 2342 AEneid.
518 2302 675 2340 Ovidius
694 2301 766 2350 ipse
792 2302 852 2338 lib.
871 2312 897 2337 1.
925 2299 1056 2336 Fastor.
1084 2300 1288 2347 Propertius
1307 2300 1368 2338 lib.

341 2366 397 2392 ιν.
424 2354 598 2401 Eleg.10.
626 2353 687 2401 qui
713 2354 814 2389 Caco
833 2351 976 2392 tribuit,
1010 2350 1112 2399 quod
1127 2359 1201 2387 erat
1221 2351 1367 2398 Geryo-

340 2406 418 2448 nis,
446 2405 621 2441 nimirum
654 2403 718 2440 tria
739 2414 823 2446 ora,
852 2401 1002 2439 dubium
1038 2412 1194 2438 morene
1216 2403 1367 2446 poetico

342 2466 388 2492 an
410 2453 628 2491 confufione
657 2453 902 2500 personarum.
957 2451 1127 2488 Aurelius
1162 2450 1291 2488 Victor
1310 2451 1370 2488 lib.

344 2505 609 2543 delacerdotiis
622 2505 894 2541 Rornanorum.
933 2502 1140 2549 Allegorice
1170 2514 1260 2538 vero
1291 2501 1376 2540 Ful-

344 2557 487 2605 gentius
516 2554 575 2591 lib.
598 2567 642 2591 η.
671 2556 707 2591 &
727 2554 885 2599 Joannes
908 2552 1152 2589 Gerundenfis
1180 2552 1282 2590 lib.1.
1310 2553 1376 2590 Pa-

348 2607 608 2654 ralipomenon
626 2604 822 2650 Hispaniae
836 2631 846 2647 ,
885 2604 983 2650 cujus
1006 2603 1113 2640 verba
1140 2603 1274 2641 referre
1295 2615 1372 2642 non

346 2658 505 2705 piguerit
523 2669 530 2692 :
586 2661 698 2691 Cacus
715 2655 751 2688 in
769 2654 929 2701 Hispania
950 2653 974 2689 ὰ
996 2656 1219 2703 carpetanis,
1245 2656 1300 2696 seu
1313 2668 1370 2691 non

347 2720 398 2743 va
431 2706 643 2753 Carthagine
670 2704 822 2740 Toletum
854 2705 956 2752 usque
989 2715 1032 2742 (9‘
1063 2706 1300 2750 Tarrassonam
1329 2718 1372 2744 (5¹

350 2760 472 2803 Oscam
493 2756 679 2804 imperavit
701 2782 711 2797 ,
745 2767 785 2794 cy
806 2767 926 2790 nomen
956 2754 1066 2790 monti
1090 2754 1239 2797 indidit,
1272 2770 1372 2804 quem

349 2806 447 2843 hodie
470 2817 618 2843 montem
644 2806 768 2853 Cajum
797 2803 920 2851 vulgus
948 2804 1095 2850 appellat
1112 2832 1119 2843 .
1154 2805 1374 2855 effecssumque

353 2857 396 2902 esl
418 2867 456 2892 ut
479 2856 634 2892 horribili
646 2856 739 2901 jacie
765 2868 803 2890 ac
834 2855 911 2890 dira
933 2854 1186 2900 conversatione
1204 2867 1246 2894 (φ’
1264 2860 1375 2905 aspero

351 2907 447 2943 cultu
455 2907 600 2952 semivir
609 2906 842 2952 appellaretur.
871 2904 935 2940 Hic
946 2914 1062 2939 autem
1071 2905 1204 2952 primus
1219 2909 1375 2943 omnium

353 2957 480 2993 dicitur
497 2958 659 3003 inveniffe
677 2957 786 3002 ignem
805 2969 846 2992 ex
873 2955 1006 2997 diverso
1026 2953 1239 3001 compofitum
1256 2957 1377 3005 pulve-

352 3021 410 3051 re,
439 3021 502 3055 quo
524 3007 647 3053 lapides
671 3005 824 3052 saciabat
844 3007 880 3042 in
893 3005 1006 3041 altum
1017 3005 1113 3040 modo
1133 3005 1209 3041 licet
1220 3007 1349 3044 inculto
1364 3036 1374 3051 ,

354 3071 419 3108 quo
446 3071 506 3093 nos
530 3056 723 3093 bombardis
752 3057 887 3092 utimur
916 3057 953 3091 in
983 3054 1199 3092 hodiernum.
1252 3059 1374 3103 Oscam

353 3108 507 3145 condidit
527 3107 642 3143 urbem
662 3134 671 3149 ,
708 3119 814 3156 quam
842 3108 910 3155 ejus
936 3105 1063 3142 incolae
1092 3106 1374 3155 Oscatisemiferi

355 3159 577 3207 appellavere.
630 3156 694 3193 Hic
729 3162 839 3192 Cacus
868 3158 1010 3203 fugatus
1037 3156 1080 3192 ab
1112 3156 1276 3200 Hercule,
1309 3164 1371 3195 Ge-

355 3223 456 3257 r‘yone
476 3210 646 3251 extincto,
669 3208 706 3245 in
726 3206 921 3243 vindictam
947 3208 1099 3254 aspirans
1117 3221 1207 3244 more
1235 3208 1348 3253 patrio
1363 3236 1373 3253 ,

355 3261 415 3307 qui
435 3261 482 3298 ad
501 3260 676 3298 vindictas
688 3258 730 3295 ab
752 3257 847 3296 omni
867 3270 951 3295 aevo
956 3257 1186 3307 promptiffi'mi
1197 3258 1349 3305 fuerunt
1366 3286 1377 3307 ,

2366 924 2443 982 Ut

1407 1084 1575 1123 intelleero
1599 1085 1717 1133 receffu
1752 1085 1906 1123 Herculis
1925 1086 1968 1123 ab
1998 1087 2188 1136 Hispania,
2216 1090 2320 1129 illum
2341 1092 2446 1142 usque

1406 1136 1443 1173 in
1470 1135 1617 1173 Italiam
1640 1142 1775 1181 secutus
1789 1163 1799 1180 ,
1825 1150 1935 1187 quum
1947 1138 1997 1174 ad
2015 1138 2176 1177 Tiberina
2198 1142 2280 1190 ostia
2295 1152 2446 1194 quatuor

1406 1185 1506 1235 ipfius
1529 1185 1686 1223 Herculis
1706 1185 1806 1224 boves
1826 1188 2005 1237 rapuiffet,
2034 1191 2289 1241 comprehensus
2301 1194 2345 1230 ab
2360 1201 2445 1231 Her-

1407 1238 1479 1274 cule
1489 1237 1527 1275 in
1542 1237 1715 1286 spelunca,
1724 1238 1763 1275 in
1775 1251 1843 1288 qua
1856 1239 2039 1286 latitabat,
2046 1250 2238 1290 peremptus
2247 1245 2289 1286 eli
2301 1272 2312 1288 ,
2325 1244 2448 1282 maxi-

1407 1301 1461 1325 mo
1482 1290 1556 1336 igne
1565 1289 1717 1325 evomito
1731 1303 1742 1331 ;
1759 1297 1891 1339 propter
1902 1304 2003 1341 quem
2013 1291 2144 1339 finxere
2155 1296 2279 1332 Poetae
2299 1294 2447 1334 Vulcani

1400 1337 1534 1386 filium.
1594 1339 1796 1377 SALVAGN‚

1411 1402 1543 1478 H492.
1582 1390 1746 1428 Protinus
1774 1390 1977 1442 inclusus.]
2028 1393 2193 1431 Proditus
2232 1405 2277 1432 ex
2310 1395 2450 1445 scriptis

1456 1453 1559 1479 stus.

1463 1503 1548 1541 493.
1575 1493 1696 1540 Quam
1718 1492 1778 1541 qui
1806 1492 1895 1530 dona
1916 1492 2042 1546 tulit]
2080 1494 2214 1533 Lichas
2233 1495 2449 1537 interfectus

1412 1543 1456 1580 ab
1480 1543 1664 1587 Hercule,
1692 1550 1800 1592 atque
1818 1545 1854 1580 in
1869 1555 1969 1581 mare
1982 1546 2261 1593 praecipitatus,
2288 1547 2373 1595 quia
2385 1547 2450 1586 de-

1411 1594 1464 1631 dit
1485 1595 1518 1631 ei
1540 1592 1676 1631 vestem
1711 1592 1847 1632 Neffeo
1875 1594 2028 1632 tinctam
2058 1595 2243 1643 sanguine.
2297 1597 2450 1636 Iuren-

1412 1656 1518 1682 mzes,
1545 1643 1627 1682 sunt
1647 1645 1710 1693 qui
1731 1645 1838 1693 hujus
1858 1646 1925 1683 viri
1947 1657 2089 1683 nomen
2119 1647 2194 1683 hoc
2221 1647 2341 1685 modo
2366 1649 2450 1687 scri-

1411 1695 1525 1740 bunt,
1539 1700 1646 1743 Lycas
1664 1723 1674 1739 ,
1704 1707 1788 1733 curn
1802 1695 1902 1733 scribi
1915 1695 1962 1733 fic
1982 1696 2136 1741 debeat,
2153 1696 2291 1734 Lichas.
2319 1699 2450 1746 Quem

1412 1745 1604 1794 Apollonii
1633 1753 1911 1783 commentator
1930 1746 1966 1783 in
1994 1746 2057 1784 lib.
2080 1758 2107 1783 1.
2135 1747 2209 1789 ait,
2237 1747 2328 1794 Hyli
2351 1750 2450 1787 Her-

1414 1797 1501 1833 culis
1528 1795 1591 1833 filii
1615 1795 1890 1845 praedagogum
1912 1795 2027 1835 fuisse.
2079 1797 2340 1838 (ΣοΝετἜΑΝ.
2372 1800 2452 1849 Ly·-

1415 1859 1471 1884 cas
1491 1846 1550 1884 lib.
1574 1858 1626 1883 1x.
1655 1846 1948 1894 Metamorphos.
1982 1846 2043 1886 ubi
2070 1848 2252 1896 quaedam
2284 1849 2329 1887 ad
2354 1850 2450 1888 hanc

1415 1909 1492 1935 rem
1516 1898 1733 1945 pertinentia
1755 1898 1895 1935 notavi.
1932 1897 2105 1935 Cromn.
2135 1898 2453 1946 Tangunturrno-

1415 1948 1464 1986 do
1487 1948 1549 1996 qui
1575 1948 1790 1995 praecipitio
1814 1949 1926 1984 vitam
1952 1947 2136 1985 finierunt.
2202 1949 2336 1988 Lichas
2355 1951 2453 1989 Her-

1418 1998 1506 2035 culis
1529 1997 1685 2034 famulus
1717 1998 1759 2033 ab
1791 1998 1865 2043 ipso
1888 1999 1923 2034 in
1957 2009 2058 2034 mare
2079 1998 2287 2037 Euboicum
2314 2003 2454 2047 praeci.-

1418 2049 1549 2096 pitatus
1564 2074 1574 2090 ,
1603 2047 1704 2095 quod
1724 2049 1755 2083 ei
1779 2046 2018 2084 sacrificatum
2036 2049 2200 2087 tunicam
2225 2050 2323 2087 Nessi
2343 2062 2452 2088 cruo-

1391 2133 1394 2136 .
1420 2109 1459 2135 re
1479 2098 1631 2135 tinctam
1650 2096 1841 2141 attulisset,
1870 2109 2004 2135 munus
2015 2098 2149 2136 scilicet
2159 2100 2352 2136 Deianirae
2366 2102 2452 2138 mit-

1422 2157 1498 2186 tere
1516 2148 1551 2185 se
1572 2147 1744 2196 philtrum
1770 2157 1879 2185 ratae.
1930 2148 2064 2185 Fabul-a
2087 2158 2175 2186 nota
2195 2176 2205 2193 ,
2240 2160 2285 2186 ex
2320 2149 2380 2188 lib.
2398 2162 2454 2189 lx.

1424 2199 1677 2244 Metamorph.
1707 2199 1861 2245 Hygino
1890 2199 2040 2246 cap.36.
2068 2197 2204 2236 Seneca
2228 2200 2373 2236 Hercule
2389 2206 2455 2238 Oe-

1423 2259 1509 2285 taeo.
1539 2248 1651 2285 Isacio
1685 2247 1828 2285 Tzetze
1858 2247 1895 2284 in
1928 2248 2235 2296 Lycophronem.
2295 2250 2355 2287 De
2381 2251 2456 2291 hoc

1424 2299 1619 2336 Deianirae
1638 2297 1741 2335 dono
1754 2325 1763 2341 ,
1792 2297 1840 2335 fic
1858 2298 2036 2336 Horatius
2055 2299 2090 2336 in
2111 2300 2231 2346 Epod.
2254 2300 2340 2339 Ode
2353 2312 2387 2350 3.

1476 2383 1547 2413 Nec
1571 2391 1697 2416 munus
1717 2380 1865 2416 humeris
1883 2377 2024 2426 efficacis
2045 2380 2201 2419 Hercult's

1530 2428 1661 2479 Jnarfit
1684 2429 1878 2479 aestuosius.

1426 2494 1625 2535 serviren.

1477 2569 1563 2614 493.
1593 2560 1754 2604 Lerneo.]
1793 2559 1905 2608 Nesseo
1924 2569 2057 2597 ornnes
2084 2561 2160 2598 fere
2187 2561 2329 2608 scripti,
2352 2567 2456 2614 quod

1426 2609 1511 2696 ἐξω
1533 2610 1660 2647 potest.
1687 2609 1761 2647 vid.
1781 2611 1826 2649 ad
1845 2609 2017 2658 Epist-rx.
2032 2611 2115 2660 163.
2142 2613 2179 2649 8<
2197 2625 2250 2650 rx.
2265 2613 2356 2652 Met.
2374 2629 2457 2666 153.

1462 2671 1558 2696 URM.

1477 2721 1562 2756 495·
1590 2710 1648 2746 Vel
1667 2709 1708 2746 de
1723 2707 1936 2759 praecipiti.]
1968 2710 2252 2750 lnvidiSocratis
2264 2714 2341 2761 post
2355 2722 2457 2755 mor*

1427 2767 1503 2797 tem
1528 2760 1604 2805 eius
1625 2760 1734 2797 libros
1755 2760 1860 2806 ipfius
1879 2762 2048 2807 inignem
2072 2762 2334 2810 conjecerunt,
2361 2778 2456 2815 quos

1429 2810 1605 2858 quoniam
1625 2811 1775 2857 quidam
1799 2810 2023 2857 ejusamicus
2043 2812 2222 2851 reservare
2244 2816 2383 2860 voluit,
2411 2818 2456 2856 ab

1430 2859 1559 2897 iisdem
1582 2860 1715 2896 invidis
1748 2860 1794 2897 de
1812 2860 1896 2897 saxo
1919 2863 2172 2910 praecipitatus
2191 2864 2250 2902 est.
2304 2865 2457 2906 INTER-

1433 2922 1541 2947 Ρκες.
1573 2911 1699 2947 Orem
1712 2910 1900 2947 ridiculam
1916 2939 1925 2954 ‚
1955 2912 2074 2957 Cato,
2104 2914 2324 2962 &jocosam
2342 2918 2455 2956 lNon

1433 2960 1519 2997 alius
1543 2960 1819 3008 intelligendus,
1847 2973 1957 3006 quam
1990 2963 2272 3007 Cleombrotus,
2302 2966 2347 3002 de
2376 2980 2454 3016 quo

1432 3011 1609 3048 videndus
1663 3011 1963 3049 Commentarius
1997 3015 2131 3051 noster.
2193 3014 2457 3058 Cleombrotus

1430 3060 1676 3098 Academicae
1693 3061 1807 3099 sectae
1832 3062 2070 3110 Philosophus
2089 3090 2099 3107 ,
2129 3066 2190 3113 qui
2214 3065 2310 3103 lecto
2335 3068 2457 3107 Plato-
2507 3064 2517 3067 ⁷⁷

1429 3112 1484 3167 nis
1502 3111 1547 3147 de
1568 3112 1712 3149 animae
1734 3113 2009 3151 immortalitate
2032 3114 2124 3152 libro
2151 3143 2159 3157 ‚
2195 3118 2257 3164 qui
2280 3117 2454 3157 Phaedon

1429 3161 1653 3206 inscribitur,
1684 3162 1704 3199 ὲ
1722 3175 1829 3200 muro
1861 3163 1894 3200 se
1922 3164 1956 3200 in
1989 3175 2086 3200 mare
2107 3165 2259 3213 abjecit,
2287 3177 2326 3205 ut
2348 3168 2458 3207 Calli-

1430 3212 1598 3258 machus,
1612 3213 1887 3262 Epigrammate
1901 3240 1910 3255 ‚
1938 3214 2038 3261 quod
2058 3216 2150 3262 apud
2165 3216 2315 3255 Sextum
2335 3219 2458 3256 Philo-

1429 3261 1585 3310 sophum
1615 3264 1738 3318 σιμῷ
1765 3263 1932 3316 adversus
1949 3264 2456 3313 Mathematicos‚&Anth0-

2337 3319 2456 3367 logiae
