2547 3708
370 140 400 189 g
1169 129 1688 181 P.QV1D11

371 229 750 285 transfiguratioque
769 224 1179 286 interpretaripotesp
1224 223 1424 277 Quamvis
1446 225 1556 266 enim
1576 226 1703 266 &alia
1721 227 1890 280 cognitu
1910 234 2124 282 perquam
2138 230 2321 282 jucunda
2336 235 2416 278 hoc
2433 237 2474 282 in·

375 296 497 334 opere
525 295 758 326 narrentur:
788 284 862 322 illo
896 292 1032 321 tamen
1064 290 1205 319 Omma
1234 277 1430 329 tendunt,
1461 289 1504 319 ut
1536 291 1805 330 quaecunque
1823 284 2492 344 metamorphoseisexplicantur„

372 339 578 378 concinne
596 348 765 391 apteque
783 337 1038 386 copulentur.
1097 331 1293 371 Carmine
1314 340 1451 372 autem
1473 331 1659 371 Heroi'co
1677 335 2024 385 metamorphosin
2042 336 2120 376 esse
2134 338 2406 391 conscriptam
2424 355 2471 384 20

370 390 411 430 in
435 391 668 442 quindecim
691 392 902 430 volumina
922 383 1144 425 distinctam
1168 396 1265 424 cum
1284 384 1422 424 notius
1444 384 1511 434 fit,
1541 395 1666 435 quam
1684 394 1728 424 ut
1745 387 1831 426 ulla
1850 385 2023 440 indigeat
2042 388 2346 432 admonitione:
2379 396 2475 444 quid

367 455 544 495 quoquo
567 446 668 485 libro
699 442 952 482 contineatur
971 437 1254 489 subjiciemus,
1277 437 1301 477 fi
1323 437 1429 488 prius
1452 435 1555 476 illud
1577 437 1702 478 testati
1720 437 1938 488 fuerimus,
1967 440 2171 482 Ovidium
2196 442 2237 482 in
2257 443 2473 502 Hero'scis,

368 496 409 536 id
433 498 546 549 quod
567 507 678 538 notat
693 493 989 547 Quintilianus,
1013 490 1166 531 idcirco
1184 489 1441 531 lasciviorem
1461 489 1594 542 fuisse,
1615 503 1739 543 quam
1766 502 1811 532 ut
1832 493 1940 534 illius
1963 495 2152 536 carminis
2174 497 2355 548 gravitati
2374 511 2481 548 con-,¹

366 552 522 591 veniat:
553 551 663 601 quod
695 548 824 587 varios
851 557 1034 594 amores,
1062 544 1204 595 quibus
1225 546 1356 595 plerae
1389 557 1439 584 ue
1469 546 1857 597 metamorphoseon
1889 549 2054 590 fuerunt
2080 548 2233 600 faetae,
2268 550 2389 594 illum
2419 553 2472 596 fic

366 603 586 645 describere
607 600 806 655 oportuit,
834 609 877 640 ut
898 607 1043 651 quanta
1065 598 1109 638 fit
1131 597 1188 637 vis
1209 597 1318 639 illius
1338 611 1360 639 a
1392 596 1505 639 'ectus
1525 608 1658 650 aperte
1675 599 1963 643 ostenderetur.

962 720 1017 767 P.
1085 719 1483 767 OVIDII
1574 719 1871 782 VITA,

837 837 915 885 Ex
941 837 1072 884 Petri
1095 837 1252 883 Criniti
1272 833 1382 882 Lib.
1415 850 1519 883 111.
1548 834 1604 882 de
1625 837 1784 884 Poetis
1806 837 2001 887 Latinis.

487 967 660 1009 Ovidius
680 966 799 1009 Naso
818 965 976 1021 genitus
999 965 1052 1006 est
1075 966 1279 1007 Sulmone
1298 965 1443 1018 patria,
1474 965 1585 1017 quod
1607 964 1802 1018 oppidum
1827 967 1867 1007 in
1879 967 2049 1021 pelignis
2068 967 2152 1010 fuit.
2185 967 2383 1013 Natalem
2405 973 2481 1023 hae,

358 971 456 1068 P.
488 1022 570 1062 buit
594 1022 724 1073 Aprili
746 1020 905 1070 mense,
933 1019 1069 1059 diebus
1091 1020 1382 1070 quinquatriis,
1409 1019 1550 1070 quibus
1576 1020 1685 1059 sacra
1704 1019 1918 1061 Minervae
1943 1023 2132 1063 celebrari
2154 1035 2246 1064 mos
2269 1024 2343 1067 fuit
2362 1025 2468 1077 apud

358 1074 601 1125 Romanos;
633 1077 686 1117 A.
711 1073 875 1114 Licinio
897 1073 934 1113 &
958 1070 1011 1112 L.
1034 1072 1160 1112 Pansa
1191 1072 1448 1124 consulibus,
1478 1073 1544 1124 qui
1568 1073 1790 1115 Mutinenli
1813 1085 1946 1127 pugna
1980 1085 2124 1116 contra
2142 1077 2377 1120 Antonium
2398 1093 2468 1120 ce-

358 1124 554 1168 ciderunt.
612 1126 765 1179 Neque
786 1127 926 1168 desunt
957 1125 1024 1177 qui
1050 1125 1246 1177 referant,
1277 1126 1424 1166 eodem
1449 1126 1513 1166 die
1538 1137 1656 1167 natos
1688 1125 1804 1166 fuiffe
1826 1126 1867 1167 Ρ.
1891 1127 2107 1180 Ovidium,
2136 1129 2175 1170 &
2199 1131 2369 1173 Albium
2391 1132 2468 1174 Ti-

356 1177 537 1229 bullum,
567 1183 733 1233 poetam
754 1181 794 1221 in
812 1180 1027 1220 scribendis
1053 1179 1189 1233 elegiis
1209 1179 1383 1221 maxima
1405 1181 1612 1233 elegantia.
1673 1178 1857 1232 Majores
1880 1181 1938 1221 illi
1959 1183 2219 1235 contigerunt
2241 1186 2369 1226 nobili
2396 1198 2468 1239 ge-

356 1243 451 1273 nere
473 1244 592 1286 atqne
608 1235 698 1275 satis
722 1234 914 1283 honesto,
945 1235 966 1272 a
989 1232 1130 1284 quibus
1149 1233 1373 1285 equestrem
1395 1234 1629 1286 dignitatem
1651 1243 1859 1285 acceptam
1879 1244 2071 1286 perpetuo
2092 1236 2274 1278 servavit.
2309 1239 2356 1279 In
2378 1239 2463 1291 ipso
2523 1253 2527 1256 ’

353 1285 648 1328 adolescentiae
671 1288 761 1327 suae
781 1286 1000 1340 principiO,
1031 1298 1278 1340 magnopere
1304 1287 1508 1338 probavit,
1539 1295 1738 1337 quantum
1769 1288 1975 1338 praestaret
2003 1288 2149 1340 ingenii
2171 1289 2384 1342 facilitate,
2415 1305 2465 1334 ac

351 1342 566 1389 praeclaris
586 1341 779 1381 moribus.
833 1339 1045 1393 Quocirca
1062 1338 1225 1381 Rornae
1246 1340 1444 1381 institutus
1466 1342 1517 1382 est
1542 1341 1581 1384 in
1603 1339 1755 1380 Latinis
1786 1341 1930 1392 literis,
1961 1341 2136 1382 maxima
2161 1342 2368 1396 diligentia
2394 1358 2469 1397 pa·
2514 1370 2523 1380 -.

352 1394 490 1434 rentis.
547 1393 598 1435 Et
621 1407 717 1435 curn
738 1395 778 1435 in
808 1403 945 1435 tenera
973 1403 1099 1433 aetate
1130 1394 1203 1445 (ut
1228 1394 1411 1446 constat)
1438 1395 1597 1435 summa
1620 1395 1828 1444 voluptate
1848 1395 1886 1434 ὃς
1906 1395 2029 1448 gratia
2060 1404 2259 1437 teneretur
2289 1410 2464 1451 compo·
2518 1422 2519 1425 =

352 1447 497 1488 nendis
519 1448 782 1498 carminibus,
812 1449 857 1488 ab
875 1460 926 1488 eo
948 1446 1075 1487 studio
1097 1447 1290 1489 retraetus
1312 1448 1365 1488 est
1388 1448 1559 1500 parentis
1588 1447 1907 1497 monitionibus,
1938 1448 2005 1500 qui
2027 1460 2197 1489 monere
2225 1450 2345 1491 illum
2374 1450 2469 1493 aff?
2533 1483 2536 1489 .

349 1497 431 1539 due
453 1500 490 1541 &
513 1502 662 1542 hortari
680 1514 765 1542 non
785 1501 926 1542 destitit
948 1501 997 1541 ad
1019 1502 1238 1542 oratoriam
1257 1501 1581 1553 facultatemfflt
1602 1500 1670 1552 qui
1691 1500 1739 1540 ad
1758 1502 1965 1551 quaestum
1985 1501 2022 1542 &
2042 1513 2138 1552 opes
2167 1508 2467 1556 comparandas,

351 1553 536 1595 animum
557 1557 683 1609 magis
703 1555 938 1596 intendisset.
998 1553 1137 1605 Itaque
1158 1555 1312 1596 fastum
1334 1555 1408 1604 est,
1439 1565 1481 1596 ut
1510 1554 1551 1594 Ρ.
1576 1553 1750 1595 Ovidius
1775 1554 1946 1595 studium
1969 1554 2071 1594 illud
2092 1568 2212 1608 atque
2235 1570 2373 1599 curam
2393 1561 2462 1599 ab—

349 1605 535 1648 solvendi
556 1610 736 1649 carmina
753 1609 1054 1659 intermitteret,
1086 1608 1353 1660 animumque
1373 1608 1421 1649 ad
1444 1608 1580 1648 causas
1605 1608 1642 1648 ὅτ
1665 1607 1803 1647 forum
1827 1618 2103 1659 converteret,
2135 1612 2458 1663 praeceptoribus
2513 1622 2516 1627 '

349 1659 512 1700 Arellio
525 1662 685 1712 Fusco,
713 1663 750 1702 ὅ(
773 1662 920 1703 Porcio
944 1661 1142 1712 Latrone,
1173 1664 1289 1713 cujus
1313 1662 1591 1713 eloquentiam
1617 1670 1736 1712 atque
1763 1662 2036 1702 eruditionem
2057 1665 2313 1705 vehementer
2333 1665 2462 1706 admi·
2497 1699 2500 1702 .

348 1723 455 1756 ratus
480 1715 544 1756 est.
601 1714 754 1767 Neque
771 1718 810 1756 in
834 1730 878 1757 ea
905 1729 946 1756 re
968 1715 1059 1756 tulit
1081 1717 1289 1766 vulgarem
1311 1716 1471 1755 laudem
1492 1726 1558 1755 aut
1577 1715 1982 1755 commendationem
2006 1716 2149 1769 ingenii
2169 1717 2247 1765 sni,
2275 1729 2318 1758 ut
2338 1719 2459 1760 refert

346 1766 520 1809 Anneus
544 1768 709 1810 Seneca.
766 1769 882 1810 Nam
905 1769 941 1810 ὅτ
963 1770 1004 1809 in
1026 1769 1184 1821 privatis
1200 1800 1212 1820 ‚
1242 1769 1277 1809 &
1301 1769 1341 1809 in
1363 1767 1720 1809 centumviralibus
1755 1769 1878 1809 caulis
1908 1768 2120 1820 praesedit,
2153 1771 2328 1822 aliasque
2348 1784 2459 1823 prae·
2500 1803 2518 1812 η.

346 1828 454 1861 terea
474 1822 683 1875 dignitates
707 1822 853 1874 obivit,
884 1824 1142 1874 posteaquam
1169 1824 1327 1863 virilem
1348 1832 1486 1876 togam
1505 1822 1693 1874 sumpsit,
1723 1822 1761 1863 ὅτ
1786 1825 1914 1862 latum
1935 1824 2099 1862 clavum
2117 1823 2282 1875 adeptus
2304 1826 2381 1877 est,
2406 1825 2458 1866 de
2502 1828 2521 1863 ἔτ

346 1885 431 1923 quo
451 1875 642 1917 habentur
666 1879 882 1928 complura
903 1877 1006 1929 apud
1027 1877 1156 1928 ipsum
1168 1875 1368 1918 Ovidium
1390 1877 1546 1917 divertis
1569 1876 1696 1925 locis,
1723 1888 1826 1927 quae
1845 1876 1936 1917 sunt
1958 1875 1979 1915 a
2002 1876 2115 1916 nobis
2139 1878 2459 1931 praetermittenf
2512 1903 2518 1927 -,

345 1929 418 1974 da,
451 1928 576 1969 studio
600 1930 811 1970 brevitatis.
868 1930 1087 1970 Caeterum
1114 1942 1210 1970 cum
1230 1931 1326 1970 nihil
1351 1930 1490 1971 animo
1511 1930 1585 1970 suo
1607 1929 1741 1982 potius
1762 1929 1891 1980 foret,
1923 1942 2046 1981 quam
2069 1931 2212 1971 versari
2233 1932 2272 1972 iu
2294 1931 2382 1974 otio
2404 1933 2455 1973 li-

343 1989 541 2032 terarum,
573 1983 788 2033 posthabita
811 1984 926 2023 omni
951 1996 1046 2024 cura
1073 1996 1210 2023 rerum
1231 1984 1506 2035 publicarum,
1534 1984 1582 2024 ad
1612 1983 1836 2025 institutum
1867 1984 1986 2024 suurn
2017 1984 2151 2034 rediit,
2185 1997 2233 2025 ac
2257 1994 2392 2026 totum
2413 1986 2454 2027 se

343 2033 489 2074 dicavit
512 2036 695 2087 po'e'ticae
714 2036 916 2084 facultati,
946 2038 1053 2077 unde
1073 2046 1310 2088 perpetuum
1338 2037 1402 2077 fibi
1428 2049 1580 2079 nomen
1612 2037 1650 2077 &
1672 2037 1850 2089 quietern
1882 2037 2122 2091 singularem
2145 2038 2235 2078 fore
2264 2039 2452 2091 sperabat.

342 2085 525 2128 Minime
543 2089 710 2129 dubium
729 2091 805 2139 est,
833 2090 1011 2130 eundem
1029 2090 1198 2130 habuisse
1229 2102 1307 2131 tres
1334 2103 1492 2131 uxores.
1550 2090 1728 2131 Primam
1747 2092 1857 2131 enim
1879 2091 1949 2131 sul>
1973 2090 2096 2139 ipsam
2115 2091 2430 2140 adolescentiam
2446 2122 2458 2142 ‚
2505 2117 2510 2124 -

342 2149 387 2179 ut
410 2140 618 2192 inutilem,
648 2154 867 2192 parumque
900 2143 938 2181 se
967 2144 1157 2195 dignam,
1187 2144 1428 2196 repudiavit,
1457 2157 1636 2195 cumque
1667 2157 1711 2185 ea
1733 2157 1850 2184 more
1880 2153 2060 2183 veterum
2092 2143 2312 2184 divortium
2342 2145 2450 2186 fecit.

341 2193 552 2245 Alteram,
579 2195 693 2233 bonis
713 2194 939 2245 parentibus
963 2206 1121 2242 ortam,
1151 2197 1334 2246 beneque
1355 2209 1578 2244 moratam,
1608 2197 1674 2236 sed
1704 2208 1846 2256 parum
1867 2195 1987 2235 stabili
2020 2197 2229 2236 connubio
2255 2198 2318 2238 libi
2347 2211 2451 2240 con-

338 2245 548 2296 januam,
577 2257 734 2287 mature
751 2247 910 2289 dimilit.
967 2245 1162 2287 Succeffit
1193 2248 1250 2287 his
1273 2248 1437 2298 Perilla,
1467 2250 1583 2298 cujus
1615 2260 1816 2301 egregiam
1847 2246 2026 2287 formam
2058 2258 2178 2300 atque
2208 2251 2450 2302 probitatem
2511 2272 2513 2274 ·
2542 2290 2543 2298 ,

340 2300 520 2349 pluribus
546 2300 647 2340 locis
673 2300 846 2340 extollit.
903 2298 1056 2351 Neque
1082 2309 1243 2341 tantum
1276 2300 1416 2341 dilexit
1447 2313 1537 2340 eam
1570 2300 1744 2340 maxima
1774 2300 1854 2340 fide
1874 2300 1911 2340 &
1935 2301 2218 2343 benevolentia
2239 2305 2448 2358 lingulati,
2485 2353 2489 2355 ‚
2514 2307 2517 2310 '
2542 2304 2543 2310 ’

341 2352 469 2392 sedin
491 2354 651 2404 po'e'tica
682 2354 802 2394 etiam
825 2353 1016 2404 erudivit,
1043 2366 1268 2406 magnaque
1298 2365 1394 2393 cura
1416 2353 1611 2395 excoluit.
1667 2354 1768 2405 Quo
1797 2353 1948 2394 faulum
1984 2355 2062 2404 est,
2091 2365 2135 2396 ut
2157 2355 2324 2407 Petilia,
2354 2371 2451 2399 exu-

338 2406 439 2446 lanti
461 2407 631 2458 marito,
657 2407 781 2448 fidem
803 2407 915 2447 suam
938 2406 1234 2461 diligentiffime
1257 2405 1477 2447 servaverit.
1536 2406 1711 2447 Amicos
1734 2407 1866 2446 habuit
1897 2410 2142 2460 permultos,
2172 2423 2268 2451 cum
2298 2411 2450 2453 doetri-

339 2471 393 2499 na
413 2459 450 2500 &
469 2460 626 2513 generis
647 2461 856 2501 nobilitate
873 2461 1065 2514 infigues,
1096 2470 1184 2500 turn
1214 2460 1408 2511 probitate
1438 2473 1484 2500 ac
1523 2460 1688 2500 notibus
1721 2459 2013 2502 ornatiffimos:
2043 2471 2087 2502 ut
2108 2464 2278 2504 Albium
2298 2464 2448 2517 Tibul÷
2497 2484 2513 2511 s
2545 2467 2547 2516 ἦ

338 2513 451 2565 lum,
472 2514 575 2555 Cor.
594 2513 810 2566 Severum,
839 2514 1057 2564 Sabinum,
1085 2513 1175 2556 Sex.
1197 2513 1464 2565 Pompejum,
1497 2513 1745 2555 Graecinum
1763 2545 1774 2564 ‚
1803 2514 1840 2554 &
1863 2513 2086 2560 Flaccum,
2117 2517 2224 2557 viros
2255 2518 2465 2560 consula-¹
2504 2558 2515 2572 ,,
2538 2515 2547 2569 ᾗ

337 2578 422 2618 res,
449 2579 627 2618 quorum
654 2568 921 2608 familiaritate
952 2568 1093 2608 intime
1123 2567 1216 2607 usus
1238 2567 1313 2608 est:
1344 2567 1557 2609 Meslalam
1580 2576 1800 2618 praeterea,
1833 2568 2162 2615 Albinovanum,
2192 2569 2444 2622 AEmylium
2500 2569 2508 2578 “’
2543 2571 2547 2618 f

336 2618 537 2661 Macrum
552 2650 563 2670 ,
586 2619 824 2662 Maximum
838 2653 849 2671 ,
879 2622 915 2662 &
935 2621 1036 2662 alios
1057 2623 1289 2673 complures
1304 2651 1315 2672 ,
1346 2633 1441 2660 cum
1461 2621 1601 2671 quibus
1616 2653 1627 2669 ,
1659 2631 1700 2661 ut
1723 2622 1802 2672 ipse
1819 2620 1959 2670 refert,
1986 2622 2312 2673 conjuncliffime
2333 2625 2445 2670 vixit.
2502 2632 2510 2672 J
2536 2625 2544 2657 ἒ·

335 2670 531 2714 Relatum
553 2675 605 2715 est
627 2675 646 2714 a
671 2674 870 2715 Suetonio
889 2675 1165 2726 Tranquillo,
1193 2674 1348 2723 Julium
1374 2674 1583 2728 l-liginium
1616 2675 1712 2725 (qui
1735 2675 1904 2728 Augusti
1935 2676 2099 2715 libertus
2128 2676 2226 2726 fuit,
2258 2678 2443 2719 summo·

338 2738 417 2776 que
440 2728 602 2779 iugenio
625 2728 661 2769 &
684 2728 869 2769 doetrina
886 2729 1090 2780 praestitit)
1121 2727 1470 2768 familiariffimum
1497 2727 1608 2768 fuisse
1629 2728 1781 2769 Ovidio
1802 2738 1957 2780 poetae.
2015 2727 2082 2770 De
2105 2730 2220 2782 iplius
2255 2732 2440 2783 operibus

337 2779 439 2820 haud
460 2793 657 2834 magnum
677 2794 820 2834 operae
836 2782 1007 2834 pretium
1029 2783 1082 2823 est
1112 2781 1288 2833 pluribus
1310 2792 1444 2834 agere,
1473 2781 1570 2822 cum
1591 2782 1708 2821 multi
1731 2782 1780 2823 de
1808 2784 1888 2822 hoc
1920 2783 2165 2834 scripserint,
2204 2796 2330 2836 eaque
2351 2788 2444 2827 vul·
2488 2791 2499 2844 ‡.?

339 2843 393 2883 go
413 2833 501 2874 satis
527 2845 625 2874 nota
648 2836 719 2875 lint
747 2849 792 2876 ex
830 2836 1135 2877 commentariis
1168 2834 1399 2876 nostrorum
1430 2836 1810 2888 grammaticorum„
1862 2835 1912 2877 Et
1943 2837 2036 2876 sane
2059 2837 2123 2877 hic
2153 2850 2256 2877 unus
2289 2850 2440 2890 praeter
2488 2850 2490 2852 ·

339 2896 518 2927 caeteros
541 2899 685 2927 omnes
709 2889 886 2937 videtur,
913 2893 1028 2941 plura
1047 2900 1168 2940 atque
1188 2890 1295 2929 varia
1315 2889 1553 2940 po'e'matum
1583 2901 1728 2943 genera
1750 2889 1998 2942 descripliffe.
2030 2891 2073 2930 ln
2096 2903 2146 2931 eo
2171 2903 2311 2942 opere,
2343 2893 2439 2944 (cui

336 2937 502 2979 titulum
526 2940 617 2980 fecit
640 2940 1065 2993 Metamorphoseon)
1095 2943 1253 2982 secutus
1272 2943 1325 2983 est
1352 2943 1605 2982 Parthenium
1626 2942 1776 2982 Chium
1801 2945 1988 2993 poetam,
2022 2945 2089 2995 qui
2112 2943 2268 2984 Graece
2290 2945 2438 2998 scripsit

335 2994 587 3042 praeclarum
608 2996 756 3044 poema
777 2996 856 3046 pari
877 3006 1141 3050 argumento,
1169 2996 1206 3037 δε
1227 2995 1390 3038 materia
1412 2996 1539 3036 limili.
1598 2996 1643 3036 ld
1663 2996 1802 3036 Ovidii
1831 3010 1932 3048 opus
1962 2998 2002 3037 in
2032 3007 2146 3038 tanto
2161 2999 2302 3058 'pretio
2333 3000 2440 3040 habi-

336 3053 427 3084 tum
448 3046 500 3085 est
525 3047 780 3086 Graecorum
812 3050 1000 3102 ingeniis,
1031 3050 1196 3090 utillud
1230 3049 1502 3090 converterint
1534 3049 1573 3089 in
1605 3051 1720 3089 suum
1750 3050 1996 3092 sermonem.
2027 3050 2079 3089 est
2107 3062 2214 3088 enim
2244 3051 2437 3094 refertum
2493 3093 2499 3095 ,
2530 3058 2531 3064 ’

336 3097 444 3138 varia
467 3107 585 3149 atque
604 3100 818 3151 multiplici
836 3103 1081 3143 eruditione:
1102 3115 1335 3155 quanquam
1355 3102 1434 3155 ipse
1453 3101 1592 3143 auctor
1613 3103 1914 3145 inemendatum
1936 3115 2053 3154 atque
2074 3102 2353 3154 imperfeetum
2373 3119 2436 3146 re-

337 3151 474 3202 liquit,
500 3161 544 3192 ut
562 3152 641 3203 ipse
659 3154 815 3193 testatur
839 3157 1041 3197 versiculis
1070 3157 1226 3200 additis.
1280 3155 1395 3196 Nam
1419 3156 1575 3196 absente
1599 3157 1695 3208 illo,
1726 3168 1845 3209 atque
1872 3158 1992 3198 etiam
2023 3154 2246 3207 nesciente,
2277 3158 2432 3200 editum

337 3205 388 3246 est
411 3204 452 3245 in
473 3208 618 3261 vulgus
643 3208 691 3249 ab
715 3207 867 3250 amicis.
923 3209 1135 3254 Fastorum
1154 3211 1277 3253 libros
1297 3209 1368 3253 sex
1390 3211 1643 3264 composuit,
1674 3210 1826 3264 eosque
1851 3210 1900 3252 ad
1923 3209 2220 3251 Germanicum
2243 3210 2361 3254 Drufi
2383 3212 2432 3253 fi·
2500 3263 2502 3265 Ι
2526 3246 2527 3253 ,

2326 3264 2428 3306 lium
