2547 3708
615 166 1528 219 PRAEFATIONE&
2024 190 2113 239 mg

219 294 715 356 GEORG‘II
784 301 1178 350 SABINI
1246 301 1902 352 DEDICATIO

781 409 887 443 ante
911 396 1328 458 Metamorphoses.

49 553 55 560 ἱ
228 487 868 541 ILLUSTRISSMO
923 489 1305 536 PRINClPl
1366 488 1466 535 AC
1521 491 1904 552 DOMINO,

18 584 860 659 DoMiNo
1051 571 2113 665 ALBERTo'‚

55 697 320 751 Marchioni
346 690 766 756 Brandeburgensi,
801 690 1023 750 prussiae,
1060 693 1302 741 Stetinensi
1319 730 1332 754 ,
1368 697 1662 744 pomeraniae
1680 732 1693 756 ,
1721 698 2074 762 Caffubiorum‚

241 761 649 822 Vandalorumque
678 758 826 802 Duci:
865 758 1159 821 Burggravio
1185 759 1581 825 Norinbergcnsi,
1616 779 1667 809 ac
1695 765 1878 828 Rugiae

565 823 802 889 Principi,
840 823 1048 869 Domino
1078 823 1155 868 suo
1183 825 1544 875 clementissimo.

14 962 136 1077 IN
171 955 487 1026 Argonautica
522 957 710 1005 historia
745 973 853 1003 cum
888 956 1009 1003 inter
1037 955 1152 1004 duos
1184 959 1421 1022 Principes
1460 962 1556 1006 rixa
1590 975 1691 1008 orta
1724 959 1859 1021 esset,
1893 963 2117 1025 Orpheus

103 1043 198 1073 eam
238 1039 376 1072 cantu
414 1023 606 1071 sedavit:
646 1024 689 1069 ἃ
717 1037 866 1069 narrat
888 1022 1201 1085 Appollonius
1224 1026 1433 1071 cecinisse
1457 1042 1561 1072 eum
1590 1026 1643 1071 ad
1669 1026 1890 1073 citharam
1919 1029 2046 1076 initia
2071 1030 2120 1076 δί

16 1091 356 1140 fabricationem
398 1089 586 1148 mundi,
624 1090 671 1134 &
698 1089 817 1135 Solis
850 1087 897 1134 &
925 1089 1086 1133 Lunae
1116 1089 1364 1147 circuitus,
1399 1107 1449 1136 ac
1472 1092 1604 1151 Jovis
1639 1090 1877 1138 vinitori-am
1916 1096 2122 1141 adversus

15 1158 218 1204 Titanas.
289 1155 397 1213 Qia
427 1172 484 1201 ex
525 1156 783 1200 narratione
816 1165 1002 1215 apparet
1025 1167 1228 1200 veterem
1252 1156 1483 1217 poeticam
1511 1155 1639 1202 suiffe
1660 1155 1912 1204 d0&rinam
1938 1161 1993 1205 de
2012 1158 2120 1206 sel-je

15 1222 220 1270 omnium
247 1234 511 1283 temporum
529 1253 544 1279 ,
581 1218 628 1265 &
656 1218 919 1265 historicam
949 1218 1106 1264 mundi
1135 1218 1178 1264 ἃ
1211 1220 1511 1266 maximarum
1538 1222 1848 1268 mutationum
1876 1224 1922 1269 in
1946 1225 2120 1286 praeci-

16 1288 114 1352 puis
136 1287 309 1349 regnis:
326 1285 373 1330 &
402 1284 613 1331 historiae
637 1285 863 1330 intextam
889 1282 1019 1329 fuisse
1043 1283 1300 1331 doctrinam
1322 1285 1377 1330 de
1403 1287 1536 1344 De0,
1561 1285 1616 1331 de
1640 1286 1835 1347 justitia,
1861 1287 1907 1334 ὃ(
1931 1289 1987 1334 de
2011 1305 2121 1351 poe-

16 1353 80 1399 nis
103 1350 375 1414 injustitiae,
414 1366 514 1396 nam
540 1351 586 1395 in
612 1349 794 1412 Orphei
821 1348 1089 1412 fragmentis
1114 1349 1162 1395 Sc
1187 1350 1263 1396 hic
1290 1351 1434 1397 versus
1454 1351 1603 1397 adhuc
1627 1344 1828 1415 legitur:

143 1416 240 1461 Piis
265 1432 312 1461 ac
332 1417 523 1478 relt‘giqfis
545 1418 651 1461 viris
667 1416 829 1478 semper
854 1415 1077 1473 dulciffima
1099 1431 1206 1461 mors
1228 1416 1294 1476 est.

18 1479 175 1542 Postea
198 1495 308 1526 vero
336 1495 443 1526 cum
473 1483 665 1544 majores
688 1482 900 1543 gentium
927 1478 1236 1542 diffipationes
1261 1480 1363 1527 sunt
1388 1479 1556 1537 factae,
1572 1480 1618 1525 in
1641 1479 1770 1526 bellis
1794 1479 1925 1526 fimul
1954 1481 2002 1528 &
2028 1481 2120 1529 stu-

19 1544 89 1594 dia
117 1546 283 1593 veteris
317 1544 557 1608 sapientiae
596 1545 798 1592 extinfita
829 1544 961 1604 sunt,
997 1544 1044 1591 ὃς
1069 1558 1368 1592 monumenta
1388 1546 1533 1592 multa
1559 1544 1718 1591 deleta.
1786 1545 1997 1608 Exiguae
2019 1548 2122 1594 reli-

22 1611 146 1676 quiae
169 1610 458 1657 historiarum
487 1607 742 1674 utcumque
766 1611 813 1656 in
840 1612 965 1656 lonia
987 1610 1034 1656 δε
1059 1625 1188 1674 parte
1214 1612 1435 1658 Graeciae
1460 1610 1653 1657 servatae
1676 1609 1802 1656 sunt:
1837 1627 1946 1674 quas
1970 1625 2123 1660 tamen

24 1677 245 1725 irivolutas
272 1675 548 1740 prodigiosis
574 1676 734 1740 figuris
758 1675 995 1739 posteritas
1020 1692 1114 1721 non
1141 1676 1240 1722 satis
1264 1676 1520 1740 intelligere
1542 1675 1712 1737 potuit.

38 1749 41 1753 ’
72 1740 209 1799 „Cum
238 1757 348 1787 vero
372 1741 518 1804 profit
544 1743 667 1788 nofle
691 1754 954 1806 temporum
982 1741 1137 1787 seriem
1155 1776 1170 1801 ,
1206 1755 1428 1805 quantum
1457 1739 1555 1786 sciri
1580 1739 1760 1803 potest,
1784 1739 1947 1787 Ovidii
1973 1740 2125 1789 confi!

23 1804 129 1859 lium
164 1805 280 1866 fuit,
314 1820 565 1853 contexere
602 1807 762 1853 mundi
802 1806 1034 1853 historiam
1071 1806 1210 1869 usque
1241 1807 1295 1853 ad
1331 1806 1403 1854 sua
1437 1820 1658 1868 tempora.
1728 1804 1825 1851 Etsi
1850 1819 2001 1852 autem
2031 1807 2124 1854 hoc

22 1870 178 1919 Ovidii
215 1887 331 1934 opus
358 1886 549 1934 propter
572 1873 777 1936 linguam
804 1872 1019 1919 Latinam
1047 1871 1096 1918 ὃ(
1119 1888 1264 1935 genus
1287 1872 1492 1919 versuum
1518 1868 1876 1917 adolescentibus
1901 1874 2126 1934 proponi-

2 1932 149 2016 jmus,
186 1949 338 1983 tamen
361 1936 415 1982 fit
440 1936 579 1984 lec'tio
602 1938 813 1994 dulcior,
847 1952 955 1982 cum
982 1937 1150 1998 aliquid
1173 1937 1229 1983 de
1255 1936 1451 1983 confilio
1478 1937 1679 1993 Poetae,
1715 1935 1762 1980 ἃ
1783 1934 1838 1979 de
1865 1935 1996 1981 rebus
2018 1935 2126 1998 ipfis

0 2016 69 2087 ¹lac
92 2000 382 2046 historiarum
406 2000 514 2047 serie
541 2003 790 2065 cogitatur.
850 2002 920 2047 Eo
948 2001 1083 2047 etiam
1108 2001 1292 2062 prodest
1314 2015 1487 2048 veteres
1512 2001 1710 2046 Graecas
1736 1998 1941 2046 historias
1967 2015 2128 2047 omnes

22 2064 330 2124 considerare,
366 2077 418 2111 ut
443 2066 631 2111 collatio
657 2082 763 2111 cum
789 2064 1021 2111 Ecclefiae
1045 2066 1258 2125 historia,
1296 2082 1377 2111 nos
1401 2065 1644 2123 accendat,
1681 2076 1730 2109 ut
1757 2065 1900 2127 magis
1925 2080 2130 2111 amemus

23 2124 249 2176 Ecclefiae
271 2129 524 2177 doctrinam
542 2165 557 2189 ,
590 2133 635 2176 in
661 2147 747 2193 qua
770 2129 860 2175 sola
884 2130 1092 2176 videmus
1114 2133 1383 2177 continuam
1408 2130 1559 2175 seriem
1585 2145 1808 2174 annorum
1836 2142 1965 2175 certo
1989 2129 2129 2175 tradi-

26 2204 113 2247 tam
137 2194 248 2241 efle:
288 2193 334 2239 ἃ
361 2194 417 2240 de
443 2194 718 2242 succeffione
739 2196 1040 2257 imperiorum
1065 2196 1170 2242 talia
1195 2195 1454 2242 testimonia
1476 2206 1727 2241 eventuum
1753 2194 1959 2252 recitari,
1995 2208 2047 2240 ut
2069 2194 2126 2240 de

4 2259 211 2326 ‘veritate
245 2259 445 2306 dubitari
480 2276 572 2306 non
610 2259 760 2323 poflit.
842 2259 1051 2323 Vestigia
1083 2261 1218 2306 etiam
1257 2262 1400 2307 multa
1434 2261 1480 2305 in
1518 2256 1809 2322 poematibus
1847 2258 1892 2305 δί
1932 2258 2132 2305 historiis

4 2322 210 2378 iGraecis
247 2324 493 2372 ostendunt
519 2324 753 2372 Ecclesiae
791 2337 1118 2382 monumenta,
1154 2325 1201 2370 ὃς
1234 2326 1491 2388 antiquiora
1526 2324 1571 2370 δε
1598 2339 1700 2369 vera
1723 2322 1822 2368 effe.
1892 2322 2014 2368 Cum
2042 2325 2129 2387 igi-

7 2379 98 2442 ltur
136 2390 185 2435 in
208 2390 457 2436 Academia
480 2403 587 2449 tua,
624 2387 921 2436 Illustrissime
947 2391 1160 2453 princeps
1177 2424 1191 2449 ,
1222 2391 1482 2451 junioribus
1505 2391 1824 2451 interpretarer
1848 2387 2011 2433 Ovidii
2048 2395 2132 2447 (ut

7 2448 87 2499 'ita
109 2453 286 2509 dicam)
324 2454 599 2501 Chronicon
615 2489 630 2513 ,
654 2455 701 2502 &
724 2470 797 2501 me
821 2470 973 2500 rerum
1000 2453 1129 2500 series
1155 2469 1364 2501 moneret
1380 2489 1394 2514 .,
1420 2467 1471 2500 ut
1493 2454 1618 2516 saepe
1639 2453 1693 2498 de
1716 2452 1961 2498 collatione
1984 2452 2130 2498 Grae-

1 2476 101 2583 icae
138 2518 350 2565 historiae
385 2519 432 2566 ὃς
471 2521 776 2584 propheticae
814 2521 1068 2583 cogitarem
1095 2553 1109 2576 2
1153 2519 1305 2567 addidi
1340 2520 1498 2566 breves
1531 2519 1928 2581 interpretationes
1962 2516 2131 2562 fabula-

26 2596 152 2642 rum,
198 2587 362 2646 partim
403 2584 672 2643 historicas,
718 2587 886 2649 partim
923 2586 1139 2643 Ethicas,
1175 2586 1221 2631 in
1252 2586 1408 2631 multis
1444 2585 1563 2629 enim
1601 2584 1845 2644 antiquitas
1882 2595 2132 2644 utrumque

28 2647 232 2708 miscuit,
267 2648 501 2696 historiam
539 2649 586 2697 ὃς
619 2649 1094 2697 commonefaeltiones
1121 2648 1176 2696 de
1202 2650 1431 2696 moribus:
1468 2662 1518 2695 ut
1544 2664 1648 2695 cum
1677 2649 1933 2711 pinguntur
1957 2646 2134 2708 Cyclo-

8 2726 134 2774 ,pes,
166 2713 384 2760 credibile
419 2714 483 2760 est
522 2715 570 2761 in
608 2715 688 2762 illo
717 2715 898 2763 Siciliae
937 2717 1097 2763 littore
1131 2715 1258 2762 fuisse
1292 2716 1503 2761 homines
1540 2714 1687 2772 feros,
1724 2713 1770 2758 ὃς
1806 2712 2054 2758 latrociniis
2088 2711 2135 2755 in

12 2782 148 2842 {terra
172 2775 218 2822 &
247 2778 291 2822 in
321 2781 430 2825 mari
453 2779 708 2843 grassantes.
779 2780 926 2838 Quod
950 2794 1101 2827 autem
1129 2797 1224 2827 uno
1251 2782 1391 2827 oculo
1419 2781 1703 2844 pinguntur,
1739 2776 1971 2822 manifeste
1997 2775 2135 2839 figni-

13 2839 196 2893 lficatur
221 2842 376 2905 galeae
401 2843 563 2907 figura.
630 2847 799 2893 Exitus
826 2859 978 2892 autem
1018 2846 1214 2892 ostendit
1253 2846 1405 2909 puniri
1443 2844 1468 2889 a
1493 2845 1598 2890 Deo
1633 2842 1849 2906 injustos,
1883 2840 1930 2887 ὅ(
1952 2841 2137 2903 quidem

14 2905 151 2991 lvinci
179 2908 433 2970 potentiam
458 2908 504 2954 &
531 2911 676 2968 vires,
712 2910 903 2957 confilio
933 2911 1056 2974 quod
1084 2911 1212 2957 Deus
1240 2912 1483 2974 gubernat.

93 2971 479 3034 Bellerophontes
505 2989 610 3019 cum
635 2975 741 3020 esset
775 2977 1029 3038 Lyciorum
1056 2976 1300 3035 dominus,
1336 2975 1453 3021 bella
1478 2972 1606 3036 gestit
1631 2972 1679 3018 in
1706 2969 1902 3028 Cilicia,
1919 2970 1995 3015 ubi
2021 2969 2143 3015 Chi-

35 3041 220 3087 maeram
239 3039 470 3097 domuit,
506 3054 619 3101 quae
656 3040 700 3084 in
725 3039 886 3086 sabulis
908 3042 1146 3106 pingitur,
1182 3056 1232 3086 ut
1257 3041 1392 3087 belua
1415 3039 1613 3086 referens
1638 3037 1816 3083 leonem
1850 3036 1993 3099 prima
2014 3045 2144 3097 parte

18 3102 276 3164 icorporis,
306 3103 535 3166 postrema
570 3103 843 3162 draconem,
879 3105 1027 3151 media
1062 3104 1296 3152 confusam
1334 3105 1529 3169 speciem
1557 3119 1613 3148 ex
1640 3102 1812 3148 multis.
1880 3100 2020 3147 Tales
2042 3097 2143 3144 sunt

18 3178 189 3227 ‘omnes
213 3167 481 3229 seditiones,
517 3170 650 3215 initio
675 3170 924 3229 terribiles,
962 3170 1009 3218 ὃς
1033 3172 1265 3233 quaeritur
1300 3169 1515 3216 honestus
1546 3179 1810 3231 praetextus
1837 3168 2037 3229 privatae
2061 3178 2140 3209 cu-

37 3224 252 3294 piditatis.
320 3234 529 3285 Honesta
553 3232 701 3283 oratio
732 3248 826 3282 erat
851 3236 1020 3295 Marii,
1055 3235 1381 3284 consulendum
1405 3234 1489 3279 effe
1517 3231 1759 3296 egentibus
1784 3231 1987 3289 civibus,
2023 3244 2139 3290 quo-

355 3331 359 3335 .
1343 3299 1421 3345 Cc
1460 3313 1484 3344 z
2038 3306 2140 3337 rum
