2547 3708
838 127 1667 186 ΙΝΙΒΙΝ.-
2187 156 2219 206 7

80 262 376 334 Didymum
411 253 646 312 Homeri
686 250 1008 307 Scholiasten
1044 252 1107 306 ad
1144 252 1286 307 Iliad.
1310 279 1374 320 χ,
1414 270 1578 309 nemo
1605 254 1891 327 quicquam
1921 260 2210 318 memoriae

74 334 328 409 prodidit.
399 329 638 384 Thasum
668 326 825 381 etiam
853 328 881 380 a
919 325 1133 379 canibus
1161 326 1445 380 laceratum
1487 328 1628 382 Naso
1653 328 1908 382 duntaxat
1936 330 1990 382 δι
2029 333 2209 406 Hygi-

76 425 173 465 nus
200 406 511 461 retulerunt.
569 401 703 455 Item
738 414 952 452 carmen
980 416 1094 463 507.
1131 397 1194 451 ab
1227 399 1388 453 unico
1414 399 1667 454 Diodoro
1705 401 2008 465 illustratur,
2050 420 2106 458 ut
2149 408 2206 462 δε

75 479 251 535 versus
281 494 401 544 531·
440 475 504 528 ab
533 473 927 544 Epigrammate
953 469 1101 537 ἀδήλῳ
1134 471 1219 524 lib.
1251 490 1299 535 3.
1338 472 1727 544 Anthologiae‚
1754 489 1811 527 ut
1840 474 2093 531 credibile
2119 478 2208 542 fit,

41 613 45 615 ,
79 551 337 624 quaedam
365 549 452 602 hic
478 543 580 600 effe
618 545 801 605 obvia,
835 559 971 613 quae
997 543 1032 597 si
1071 543 1189 615 quis
1223 544 1342 598 alibi
1368 562 1594 616 querere
1621 546 1779 609 velit,
1818 563 2062 617 operam,
2089 567 2207 603 cre-

76 626 183 687 do,
222 638 438 676 omnem
477 616 667 672 luserit.
742 613 828 669 Sic
870 615 1010 685 apud
1047 615 1470 687 Lycophronem
1493 657 1509 681 ,
1559 617 1800 672 historiae
1828 620 2087 688 quaedam
2116 640 2206 677 ex-

76 709 216 759 tant,
254 711 379 764 quas
406 706 566 746 nemo
590 689 717 743 alius
739 686 915 758 attigit
939 693 975 750 ,'
1005 701 1063 741 ut
1092 688 1290 759 Prylis,
1332 688 1550 754 Midae3
1593 690 1917 744 &vocabula
1944 708 2052 747 non
2081 711 2206 761 pau-

78 787 167 831 ca,
190 767 377 839 quibus
402 774 608 836 praeter
645 776 768 816 eum
803 760 972 814 nullus
1007 760 1125 815 usus
1153 761 1266 824 est,
1317 762 1488 832 qualia
1522 764 1798 833 odaan&,
1837 763 2008 831 λείως,
2034 766 2207 834 πὲῤῥα,

75 842 257 905 aliam.
309 837 432 902 Eius
470 848 646 888 tamen
681 832 1044 888 Alexandram
1074 873 1089 897 ,
1139 832 1242 887 five
1270 833 1611 889 Cassandram
1636 836 1875 907 quamvis
1903 836 2205 892 tenebrico-

75 913 180 968 sam
207 909 486 965 Poematio
512 906 691 961 nostro
719 905 1083 960 obscuriorem
1099 904 1202 960 effe
1215 904 1487 962 Domitius
1514 924 1622 961 non
1648 908 1915 961 concedit.
1958 910 2043 963 Sic
2061 911 2205 965 enim

35 999 38 1002 ·
75 980 418 1040 Peroratione
458 979 986 1034 Commentariorum
1023 979 1240 1033 suorum
1270 998 1282 1034 ε
1347 978 1699 1051 Lycophronis
1737 999 1940 1034 carmen
1991 982 2206 1053 legimns

65 1060 240 1130 saepe,
281 1056 335 1108 in
359 1072 452 1127 quo
479 1064 775 1124 argumento
798 1052 1000 1123 quidem
1026 1052 1218 1106 Ovidio
1233 1052 1516 1124 grandior,
1536 1052 1638 1123 st’d
1659 1054 1840 1107 verbis
1865 1056 2096 1124 aper-tior
2122 1073 2207 1108 no-

74 1130 153 1183 bis
178 1125 422 1188 videtum
464 1125 517 1183 65
556 1127 694 1179 caeci
732 1127 823 1196 qni
862 1125 1011 1177 illam
1045 1125 1467 1197 interpretantur
1497 1170 1510 1189 ‚
1549 1128 1604 1180 in
1630 1138 1784 1180 tanta
1794 1127 2114 1198 praeftrtim
2139 1129 2206 1180 li-

71 1200 276 1256 brornm
303 1201 458 1271 copia.
532 1196 654 1251 Non
680 1208 788 1251 tam
816 1197 950 1250 enim
972 1209 1081 1269 per
1119 1199 1464 1270 conjecturam
1501 1198 1713 1267 fabulae
1736 1237 1751 1260 ‚
1801 1209 1860 1252 nt
1896 1197 2034 1269 apnd
2056 1200 2206 1252 illum

72 1272 388 1346 indagandae
416 1273 633 1340 fiternnt
659 1309 673 1332 ‚
734 1288 885 1342 qnam
923 1271 1234 1342 colligendae
1270 1273 1305 1324 ιὶ
1343 1270 1564 1338 diversis
1598 1270 1909 1324 Auctoritas
1933 1271 2188 1341 striptae.

73 1345 437 1416 Quamobrem
473 1343 672 1398 nemini
710 1342 902 1396 mirum
943 1342 1115 1396 videri
1150 1343 1353 1406 debet,
1404 1342 1437 1396 si
1479 1355 1558 1395 tot
1588 1342 1882 1397 Ovidianae
1908 1343 2099 1396 mentis
2126 1342 2207 1396 In-

71 1429 360 1489 terpretes‚
399 1417 453 1470 in
479 1416 741 1486 plerisque
766 1414 895 1469 locis
931 1414 1094 1468 veluti
1135 1415 1191 1470 in
1226 1420 1374 1470 circo
1403 1414 1807 1469 Andabatarum
1840 1432 1991 1468 more
2018 1415 2204 1468 decer-

69 1501 254 1543 tamus,
332 1492 384 1542 A
409 1488 555 1542 versu
581 1486 831 1541 nimirum
862 1505 979 1553 255.
1019 1486 1163 1541 unde
1199 1488 1338 1543 Naso
1378 1487 1573 1541 fabulas
1611 1488 1665 1540 δε
1704 1487 1937 1541 historias
1979 1486 2207 1557 auspica-

71 1574 183 1624 tur,
225 1561 299 1615 ad⁴
333 1561 538 1615 versum
567 1564 686 1625 645·
725 1560 817 1629 qui
855 1559 1015 1614 libelli
1048 1560 1343 1630 postremus
1382 1559 1486 1622 est,
1524 1561 1739 1630 triginta
1766 1559 1916 1630 supra
1945 1559 2198 1611 ducentas

69 1646 449 1688 memorantur.
524 1631 798 1688 Interdum
831 1648 939 1686 uno
968 1631 1194 1688 disticho
1232 1647 1337 1688 tres
1364 1632 1740 1696 continentur,
1777 1631 2048 1687 interdum
2073 1648 2202 1703 qua-

70 1717 193 1760 tuor
210 1718 296 1770 ,ut
323 1706 440 1760 illo:

358 1848 445 1902 ‘Ut
457 1849 576 1918 fnit
603 1849 792 1903 Oetaeo
817 1850 1095 1922 qnondam,
1128 1869 1412 1926 generoque
1435 1851 1724 1912 draconum,

429 1921 782 1993 Tisamenique
796 1924 979 1994 patri,
1016 1923 1408 1998 Callirhoesque
1434 1926 1570 1979 viro,

71 2051 145 2108 Ita
169 2066 228 2108 ut
255 2054 578 2109 Ovidianum
617 2056 721 2109 hoc
748 2056 1084 2113 Poematium
1121 2060 1418 2113 fabularum
1453 2055 1692 2111 Officina
1729 2073 1853 2109 vere
1888 2055 1996 2110 dici
2024 2054 2200 2127 poffit.

74 2125 240 2180 Causa
262 2144 390 2180 vero
415 2128 443 2180 a
471 2127 622 2179 nobis
645 2127 736 2178 suo
761 2129 884 2179 loco
919 2129 1170 2181 afferetur
1197 2165 1211 2186 ‚
1267 2147 1361 2181 cur
1396 2129 1624 2182 Ovidius
1660 2127 1966 2182 obscuritati
1990 2127 2204 2182 studue-

73 2198 171 2260 rit3
211 2198 298 2253 sed
326 2199 380 2252 δε
403 2213 523 2252 ante
547 2198 693 2251 illum
719 2197 894 2251 Cinna
917 2198 1113 2262 Poeta,
1139 2198 1350 2270 Virgilii
1366 2200 1651 2272 praeconio
1680 2200 1971 2254 celebratus
1990 2201 2202 2272 ‚Smyr-

74 2286 192 2324 nam
210 2309 223 2332 ,
241 2275 430 2343 po‘e‘ma
457 2268 874 2324 obscuriffimum
891 2308 905 2333 ,
923 2271 1214 2326 elaboravit
1237 2310 1252 2335 ‚
1297 2273 1446 2344 quod
1472 2290 1594 2327 cum
1622 2273 1783 2343 vulgo
1809 2290 1918 2326 non
1943 2273 2203 2343 intellige-

77 2355 251 2405 retur,
289 2342 560 2398 Crassitius
594 2340 988 2397 Grammaticus
1011 2343 1421 2401 Commentario
1449 2346 1720 2399 luculento
1741 2345 1795 2398 in
1825 2345 1990 2416 ipsum
2019 2344 2200 2407 edito,

78 2414 212 2467 adeo
239 2416 479 2469 inclaruit
502 2450 518 2474 2
571 2428 629 2468 ut
668 2415 772 2468 hoc
810 2414 1152 2486 Epigramma
1186 2417 1255 2471 de
1278 2434 1345 2472 eo
1376 2418 1630 2490 scriptum
1656 2417 1747 2482 sit,
1787 2417 1917 2474 teste
1942 2417 2202 2473 Suetonio

77 2484 212 2540 libro
241 2487 309 2542 de
335 2487 614 2542 illustribus
637 2486 1041 2543 Grammaticis:

365 2623 480 2678 vm·
505 2624 739 2694 Craffitio
754 2627 815 2697 se
835 2625 1041 2681 credere
1065 2626 1284 2698 Smyrna·
1294 2628 1580 2700 probavit,

437 2698 680 2766 Definite
701 2696 892 2752 indoeti
915 2701 1141 2774 conjugio
1168 2699 1299 2754 hanc
1316 2711 1509 2770 petere.

369 2771 476 2826 Soli
504 2769 738 2838 Craſjitio
756 2771 809 2838 β)
835 2770 976 2824 dixit
1002 2772 1189 2826 nubere
1211 2768 1377 2835 velle,

446 2841 641 2896 Intima
664 2843 745 2896 cni
764 2843 859 2912 [oli
884 2855 1003 2898 nota
1015 2846 1115 2914 sna
1136 2846 1436 2900 extiterint.

52 3036 55 3039 -
87 2995 361 3067 Smyrnam
385 3010 562 3052 autem
583 3001 832 3055 novennii
859 3019 991 3075 opus
1028 3000 1175 3057 fuiffe
1215 3004 1460 3060 Catullus
1488 3004 1542 3056 δε
1568 3003 1923 3076 Quintilianus
1949 3004 2202 3076 prodide-

82 3082 222 3122 runt.
275 3070 402 3141 Quo
431 3070 637 3126 fortasse
662 3074 886 3144 respexit
913 3075 1173 3130 Horatius
1200 3076 1255 3132 in
1279 3077 1510 3148 Epistola
1533 3077 1598 3130 ad
1623 3077 1838 3132 Pisones
1855 3116 1870 3141 ,
1906 3095 2028 3131 cum
2054 3094 2203 3146 prae-

82 3139 211 3211 cipit
227 3142 507 3207 ‚duratura
534 3147 776 3215 poemata
802 3147 855 3201 in
880 3164 1082 3204 nonum
1105 3166 1300 3207 annum
1324 3149 1618 3223 premenda
1642 3149 1773 3216 effe3
1793 3151 1909 3207 Nec
1935 3148 2201 3230 omiserim

2071 3232 2207 3276 anti<-
