2547 3708
218 131 291 180 {aa

376 293 448 330 20

684 99 744 157 P.
820 89 1233 154 OVIDII
1305 87 1836 149 NASONIS

522 203 595 259 Et
616 200 709 274 qui
736 199 993 254 debuerat
1018 194 1209 250 subitas
1234 189 1570 273 exstinguere
1595 188 1864 272 flammas,

594 274 709 328 l-lic
735 271 982 343 praedam
1010 265 1192 323 medio
1216 277 1394 335 raptor
1420 263 1482 317 ab
1509 280 1631 334 igne
1657 276 1808 332 petit.

524 347 729 404 Nititur
754 358 812 398 ut
835 343 1097 414 profugae
1123 338 1293 392 defint
1321 336 1567 389 alimenta
1591 333 1861 414 senecta&

595 418 758 481 Heu,
799 427 1000 488 quanto
1024 414 1098 469 est
1122 410 1310 468 nostris
1333 407 1547 480 dignior
1563 407 1669 479 ipse
1696 407 1866 460 malis!

2299 484 2374 542 Dr

236 638 376 679 Plinius
396 631 601 681 Panegyrico
621 628 767 678 Trajant'
781 628 960 677 ,Sparsas,
973 632 1080 682 atque
1097 623 1151 662 ita
1163 622 1277 660 dicam
1334 619 1429 659 libro
1451 631 1508 656 tv.

237 690 371 726 laceras
385 716 396 732 ‚
412 684 628 736 gentilitates
644 681 792 730 colligere
810 680 995 727 &renasct
1007 676 1139 726 jubere.
1166 674 1279 712 Clau·

241 741 370 780 dianus
386 738 431 776 de
450 735 552 774 Bello
571 735 730 772 Getico:

472 800 645 849 Tectisque
658 796 734 846 suis
752 794 949 832 redduntur
974 803 1022 849 cv·-
1039 790 1131 840 agris

297 851 477 892 Damnati
485 851 565 898 fato
578 848 719 898 populi,
747 847 885 884 virtute
906 853 1034 882 renati.

244 932 339 971 Ideo
357 928 503 968 Tullius
526 926 588 965 lib.
608 938 673 963 111.
702 924 747 961 ad
768 924 935 961 Atticum
952 951 962 967 ,
990 921 1114 964 diem,
1136 929 1213 975 quo
1230 928 1286 974 re-

242 990 399 1021 vocatus
416 979 464 1018 est
476 978 521 1016 ab
540 977 653 1015 exilio
666 974 846 1020 ,natalem
868 974 971 1012 suum
991 979 1114 1011 vocat.
1128 968 1288 1027 Ovidius

244 1034 358 1083 igitur
377 1032 411 1069 se
433 1038 624 1068 mortuum
656 1027 794 1074 saepius
815 1025 971 1074 appellat
994 1052 1005 1068 ‚
1041 1031 1122 1059 tum
1148 1020 1210 1076 hb.
1234 1031 1288 1075 ιγ.

245 1085 293 1122 de
324 1084 447 1121 Ponto
470 1108 482 1125 ,
517 1079 626 1128 Epist.
654 1079 834 1125 postrema
865 1104 876 1121 ,
921 1074 994 1124 qua
1031 1080 1163 1110 monet
1193 1081 1288 1108 invi-

242 1136 361 1178 dum,
380 1144 429 1170 ne
450 1130 610 1169 carmina
639 1129 698 1166 sua
723 1127 882 1171 laceret,
909 1127 944 1164 se
973 1126 1074 1162 enim
1095 1130 1288 1179 mortuum

242 1184 319 1224 esse
340 1184 428 1222 dicit
451 1210 462 1227 ,
498 1180 732 1230 proindeque
762 1178 894 1216 nullius
919 1177 1027 1214 livori
1057 1174 1290 1215 obnoxium,

242 1247 334 1274 cum
356 1234 454 1272 livor
473 1232 551 1282 post
572 1239 734 1269 mortem
759 1228 942 1278 quiescere
963 1227 1088 1265 soleat.
1133 1225 1221 1274 Ejus
1242 1221 1289 1261 est

244 1287 419 1325 initium:

302 1348 428 1388 Invide
445 1346 532 1398 quid
549 1345 679 1382 laceras
700 1343 848 1389 Nafimis
866 1342 1026 1379 carmina
1045 1340 1165 1391 rapti?

355 1406 436 1436 Non
455 1397 537 1448 fhlet
558 1395 701 1444 ingeniis
712 1395 856 1441 summa
876 1407 990 1430 nocere
1012 1393 1093 1430 dies.

302 1459 482 1499 Famaque
496 1447 564 1497 post
582 1447 706 1483 cineres
724 1446 836 1493 major
853 1445 952 1481 venit
967 1473 976 1487 ,
997 1456 1040 1484 <9¹
1052 1442 1141 1480 mihi
1159 1453 1295 1486 nomen,

358 1507 456 1537 Tunc
475 1511 607 1549 quoque
631 1510 710 1534 cum
730 1496 829 1533 vivis
848 1508 1102 1537 annumerarer
1114 1522 1125 1539 ,
1151 1503 1239 1531 erat.

252 1573 593 1629 Quemadmodum
615 1581 740 1610 autem
756 1608 757 1611 ,
774 1571 917 1609 Natalis
936 1572 1006 1609 dies
1026 1571 1226 1620 appellatur
1244 1570 1272 1607 is
1285 1596 1297 1614 ,

255 1642 334 1679 quo
355 1628 479 1665 exules
500 1624 607 1661 civile
639 1631 747 1670 caput
761 1650 772 1667 ,
800 1624 837 1660 ἃ
857 1624 940 1672 jura
963 1624 1170 1660 viventium
1195 1632 1299 1659 recu-

256 1686 408 1730 perant;
439 1678 488 1714 ita
512 1674 654 1711 Natalis
675 1674 805 1710 dicitur
828 1672 847 1710 a
871 1673 1080 1711 Christianis
1112 1673 1208 1717 dies,
1228 1669 1301 1720 qua

258 1733 442 1778 Martyres
463 1727 500 1763 &
522 1722 761 1761 Confeffores
782 1724 984 1768 obeuntes,
1013 1725 1056 1761 ab
1077 1725 1185 1772 hujus
1204 1724 1300 1760 orbis

257 1782 371 1821 exilio
392 1775 677 1827 quodammodo
707 1782 951 1818 revocantur;
978 1774 1024 1812 sic
1056 1777 1093 1812 in
1116 1776 1303 1822 Martyro-

257 1833 367 1881 logiis
387 1840 449 1876 per
472 1826 642 1863 Natalem
657 1825 756 1869 ,dies
775 1825 897 1863 obitus
921 1825 1187 1874 intelligendus.
1216 1824 1304 1862 Ori-

261 1893 373 1934 genes
389 1879 450 1917 lib.
474 1889 536 1914 111.
567 1877 785 1913 Comment.
808 1877 845 1913 in
864 1875 1025 1923 Joburn,
1049 1876 1160 1913 Albin
1197 1876 1301 1913 Flac-

261 1947 326 1973 cus
347 1932 392 1970 de
416 1929 546 1966 Divin.
566 1927 677 1964 Offic.
699 1938 774 1973 cap.
795 1927 840 1963 de
865 1927 966 1963 Feria
984 1926 1094 1965 sexta.
1125 1927 1301 1965 Nicolaus

260 1987 358 2032 Papa
396 1978 505 2028 Epist.
534 1977 578 2014 ad
619 1976 794 2014 Consulta
835 1976 1075 2025 Bulgarorum
1096 2006 1106 2022 ‚
1157 1990 1233 2026 cap.
1266 1990 1303 2016 v.

264 2038 465 2074 Samen.
494 2028 634 2075 Argute
655 2027 827 2064 Politiani
848 2026 936 2063 liber
964 2029 1002 2064 &
1022 2040 1113 2065 unus
1132 2028 1303 2066 Vatican.

262 2087 346 2124 vivi
368 2082 452 2118 viri.
478 2079 614 2115 Exules
644 2077 800 2114 civiliter
820 2078 970 2114 mortui.
1007 2077 1145 2116 Seneca
1168 2079 1304 2126 relega-

262 2145 321 2176 tus
350 2135 386 2170 in
418 2131 694 2178 Epigrammate
731 2126 776 2163 ad
806 2126 995 2163 Corficam
1017 2153 1028 2171 ,
1064 2129 1100 2165 in
1129 2128 1305 2166 Cataleet.

266 2186 364 2226 Pith.
385 2188 538 2230 pag-43·

320 2252 427 2285 Parce
443 2239 621 2289 relegatis,
648 2238 708 2274 hoc
728 2236 796 2285 est,
818 2237 897 2285 jam
915 2246 1015 2285 parce
1026 2236 1180 2286 sepultis.

373 2295 542 2331 Vivorum
560 2290 666 2327 cineri
679 2287 725 2338 sit
746 2299 809 2325 tua
829 2299 922 2325 terra
945 2288 1042 2324 levis.

268 2366 429 2406 Rutilius
449 2360 639 2399 Itinerario
660 2359 722 2396 lib.
742 2371 768 2396 1.
789 2359 874 2408 518.
901 2358 946 2396 de
969 2359 1091 2396 amico
1107 2359 1202 2396 vitae
1222 2369 1307 2396 mo-

270 2417 425 2457 nasticae
446 2411 616 2451 addicto:

326 2477 486 2516 Perditus
508 2474 563 2511 hic
581 2473 666 2509 vivo
679 2473 805 2519 sunere
822 2472 908 2509 civis
925 2482 1012 2510 erat.

274 2539 455 2588 Apulejus
482 2538 577 2573 Met.
600 2547 653 2571 IV.
692 2539 772 2569 Toto
796 2534 1014 2583 prosequente
1043 2534 1157 2581 populo
1179 2533 1311 2569 vivum

271 2591 472 2641 producitur
496 2587 620 2634 sunus.
658 2584 716 2621 De
738 2584 873 2632 Psyche
904 2585 1088 2622 damnata.
1116 2585 1310 2622 Manilius:

331 2656 650 2706 Virginiscyvivae
666 2653 805 2702 rapitur
823 2652 898 2701 fine
912 2656 1036 2701 funere
1050 2655 1173 2701 funus.

278 2718 503 2759 Dracontius
522 2717 763 2754 Hexaemero
779 2727 788 2751 ι

331 2784 479 2822 Mortua
490 2793 572 2832 pars
589 2781 737 2819 hominis
750 2810 760 2827 ,
788 2782 917 2832 quoties
930 2792 1011 2831 pars
1032 2798 1104 2821 una
1125 2786 1265 2833 jacebat

332 2841 470 2872 Funera
493 2835 584 2870 viva
601 2846 714 2881 gerens
728 2861 739 2877 ,
765 2835 885 2870 vivax
906 2836 942 2871 in
962 2845 1070 2872 morte
1089 2838 1263 2884 cadaver,

333 2890 390 2922 Ac
402 2884 478 2932 fine
499 2895 606 2921 morte
625 2894 744 2920 tamen
766 2884 874 2921 vitali
892 2895 999 2923 morte
1016 2896 1200 2937 perempta.

282 2952 475 2994 Ennodius
494 2950 774 2999 Epigrammatis
791 2963 800 2985 :

335 3023 448 3063 Rapta
465 3012 648 3062 sepulturis
669 3012 853 3049 animavit
871 3014 995 3055 funera
1014 3013 1144 3061 pistor,

389 3074 526 3105 Funera
544 3063 636 3101 viva
657 3063 780 3100 videns
801 3077 890 3101 mors
907 3075 962 3101 eat
979 3065 1018 3102 in
1035 3066 1198 3105 tumulos.

282 3132 449 3170 Sedulius
468 3128 561 3167 libro
581 3140 642 3166 111.
662 3129 708 3166 de
730 3139 882 3177 aegroto
900 3140 910 3166 t

333 3197 414 3229 Ecce
431 3190 580 3227 aderant
600 3190 730 3226 vivum
754 3197 929 3239 portantes
950 3192 1096 3241 jamque
1118 3191 1269 3231 cadaver

336 3243 394 3290 {Bis
413 3242 496 3280 bina
514 3240 644 3280 cervice
663 3240 748 3281 viri.

1388 670 1557 707 Cernitur
1577 677 1660 706 ante
1678 668 1787 705 oculos
1809 668 1937 708 vivens
1953 670 2088 719 adstare
2109 671 2273 712 cadaver.

1337 732 1432 769 Exul
1460 733 1520 770 ubi
1542 746 1718 784 nusquam
1751 733 1847 770 domi
1873 734 1938 781 est,
1956 734 2033 785 fine
2052 735 2203 783 sepulcro
2225 738 2268 785 est
2285 751 2376 777 mor-

1337 791 1440 828 tuus,
1466 786 1561 833 apud
1583 785 1620 822 P.
1641 785 1787 834 Syrum.
1815 785 1954 825 Seneca
1973 786 2155 825 Thebaid.

1567 852 1679 896 funus
1701 850 1858 887 extendis
1877 865 1994 889 meum
2006 880 2017 897 ,

1393 906 1594 951 Longasque
1615 900 1697 937 vivi
1717 901 1811 938 ducis
1835 904 1999 953 exequias
2023 903 2146 952 patris.
2164 905 2306 942 HEINS.

1343 964 1495 1001 vulnera
1532 962 1784 1011 Ms.Scaligeri
1799 992 1809 1008 ‚
1845 964 1903 1002 sed
1942 965 2186 1014 praecefferat.
2217 968 2255 1005 δε
2285 966 2383 1005 reete

1346 1014 1518 1053 Heinfius
1535 1025 1695 1051 acumen
1712 1014 1818 1063 huJus
1839 1013 2011 1061 ὄξυμώρου
2029 1017 2218 1065 explicuit.
2245 1020 2293 1056 ita
2308 1019 2385 1056 Lu-

1344 1068 1468 1104 cianus
1506 1065 1628 1102 senem
1662 1064 1890 1114 decrepitum
1922 1077 2032 1107 vocat
2062 1065 2183 1116 τάφον
2208 1068 2388 1116 ἔμψυχον.

1346 1116 1521 1166 Sophocl.
1543 1116 1669 1163 Antig.
1694 1116 1803 1155 1180.
2430 1118 2433 1121 ’

1582 1182 1618 1219 οὐ
1643 1182 1751 1229 ’τὶθερί
1772 1182 1843 1229 ἔγω

1399 1237 1469 1277 Ζῆν
1489 1238 1613 1273 τοῦτον
1626 1263 1636 1279 ,
1665 1235 1755 1271 ἄλλ’
1775 1233 1941 1283 ἔμψυχον
1959 1236 2111 1282 ἦγοῦμαιι
2130 1236 2258 1282 νεκρόν.

1347 1306 1411 1355 qui
1428 1305 1531 1354 saepe
1544 1306 1579 1343 in
1603 1318 1688 1343 eum
1703 1305 1911 1342 modumin
1934 1304 1992 1342 illa
2004 1304 2192 1353 tragoedia
2210 1305 2391 1353 loquitur.

1349 1369 1396 1395 eo
1418 1359 1599 1404 pertinere
1622 1357 1761 1394 dietum
1793 1367 1997 1394 commune
2018 1383 2029 1400 ‚
2065 1357 2178 1391 vivus
2204 1356 2394 1405 vidensque

1347 1418 1440 1457 pereo
1480 1407 1633 1445 adnotat
1672 1409 1784 1445 etiam
1813 1406 1995 1445 Val‘erius.
2049 1407 2125 1444 vid.
2155 1406 2200 1445 ad
2230 1407 2314 1445 Val.
2338 1406 2391 1445 Fi.

1353 1467 1509 1507 vn.45.
1551 1457 1681 1497 Euam.

1411 1523 1467 1562 18.
1495 1525 1685 1572 Naufragii
1706 1523 1847 1562 tabulas
1873 1532 2005 1572 pugnat
2028 1522 2151 1559 habere
2172 1520 2277 1571 mei.]
2324 1521 2399 1559 Ea:

1353 1573 1437 1611 dem
1459 1576 1674 1623 metaphora
1698 1577 1810 1613 utitur
1831 1575 1892 1612 lib.
1912 1587 1939 1611 1.
1968 1575 2145 1612 Tristium
2168 1573 2270 1621 Eleg.
2289 1584 2326 1610 v.
2352 1573 2400 1612 ad

1354 1626 1525 1663 Uxorem
1544 1654 1553 1670 ‚
1580 1628 1641 1664 ubi
1663 1627 1737 1664 hoc
1757 1626 1856 1664 idem
1878 1627 2031 1663 innuere
2054 1625 2220 1662 videtur:

1411 1698 1463 1730 Tu
1482 1694 1569 1736 facis
1582 1721 1591 1737 ,
1620 1704 1659 1729 ut
1672 1693 1818 1742 spolium
1840 1706 1908 1730 non
1918 1690 2010 1742 sim,
2040 1706 2098 1729 nec
2120 1691 2230 1729 nuder
2240 1689 2285 1727 ab
2304 1688 2399 1735 illisj

1463 1745 1654 1792 Naufragii
1675 1745 1815 1782 tabulas
1835 1746 1895 1794 qui
1911 1744 2033 1793 petiere
2054 1742 2133 1780 mei.

1411 1800 1523 1846 thue
1544 1806 1653 1844 rapax
1674 1795 1883 1841 stimulante
1894 1797 2019 1840 fame,
2040 1794 2250 1844 cupidusque
2271 1790 2399 1830 cruoris

1466 1846 1712 1891 Incustoditum
1733 1856 1851 1893 captat
1873 1845 1963 1881 ovile
1985 1851 2120 1893 Lupus:

1409 1902 1491 1936 Aut
1511 1909 1550 1933 ut
1571 1897 1662 1934 edax
1683 1896 1810 1932 vultur
1828 1906 1944 1944 corpus
1966 1895 2192 1943 circumspicit
2206 1923 2217 1939 ‚
2245 1904 2290 1935 <9⁰
2309 1892 2399 1945 quod

1468 1948 1535 1984 Sub
1556 1948 1656 1984 nulla
1669 1946 1816 1996 pofitum
1836 1960 1966 1983 cernere
1985 1944 2077 1994 poffit
2094 1946 2222 1982 humo:

1409 1998 1464 2035 Sic
1483 2012 1560 2035 mea
1582 1999 1688 2046 nescio
1710 2000 1786 2044 quis
1803 1998 1895 2034 male
1909 1996 2003 2042 fidus
2021 1996 2119 2032 rebus
2140 1995 2270 2033 acerbis

1466 2054 1507 2084 In
1526 2048 1614 2084 bona
1636 2059 1809 2083 venturus
1822 2074 1832 2090 ‚
1852 2045 1885 2094 fi
1899 2056 2052 2093 paterere
2065 2072 2076 2087 ,
2093 2047 2183 2090 fuit.

1412 2105 1517 2135 Hunc
1537 2109 1602 2134 tua
1619 2109 1676 2145 per
1695 2099 1798 2138 fortes
1815 2097 1932 2131 virtus
1943 2095 2140 2141 summovit
2164 2094 2313 2141 amicos,

1468 2149 1584 2181 Nulla
1601 2145 1725 2193 quibus
1744 2144 1843 2181 reddi
1860 2145 1979 2191 gratia
1999 2144 2105 2193 digna
2119 2146 2233 2192 potest.

1363 2213 1533 2251 C1oran.
1571 2211 1767 2261 Quosdam
1790 2223 1853 2259 per
1887 2210 2048 2248 Tabulas
2078 2212 2279 2261 naufragii,
2309 2215 2408 2254 Ovis

1361 2264 1411 2301 dii
1434 2275 1591 2301 uxorem
1620 2262 1823 2312 intelligere
1845 2289 1856 2308 ,
1882 2263 1971 2300 dicit
1996 2262 2212 2307 Domitius,
2243 2264 2304 2303 sed
2324 2278 2405 2306 non

1362 2317 1504 2364 probat.

1419 2389 1475 2424 19.
1503 2381 1550 2413 Et
1573 2376 1633 2426 qui
1653 2376 1815 2414 debuerat
1831 2376 1966 2422 subitas
1984 2378 2181 2427 extinguere
2197 2377 2406 2431 flammas]

1365 2428 1549 2471 Ovidius,
1565 2439 1643 2475 qno
1661 2429 1842 2477 majorem
1871 2429 1962 2466 Ibidi
1985 2429 2049 2467 suo
2070 2430 2246 2467 invidiam
2270 2432 2409 2470 confla-

1365 2487 1441 2523 ret,
1470 2479 1725 2526 metaphoram
1746 2480 1850 2517 duxit
1871 2480 1914 2516 ab
1945 2481 2158 2530 hujusmodi
2183 2482 2407 2528 raptoribus,

1366 2531 1430 2579 qui
1451 2530 1532 2578 lege
1554 2530 1647 2576 Julia
1665 2530 1711 2566 de
1732 2531 1767 2567 vi
1791 2530 1932 2578 publica
1950 2539 2146 2575 tenentur,
2172 2530 2196 2567 1.
2215 2532 2253 2568 in
2274 2531 2408 2571 eadem

1369 2580 1469 2617 causa
1484 2608 1494 2621 ‚
1526 2581 1560 2620 §.
1589 2580 1646 2617 sed
1669 2582 1706 2617 &
1736 2583 1799 2629 qui
1835 2582 1870 2618 in
1895 2582 2071 2619 incendio
2086 2610 2096 2625 ‚
2124 2580 2162 2618 ff.
2183 2580 2226 2617 ad
2247 2582 2316 2629 leg.
2335 2583 2408 2628 Jul.

1369 2630 1414 2668 de
1436 2631 1471 2667 vi
1492 2631 1646 2678 publica.
1701 2632 1841 2669 Verum
1872 2632 2031 2680 suspicor
2051 2634 2152 2670 hunc
2177 2630 2305 2669 locum
2326 2645 2408 2671 me=

1363 2683 1556 2729 taphorice
1576 2681 1669 2719 sumi
1688 2682 1921 2721 nondebere
1935 2710 1944 2727 ‚
1972 2682 2034 2720 sed
2055 2682 2105 2720 illi
2137 2682 2274 2730 aliquid
2296 2685 2408 2722 invo-

1367 2732 1457 2770 lucri
1479 2730 1637 2777 subeffe,
1664 2733 1767 2781 quod
1795 2732 1912 2770 oculis
1941 2732 2226 2770 conniventibus
2249 2744 2409 2781 praeter-

1370 2783 1535 2820 eundum
1556 2795 1631 2821 non
1647 2783 1699 2821 fit.
1722 2782 1888 2831 Suspicor
1903 2786 2076 2832 ‚inquam
2090 2811 2101 2827 ,
2121 2795 2253 2822 munus
2265 2797 2306 2822 ac
2327 2785 2409 2823 offi-

1371 2835 1471 2871 cium
1495 2834 1604 2872 Ibidis
1632 2834 1820 2883 fignificari
1835 2861 1846 2878 ‚
1872 2846 1948 2882 quo
1967 2834 2099 2872 scilicet
2114 2834 2339 2882 aliquatenus
2352 2837 2408 2873 in-

1373 2885 1562 2923 dicaretur.
1619 2885 1726 2933 Quid
1755 2886 1855 2923 enim
1888 2886 1931 2922 τὸ
1963 2885 2126 2922 debuerat
2145 2913 2155 2929 ‚
2192 2884 2257 2922 nifi
2286 2885 2349 2931 ipsi
2369 2886 2408 2924 id

1373 2937 1494 2973 oneris
1515 2934 1730 2973 incubuiflet
1751 2964 1761 2980 ‚
1799 2944 1839 2972 ut
1858 2937 1988 2973 oborta
2016 2936 2184 2974 incendia
2210 2933 2409 2984 restingue-

1376 2994 1451 3029 ret,
1479 2986 1608 3035 quibus
1635 2986 1837 3024 obnoxiam
1868 2986 1970 3024 fuiffe
1999 2987 2123 3025 urbem
2156 2986 2316 3023 Romam
2338 2998 2410 3024 no·-

1377 3045 1456 3074 tum
1482 3037 1542 3074 est.
1597 3037 1729 3074 Fuerat
1750 3039 1776 3075 is
1808 3038 1904 3075 forte
1927 3050 1972 3075 ex
1995 3037 2205 3075 cohortibus
2228 3038 2407 3086 vigilum,

1376 3089 1440 3136 qui
1462 3100 1525 3134 per
1548 3087 1641 3125 urbis
1670 3089 1836 3135 regiones
1866 3088 2022 3138 dispofiti
2053 3089 2090 3124 δε
2116 3087 2335 3125 excubantes
2354 3090 2411 3126 in-

1378 3139 1595 3176 cendiorum
1626 3150 1747 3176 curam
1773 3140 1969 3187 gerebant,
1998 3139 2050 3175 uti
2070 3149 2138 3175 nos
2159 3138 2296 3176 docent
2315 3139 2411 3177 Pau-

1374 3188 1428 3225 lus
1440 3189 1509 3236 leg.
1529 3201 1591 3226 111.
1620 3189 1657 3226 ff.
1677 3190 1723 3226 de
1751 3190 1876 3227 officio
1908 3188 2085 3226 Praefecti
2112 3189 2291 3238 vigilum;
2315 3189 2414 3227 ,Sue-

1376 3240 1499 3278 tonius
1520 3241 1557 3279 in
1575 3240 1742 3291 Augusto
1763 3253 1840 3289 cap.
1860 3252 1945 3279 xxv.
1969 3239 2018 3279 Et
2031 3240 2094 3278 has
2113 3239 2265 3291 quidem
2278 3242 2414 3279 cohor-

2344 3298 2415 3338 tes,
