2547 3708
340 185 440 240 *12⁶3

821 178 901 260 P·
978 173 1387 255 ovi-tnftt
1461 174 1991 235 NASONIS

633 273 689 328 Si
718 285 805 326 tua
832 272 1121 342 eontigerit
1149 263 1363 325 Minoas
1387 275 1575 344 puppis
1597 289 1792 327 arenas.

706 346 795 399 Te
812 346 1146 415 Corcyreum
1170 344 1351 399 Cresia
1376 344 1528 398 turba
1553 357 1721 416 putet.

635 418 1032 489 Lapsuramque
1059 418 1283 472 domum
1310 416 1520 482 subeaS‚
1558 430 1617 472 ut
1645 416 1847 487 sanguis
1870 416 2101 483 Aleuae,

398 640 484 677 511.
514 626 547 663 Si
570 635 632 662 tua
661 621 879 671 contigere]
923 621 1112 660 Cretenses
1140 623 1281 661 Minois
1301 623 1376 661 ossa

339 689 390 715 ‘ex
424 678 543 716 Sicilia
578 676 776 713 referentes
805 673 1009 721 Corcyram
1045 682 1253 716 venerunt,
1282 686 1378 722 quos

343 728 522 777 Corcyrei
544 732 790 767 vexaverunt,
820 724 856 760 ὃ(
889 721 962 760 ossa
983 735 1077 772 quae
1101 724 1264 761 ferebant
1284 726 1376 771 spar-

337 779 471 817 serunt.
527 779 652 824 Quare
685 776 896 823 quicunque
932 774 1109 822 Corcyrei
1140 775 1288 812 Cretam
1313 787 1377 813 ve·

340 831 511 870 niebant,
540 825 813 864 occidebantur.
844 826 1082 863 [unapars.
1104 826 1206 874 Rege
1221 826 1375 870 Minoe,

339 888 380 917 ut
398 880 556 927 superius
570 876 828 924 expOsUlmuS‚
857 875 878 912 a
905 876 1048 912 Cocalo
1071 877 1107 914 in
1123 877 1242 913 Sicilia
1265 877 1377 914 inter-

338 940 490 976 empto,
519 930 596 976 ejus
619 928 807 964 Cretemes
828 924 901 963 ossa
920 929 956 964 in
976 929 1126 975 patriam
1151 935 1371 975 transporta-

336 989 446 1026 runt,
473 992 516 1018 ac
540 977 754 1025 tempestate
784 978 819 1013 in
843 978 1045 1026 Corcyram
1074 976 1225 1015 insulam
1257 989 1369 1015 vene-

336 1040 444 1074 runt,
473 1031 535 1081 qui
564 1030 657 1065 male
679 1027 700 1064 a
722 1029 915 1073 Corcyreis
931 1027 1094 1070 traffliti,
1122 1039 1367 1077 quoscunque

336 1093 469 1119 eorum
489 1083 525 1119 in
553 1080 697 1116 Cretam
718 1079 946 1114 venientium
978 1079 1015 1115 in
1042 1077 1242 1116 vindictam
1268 1079 1368 1116 occi-

339 1132 485 1169 debant.
536 1131 570 1166 Si
594 1128 1032 1176 verolegasCorcyreum‚
1062 1128 1241 1175 oppidum
1265 1130 1301 1166 in
1316 1130 1370 1167 Si-

339 1183 422 1220 cilia
446 1182 674 1229 Corcyreum
694 1206 703 1220 ‚
733 1179 795 1215 ubi
816 1180 912 1215 male
931 1179 1043 1215 habiti
1061 1177 1142 1216 sunt
1156 1180 1367 1225 Cretenses,

335 1233 401 1281 qui
424 1231 579 1274 deinde,
608 1238 647 1266 ut
666 1229 810 1266 meritas
831 1229 1024 1267 redderent
1048 1230 1168 1272 vices,
1195 1230 1230 1266 in
1258 1230 1367 1268 Creta

337 1283 481 1320 inventi
509 1282 729 1319 necabantur
753 1307 764 1324 ‚
798 1287 837 1317 ut
867 1289 970 1317 vetus
994 1280 1041 1316 est
1057 1288 1162 1317 autor
1182 1281 1368 1328 interpres.

336 1333 492 1371 Zmzos.
530 1339 734 1379 Corcyreum
764 1330 862 1367 recte
890 1339 980 1377 puto
1009 1330 1090 1378 legi.
1141 1331 1239 1368 Nam
1263 1332 1366 1370 locus

336 1384 504 1426 Siciliae,
530 1382 590 1419 ubi
612 1383 738 1418 Minos
761 1382 798 1417 δε
823 1381 1014 1418 Cretenses
1038 1379 1058 1417 a
1083 1381 1364 1430 Cocalo&ejus

334 1433 476 1472 filiabus
493 1433 589 1471 male
618 1432 758 1478 accepti
783 1431 883 1468 fuere
897 1459 908 1475 ,
932 1431 1098 1469 Camicus
1119 1433 1162 1469 ab
1183 1434 1370 1471 autoribus

334 1484 491 1527 dicitur,
520 1492 561 1520 ut
579 1484 616 1520 in
640 1483 791 1519 Comrn-
810 1481 912 1519 Pind.
936 1494 970 1527 4.
1000 1482 1112 1519 Nem.
1144 1483 1285 1520 Bellum
1309 1495 1371 1520 au-

334 1543 413 1573 tern
434 1535 667 1582 Corcyreum
690 1544 773 1570 cum
791 1532 1019 1569 Cretensibus
1040 1531 1143 1569 fuisse
1159 1533 1372 1582 aliquando,

333 1586 447 1623 etiarn
470 1597 515 1622 ex
538 1585 676 1630 Pyrrho
698 1583 878 1620 Plutarchi
896 1591 1008 1630 patet.
1063 1583 1108 1619 Et
1123 1583 1262 1620 Talum
1279 1585 1371 1626 ‚fer-

332 1647 439 1674 reum
463 1635 652 1672 custodem
675 1634 806 1670 Cretae
824 1661 834 1676 ,
863 1634 1021 1671 Medeae
1038 1634 1345 1672 incantationibus
1360 1663 1371 1680 ‚

333 1698 431 1734 quae
461 1697 578 1734 nuper
609 1696 653 1722 ex
688 1684 851 1731 Corcyra
881 1693 1064 1727 venerat,
1105 1684 1368 1729 interfectum,

335 1737 516 1785 Apollon.
543 1735 651 1773 tradit
679 1734 739 1771 lib.
760 1746 817 1771 Iv.
844 1736 944 1784 quod
965 1737 1000 1772 δὲ
1022 1737 1135 1783 ipsum
1156 1735 1286 1773 odium
1305 1736 1369 1774 ali-

332 1788 437 1835 quod
462 1789 557 1825 inter
575 1787 643 1823 lios
671 1785 838 1822 insulares
869 1785 1074 1833 generasse,
1104 1786 1218 1823 videri
1242 1786 1368 1834 poffet.

334 1839 516 1876 Mrcrtr..
550 1837 670 1873 Vetus
700 1836 880 1883 Interpres
911 1838 946 1873 in
978 1838 1076 1874 hunc
1096 1836 1223 1874 locum
1246 1865 1255 1880 ‚
1285 1844 1369 1875 Cre-

332 1890 438 1937 tenses
462 1891 534 1925 &c.
573 1887 738 1933 Corcyra
767 1886 885 1923 Insula
918 1888 1090 1924 Homero
1112 1887 1206 1924 dieta
1231 1888 1368 1925 Scheria

331 1939 540 1977 Phaeacum
561 1937 681 1980 sedes,
712 1936 941 1974 Callimacho
961 1944 1141 1985 Drepane,
1169 1939 1363 1975 aliisetiam

332 1989 467 2026 Macris
485 2016 495 2029 ‚
528 1987 641 2025 hodie
681 1987 802 2032 Corfu.
857 1987 1057 2026 Simon.
1101 1990 1221 2036 Puppis
1237 1989 1364 2025 Minoi-

332 2040 395 2077 das
414 2039 528 2077 undas
541 2038 680 2075 Sarrav.
709 2037 804 2074 forte
815 2037 925 2074 redte.
959 2039 1095 2076 Minoas
1113 2038 1287 2088 puppisad
1298 2053 1363 2074 un-

331 2091 396 2127 das
426 2091 502 2127 duo
533 2089 605 2125 alii.
650 2086 755 2123 turba
781 2096 875 2135 petat
901 2088 990 2125 olim
1021 2089 1109 2125 editi
1137 2090 1175 2126 ὃ(
1205 2098 1363 2137 quatuor

329 2141 462 2187 scripti.
481 2137 595 2186 Cresia
610 2138 719 2174 etiarn
734 2138 878 2180 melius.
890 2150 1000 2184 quam
1014 2139 1138 2187 Crcffia
1150 2140 1252 2177 scribi
1275 2152 1362 2177 cen-

329 2190 382 2227 set
396 2189 619 2228 doetiffimiis
633 2188 898 2224 Emmeneffius
908 2188 951 2224 ad
965 2189 1042 2225 Vir.
1059 2202 1111 2226 iv.
1132 2190 1286 2227 Aeneid.
1301 2202 1363 2235 70.

335 2240 484 2278 Graecis
506 2240 603 2276 enim
627 2237 772 2280 Κρήσιος
790 2237 874 2274 vide
889 2238 1111 2286 Stephanum
1131 2241 1166 2277 in
1188 2241 1319 2281 Κρήτη.

383 2303 467 2339 513.
496 2291 754 2338 Lapsuramque
792 2287 983 2337 domum]
1020 2290 1186 2327 Alcidice
1218 2291 1357 2328 Alenae

328 2334 479 2378 Lariii‘ei
507 2340 577 2377 filia
619 2339 751 2375 domus
786 2340 887 2375 ruina
923 2350 1006 2375 cum
1054 2341 1240 2389 Lycoride
1278 2344 1357 2377 viro

329 2392 459 2430 obruta
480 2391 539 2428 est.
596 2390 835 2426 INTERPRES.
865 2389 1021 2427 Videtur
1047 2401 1155 2439 poeta
1173 2390 1355 2428 historiam

329 2442 543 2479 Simonidae
576 2439 773 2487 significare
802 2439 954 2477 voluiffe
973 2468 984 2484 ,
1022 2443 1122 2488 cujus
1152 2444 1357 2480 meminere

328 2493 453 2530 Suidas
476 2494 513 2529 &
529 2491 695 2527 Valerius
718 2490 818 2526 Max.
845 2490 904 2526 lib.
919 2503 945 2527 r.
974 2502 1050 2538 cap.
1071 2492 1105 2528 8.
1133 2492 1178 2529 de
1196 2493 1357 2530 Miracu-

326 2544 379 2581 lis.
404 2544 441 2579 &
464 2542 597 2578 Cicero
620 2542 706 2577 item
730 2540 847 2576 libii.
876 2540 921 2577 de
940 2542 1099 2579 Oratore
1122 2553 1198 2589 cap.
1213 2543 1259 2579 86
1290 2543 1356 2580 hu-

321 2595 382 2643 jus
407 2593 514 2630 verba
547 2592 627 2629 sunt
655 2591 778 2626 haec:
828 2591 951 2627 Dicunt
983 2594 1076 2627 enim
1108 2605 1184 2628 cum
1203 2603 1355 2630 coenaret

327 2650 488 2681 Cranone
516 2643 554 2678 in
586 2640 752 2688 Theffalia
782 2640 965 2678 Simonides
984 2643 1076 2690 apud
1100 2648 1257 2689 Scopam,
1278 2645 1356 2689 fhr-

329 2704 497 2731 tanatum
515 2692 687 2728 hominem
701 2718 711 2732 ,
739 2701 782 2729 <9¹
803 2691 968 2734 nobilem,
1000 2694 1223 2743 ceciniffetque
1234 2694 1355 2731 idear-

329 2759 428 2788 men,
457 2743 547 2794 quod
577 2743 613 2779 in
634 2755 710 2778 eum
730 2740 900 2789 seripsrffit
916 2770 925 2785 ‚
954 2743 989 2777 in
1011 2757 1075 2792 quo
1097 2745 1212 2781 multa
1228 2758 1357 2781 ornan-

329 2795 368 2831 di
385 2797 487 2842 causa
507 2796 686 2838 poetarum
708 2804 798 2827 more
823 2793 860 2827 in
884 2792 1055 2837 Castorem
1074 2793 1197 2842 scripta
1215 2808 1259 2835 (φ
1283 2797 1359 2832 pol-

328 2845 437 2881 lucem
457 2845 595 2894 fuissent
609 2870 618 2885 ,
647 2842 752 2878 nimis
776 2841 877 2877 illum
905 2843 1040 2888 sordide
1059 2844 1228 2881 Simonidi
1247 2846 1359 2892 dixis-

324 2898 380 2942 se,
399 2898 436 2942 se
467 2894 654 2931 dimidium
683 2895 776 2940 ejus,
803 2893 831 2927 ei
864 2893 954 2940 quod
969 2895 1088 2940 pasius
1110 2895 1275 2943 &stupro
1298 2897 1356 2933 illo

326 2946 481 2982 carmine
502 2946 668 2981 daturum
682 2959 692 2978 :
721 2942 892 2992 reliquum
912 2943 935 2979 ἀ
951 2944 1019 2987 fuis
1031 2946 1260 2992 Tyndaridis,
1275 2961 1357 2997 quos

324 3008 431 3046 aeque
448 2995 633 3043 laudaffet,
658 3004 778 3038 peteret
798 3021 808 3036 ‚
836 2992 862 3039 fi
880 2993 909 3028 ei
928 2994 1121 3031 videretur.
1175 2997 1356 3046 Paulopost

316 3049 443 3093 ferunt
460 3046 515 3092 effe
533 3046 735 3081 nunciatum
749 3043 939 3088 Simonidi,
967 3055 1005 3081 ut
1017 3045 1183 3092 prodiret:
1211 3049 1351 3087 iuvenes

318 3096 410 3145 stare
429 3097 638 3143 adjanuam
659 3095 739 3129 duos
761 3095 948 3142 quosdam,
976 3096 1037 3143 qui
1057 3110 1133 3132 eum
1155 3108 1352 3144 magnopere

322 3156 514 3185 evocarent.
540 3145 716 3194 surrexisse
745 3144 846 3180 illum
869 3146 976 3192 ipsum
999 3174 1009 3189 ,
1043 3148 1201 3195 prodiffe,
1230 3149 1349 3197 υἱώ-’βε

322 3198 506 3235 neminem.
566 3203 633 3231 Hoc
657 3196 795 3231 interim
823 3196 932 3241 spatio
961 3199 1121 3234 conclave
1147 3197 1260 3241 illud,
1289 3200 1349 3236 ubi

314 3249 515 3296 epularetur
533 3253 648 3298 Scopas
660 3274 669 3291 ,
697 3245 886 3294 conciciffe;
915 3260 953 3283 ea
973 3248 1081 3286 mina
1103 3249 1211 3299 ipsum
1223 3252 1348 3299 oppres-

2325 491 2461 551 Stel-

1424 626 1509 669 fum
1527 637 1604 660 cum
1618 623 1694 670 suis
1714 622 1892 673 interiiſje,
1921 623 1995 662 ὅτε.
2019 623 2105 662 Fuit
2121 624 2221 662 enim
2250 625 2384 676 Scopas
2405 628 2461 666 A·-'

1429 674 1533 722 levae
1547 675 1708 721 sanguis,
1736 676 1808 711 hoc
1821 675 1889 718 est,
1918 687 1962 712 ex
1979 674 2069 712 illius
2087 678 2287 723 progenie,
2316 679 2460 717 Creon-

1431 726 1475 761 tis
1522 725 1559 761 &
1599 725 1835 762 Echecratiae
1864 725 1953 762 filius
1977 754 1986 770 ,
2013 733 2053 763 ut
2070 726 2243 774 interpres
2266 728 2460 768 Theocriti

1431 774 1550 811 tradit.
1607 775 1672 811 Per
1684 775 1822 820 stellam
1852 788 1940 825 ergo
1969 776 2157 813 Castorem
2185 777 2223 814 &
2248 777 2461 825 Pollucem,

1432 827 1494 872 qui
1521 825 1769 862 Geminorum
1790 825 1882 863 fidus
1902 828 2152 870 constituunt,
2181 827 2365 877 intelligo:
2396 842 2461 878 per

1434 875 1632 923 Lycoridem
1654 885 1777 913 autem
1793 878 1910 914 virum
1926 906 1936 921 ,
1966 877 2213 915 Simonidem.
2238 880 2378 917 tametfi
2391 882 2460 931 hu-

1431 927 1486 974 jus
1519 926 1771 973 appellationis
1794 936 1929 965 certam
1964 930 2144 966 rationem
2176 940 2253 966 non
2279 930 2460 976 habeam,

1428 988 1511 1014 cum
1544 985 1682 1022 patrem
1714 978 1912 1016 Simonidis
1957 979 2052 1027 apud
2088 979 2237 1017 Suidam
2283 981 2460 1029 quidem,

1425 1028 1641 1074 Theoprepem
1659 1054 1669 1070 ,
1696 1027 1792 1074 apud
1822 1037 1962 1066 ceteros
2001 1037 2125 1067 autem
2166 1030 2367 1080 Ariprepem
2390 1044 2461 1081 vo-

1423 1079 1493 1115 cari
1517 1078 1642 1121 sciam,
1667 1086 1707 1114 ut
1727 1077 1763 1115 in
1785 1078 1995 1127 Epigramm
2005 1088 2059 1116 ate
2079 1081 2124 1117 de
2137 1092 2276 1118 novem
2296 1082 2458 1131 Lyricis:

1474 1144 1561 1182 H'se
1577 1145 1766 1191 Σὶμσνίδεω
1791 1145 1895 1182 Κείου
1914 1147 2030 1191 §copie-52
2055 1151 2253 1192 λαλοῦντος

1525 1197 1598 1233 ’Τὸν
1622 1199 1742 1242 πατέρ’
1769 1198 1908 1240 divisone
1925 1200 1988 1235 ’ἱσθι
2007 1199 2230 1244 Αριπρεπέα.

1423 1261 1552 1310 Itaque
1575 1273 1657 1300 cum
1684 1262 1791 1300 multi
1818 1263 1893 1301 hoc
1918 1266 2075 1304 nomine
2105 1267 2264 1309 fuerint,
2303 1266 2460 1314 dubito;

1421 1323 1542 1350 utrum
1566 1315 1628 1351 uni
1661 1325 1801 1350 nomen
1824 1325 1892 1363 pro
1912 1316 2026 1353 altero
2057 1316 2214 1364 politum
2241 1318 2294 1355 fit.
2351 1320 2453 1357 Nam

1422 1365 1460 1400 &
1494 1364 1617 1401 Suidas
1654 1364 1807 1402 alterurn
1837 1366 2069 1404 Simonidem
2106 1368 2283 1406 Antiochi
2310 1380 2364 1406 res
2392 1381 2459 1418 ge-

1427 1414 1491 1450 stas
1516 1412 1702 1462 sctipfiffe,
1731 1415 1883 1453 alterum
1910 1417 2089 1465 Lyricum
2115 1417 2215 1456 fuiffe
2236 1419 2346 1457 dicit:
2369 1430 2458 1458 cum

1431 1472 1555 1502 tamen
1580 1465 1700 1502 eidem
1715 1493 1725 1509 ,
1753 1467 1790 1502 &
1812 1466 1857 1503 de
1876 1466 1991 1515 Scopa
2016 1468 2140 1516 scripta
2155 1496 2165 1512 ‚
2196 1470 2233 1506 ὃς
2258 1470 2304 1506 de
2324 1470 2459 1507 Antio-

1430 1515 1524 1557 cho,
1555 1515 1781 1554 Theocritus
1794 1517 1965 1564 affignare
1985 1518 2160 1556 videatur.
2188 1520 2265 1557 Aut
2277 1527 2372 1557 certe
2391 1525 2460 1569 Ly-

1429 1566 1562 1602 coridae
1586 1577 1725 1603 nomen
1748 1567 2012 1616 aliundequam
2037 1568 2057 1605 a
2079 1579 2227 1615 parente
2246 1571 2461 1613 paefatam.

1430 1617 1605 1653 Mrcrrr..
1633 1617 1700 1653 Per
1728 1617 1864 1654 Aleuae
1880 1619 2107 1667 sanguinem,
2138 1619 2274 1668 Scopas
2302 1620 2457 1660 Thessa-

1427 1666 1480 1703 lus
1496 1695 1507 1710 ,
1534 1679 1597 1714 per
1618 1667 1739 1704 virum
1769 1670 1967 1717 Leoprepida
1998 1669 2207 1708 Simonides
2230 1671 2325 1708 Ceus
2345 1700 2356 1716 ‚
2393 1684 2458 1720 per

1427 1717 1570 1754 Stellam
1605 1717 1732 1755 Castor
1760 1720 1798 1755 &
1841 1720 1971 1756 Pollux
2003 1720 2242 1767 intelligendi.
2295 1722 2456 1763 Historia

1426 1768 1637 1815 petendaex
1651 1769 1834 1806 Cicerone
1860 1769 1978 1807 lib.11.
2005 1770 2049 1807 de
2070 1770 2255 1809 Oratore:
2314 1774 2453 1811 Dicunt

1423 1819 1512 1854 enim
1533 1831 1610 1855 cum
1634 1829 1787 1855 coenaret
1806 1825 1967 1856 Cranone
1986 1832 2055 1860 wc.
2084 1822 2223 1860 Eadem
2247 1833 2364 1862 narrat
2377 1825 2456 1863 Va-

1421 1869 1528 1906 Ierius
1549 1870 1848 1908 Maximuslib.1.
1874 1882 1952 1918 cap.
1971 1883 2007 1918 9.
2035 1872 2169 1920 Scopas
2188 1883 2311 1911 autem
2334 1875 2453 1914 dic'tus

1423 1920 1557 1956 Aleuae
1574 1921 1714 1969 ,languis
1727 1948 1735 1961 ‚
1765 1920 1839 1957 five
1857 1922 1960 1969 quod
1974 1922 2145 1960 Creontis
2158 1924 2196 1960 ὃς
2217 1925 2454 1965 Echecratiae

1421 1969 1514 2007 filius
1534 1969 1618 2007 effet
1639 1983 1684 2007 ex
1696 1971 1835 2008 Aleuae
1846 1973 2047 2019 progenie,
2076 1974 2322 2012 utTheocriti
2337 1976 2454 2014 Scho-

1419 2020 1533 2057 liastes
1557 2022 1689 2059 author
1710 2020 1758 2057 est
1772 2048 1782 2065 ,
1809 2021 1884 2058 five
1904 2022 2007 2070 quod
2028 2022 2190 2061 Thessali
2213 2036 2342 2064 omnes
2363 2027 2450 2065 dieti

1418 2071 1602 2107 Aleuadae
1629 2071 1672 2107 ab
1703 2071 1822 2109 Aleua
1853 2084 1984 2110 eorum
2017 2074 2141 2121 Rege,
2169 2084 2208 2112 ut
2235 2076 2334 2124 supra
2356 2077 2449 2114 dixi-

1418 2132 1500 2158 mus
1520 2122 1564 2158 ad
1596 2121 1738 2159 versum
1763 2126 1848 2171 3‘25.
1874 2122 2082 2161 Simonides
2103 2127 2309 2173 Leoprepei
2333 2125 2449 2172 filius,

1418 2179 1458 2208 ut
1498 2171 1651 2220 ipsemet
1679 2172 1844 2220 scripsit,
1878 2175 1917 2209 &
1939 2172 1960 2209 a
1986 2173 2093 2210 Suida
2126 2176 2287 2212 traditur.
2350 2177 2451 2215 Hinc

1418 2222 1884 2270 Leoprepides-appellatus
1905 2234 1949 2260 ex
1971 2223 2180 2270 conjeetura
2198 2225 2342 2273 Josephi
2363 2228 2450 2266 Sca-

1415 2271 1517 2319 ligeri
1554 2273 1591 2309 in
1621 2273 1841 2310 Ausonianis
1867 2273 2084 2310 leetionibus
2121 2275 2180 2311 lib.
2207 2289 2249 2313 ir.
2285 2288 2362 2323 cap.
2385 2289 2448 2327 30.

1414 2322 1614 2370 Pleraeque
1632 2333 1756 2360 tamen
1768 2323 1948 2361 editiones
1972 2324 2104 2360 habent
2117 2325 2221 2362 Stella
2244 2329 2445 2375 Lycoritae,

1415 2373 1593 2420 quaedam
1609 2374 1792 2421 Lycoridae
1805 2401 1816 2416 ‚
1839 2374 2368 2422 quamlectionemtuentur&
2382 2391 2447 2417 ex-

1415 2431 1560 2469 ponunt
1587 2424 1750 2461 Andreas
1771 2424 1933 2461 Alciatus
1970 2425 2030 2462 lib.
2049 2437 2101 2461 vt.
2136 2437 2211 2474 cap.
2235 2440 2292 2465 21.
2321 2429 2446 2467 Parer-

1413 2482 1485 2519 gon
1506 2474 1609 2521 juris.
1661 2475 1842 2512 Adrianus
1875 2475 2072 2512 Turnebus
2111 2475 2171 2514 lib.
2191 2489 2242 2514 ix.
2281 2489 2361 2525 cap.
2382 2492 2444 2520 21.

1411 2523 1715 2561 Adversariorum
1733 2553 1743 2568 ‚
1773 2525 1937 2562 Andreas
1952 2526 2120 2562 Schottus
2147 2527 2203 2563 lib.
2220 2540 2265 2565 11.
2292 2540 2445 2578 cap.32.

1412 2574 1723 2613 Observationum
1739 2577 1996 2613 humanarum.
2014 2606 2017 2609 .
2036 2577 2262 2612 Proculdubio
2284 2605 2294 2620 ‚
2322 2580 2443 2628 inquit

1412 2625 1609 2662 Turnebus
1623 2653 1632 2667 ,
1660 2626 1701 2662 de
1728 2627 1899 2662 Simonide
1916 2626 2005 2662 loces
2020 2625 2064 2671 est
2082 2627 2304 2673 explicandus
2316 2657 2326 2672 ‚
2339 2643 2441 2678 quem

1412 2675 1753 2722 Lycoridemrvirum
1775 2705 1785 2719 ‚
1824 2686 1864 2712 ut
1892 2678 2004 2724 opinor
2018 2703 2028 2719 ,
2058 2687 2160 2712 vocat
2175 2705 2185 2720 ‚
2213 2691 2253 2713 ut
2273 2690 2317 2717 ω’
2334 2681 2442 2718 Meli-

1412 2739 1489 2762 cum
1512 2729 1655 2761 Poe'tam
1677 2737 1720 2766 (φ’
1747 2726 1974 2774 Apollinium.
2034 2733 2129 2762 Nam
2159 2738 2198 2763 ut
2225 2730 2440 2779 Amphrysia

1418 2782 1516 2812 Vates
1537 2776 1667 2824 sibylla
1688 2777 1841 2816 dicitur,
1870 2776 1954 2822 quia
1974 2776 2021 2812 ad
2032 2776 2273 2826 Amphrysum
2289 2791 2440 2826 paverat

1411 2836 1508 2874 pecus
1538 2827 1678 2871 Apollo,
1707 2826 1937 2873 quidnicffab
1959 2827 2144 2876 Apolline,
2174 2830 2235 2878 qui
2254 2835 2439 2876 Λυκωρεὺς

1412 2885 1614 2919 vocaturae
1625 2877 1716 2924 apud
1728 2876 1988 2913 Callimachum
2002 2879 2178 2922 Λυκώρεος
2192 2880 2288 2926 ἔνθεα
2299 2883 2436 2929 Φοίβου,

1413 2927 1589 2975 Lycorides
1619 2928 1769 2963 dicatur.
1826 2928 1971 2976 Fortaſje
1999 2929 2105 2964 eriam
2135 2929 2159 2964 ιὶ
2185 2936 2346 2976 Lycorea,
2375 2935 2437 2982 qui

1411 2977 1553 3013 Delohis
1565 2977 1682 3013 vicum
1698 2977 1849 3014 condidit
1867 3005 1877 3020 ‚
1898 2991 2002 3025 genus
2014 2979 2180 3022 ducebat,
2207 2982 2297 3027 quod
2315 2995 2355 3022 ey
2375 2998 2436 3021 ve-

1412 3028 1482 3064 rius
1498 3037 1591 3075 puto.
1645 3029 1787 3065 Notum
1819 3039 1907 3065 vero
1936 3040 1998 3065 cur
2030 3029 2273 3076 appellatione
2303 3032 2436 3072 Stellae

1406 3078 1534 3115 Castor
1555 3079 1592 3114 &
1611 3078 1739 3116 Pollux
1759 3078 2012 3128 iignificantur.
2041 3080 2098 3116 Sic
2116 3080 2210 3128 apud
2232 3082 2434 3123 Horatium

1404 3127 1465 3166 lib.
1490 3141 1517 3165 1,
1544 3128 1631 3166 Ode
1655 3141 1688 3178 3.

1563 3202 1613 3237 Sic
1632 3212 1664 3238 re
1685 3202 1785 3240 Diva
1802 3213 1919 3253 potens
1939 3203 2044 3250 cypri
2059 3231 2070 3247 ,

1505 3252 1557 3290 sie
1571 3255 1705 3300 fratres
1726 3254 1874 3292 Helenae
1895 3254 2011 3292 lucida
2030 3253 2162 3303 fidera:

2352 3314 2437 3346 Ven-
