2547 3708
342 184 445 236 150

789 160 857 218 ²1³.
934 156 1342 217 OVIDII
1416 159 1957 221 NASONIS

640 265 785 319 Ae'ra
801 261 838 316 fi
862 258 1013 316 misso
1039 275 1266 314 vacuum
1290 256 1588 329 jaculabere
1618 260 1766 315 disco
1781 297 1797 324 ,

498 354 599 408 590

708 337 839 408 Quo
864 351 994 406 puer
1021 332 1341 396 OebalideS,
1379 332 1510 388 iflus
1545 333 1608 387 ab
1637 334 1769 388 orbe
1793 334 1967 390 cadas,

638 409 692 464 Si
717 426 820 481 qua
846 425 942 480 per
969 407 1203 462 alternos
1230 406 1517 478 pulsabitur
1545 406 1691 463 unda
1714 408 1974 472 lacertOS,

342 676 447 714 tum,
476 678 562 707 cum
581 673 688 705 tauro
717 664 874 703 armenti
907 663 1066 708 marito,
1094 662 1132 700 &
1156 662 1381 712 singulorum

346 719 472 760 caudis
492 717 629 767 aliquid
660 716 838 754 materiae
866 713 1042 763 sylvestris
1071 714 1307 763 appenditie,
1337 715 1383 754 ad

343 771 500 811 delenda
522 768 682 817 vestigia.
733 767 910 804 Ceterum
933 765 1098 814 Raphael
1122 766 1257 814 Regius
1272 766 1381 810 ,Me-

344 820 633 870 tamorphoseon
668 817 940 856 Ovidianarum
974 825 1160 855 enarrator
1179 845 1188 862 ,
1231 816 1379 855 Silicem

346 873 509 912 indicem
535 883 601 920 pro
634 868 755 919 lapide
783 869 861 907 auri
887 866 1136 916 exploratorio
1164 869 1289 917 capit,
1316 869 1380 916 qui

346 923 491 974 Lydius
518 922 608 972 lapis
628 949 639 966 ,
677 921 715 959 &
735 920 854 958 Plinio
885 919 1043 958 coticula
1076 919 1207 956 dicitur
1230 947 1241 962 ,
1278 919 1336 958 sed
1358 918 1378 957 a

344 974 487 1023 Jacobo
507 972 666 1022 Micyllo
684 971 859 1009 refellitur
884 999 894 1015 ,
922 970 968 1008 de
990 981 1066 1019 quo
1089 970 1276 1019 Raphaele
1300 983 1380 1018 pre-

343 1027 440 1065 tium
464 1036 599 1074 operae
626 1023 674 1061 est
702 1022 922 1065 adscribere,
949 1033 1044 1070 quae
1071 1022 1167 1070 apud
1190 1021 1380 1061 Erasmum

344 1078 515 1126 leguntur
539 1075 601 1114 lib.
619 1085 676 1111 22.
716 1073 973 1121 Epistolarum.
1028 1071 1175 1109 Patavii
1208 1073 1382 1110 neminem

346 1129 426 1167 vidi
445 1127 603 1165 celebrem
620 1134 755 1174 praeter
775 1122 985 1173 Rapha‘e'lem
1012 1126 1151 1172 Regium
1167 1151 1177 1165 ,
1205 1123 1382 1161 hominem

347 1179 539 1217 admodum
558 1187 647 1216 natu
665 1176 834 1225 grandem
850 1202 860 1218 ,
882 1174 943 1222 sed
963 1175 1070 1211 cruda
1089 1174 1167 1210 viro
1187 1174 1383 1226 viridisque

341 1232 509 1278 senefius.
562 1234 652 1266 Erat
666 1239 760 1272 tum,
781 1236 821 1263 ut
841 1227 1054 1274 opinormon
1072 1226 1185 1262 minor
1195 1226 1299 1262 annis
1320 1238 1382 1270 70.

348 1293 393 1322 ea·
413 1292 534 1319 tamen
572 1280 672 1317 nulla
696 1278 773 1325 fuir
802 1276 918 1325 hyems
951 1289 1026 1313 tam
1048 1280 1191 1323 aspera,
1219 1277 1305 1324 quin
1325 1277 1383 1315 ille

348 1346 452 1372 mane
474 1332 559 1370 hora
573 1331 716 1381 fhptima
733 1328 846 1365 adiret
874 1333 1039 1365 Marcum
1062 1332 1250 1374 Musarum
1274 1332 1382 1366 Grae-

349 1397 383 1421 ce
399 1383 615 1434 profitentem
628 1410 638 1427 ,
667 1380 727 1431 qui
746 1390 814 1416 toto
839 1392 930 1415 anno
949 1378 1015 1416 vix
1037 1391 1188 1429 quatuor
1206 1379 1385 1417 intermit-

347 1445 433 1473 teret
456 1436 550 1479 dies,
579 1433 665 1483 quin
682 1429 1044 1480 publiceprofiteretur.
1072 1431 1237 1476 Juvenes
1256 1430 1387 1479 hyemis

349 1485 491 1534 rigorem
503 1489 596 1533 ferre
615 1497 682 1521 non
707 1492 879 1531 poteram.
936 1481 1040 1518 Illum
1065 1481 1182 1529 senem
1202 1494 1261 1518 nec
1277 1483 1387 1531 pudor

350 1550 410 1575 nec
429 1536 548 1586 hyems
567 1534 723 1584 abigebat
744 1532 788 1569 ab
809 1531 992 1569 auditorio.
1047 1532 1248 1570 SALVAGN.

401 1587 488 1636 589.
518 1589 616 1624 A'e'ra
635 1583 663 1633 fi
684 1583 818 1633 miffii.]
851 1583 1082 1632 Hyacinthus
1105 1584 1238 1621 Oebali
1259 1582 1384 1622 filius&

348 1638 503 1677 Phoebo
526 1636 696 1679 dilec‘tus,
724 1639 760 1672 &
784 1646 846 1682 per
867 1634 1152 1681 imprudentiam
1186 1633 1230 1672 ab
1247 1634 1383 1672 eodem

349 1689 501 1728 occisus.
528 1689 740 1727 laamas.
769 1686 1027 1734 Hyacinthum
1040 1685 1083 1722 ab
1098 1685 1273 1734 Apolline
1286 1685 1385 1724 disco

350 1739 556 1790 percussum
579 1736 771 1781 interiisse,
800 1748 883 1774 cum
910 1737 1061 1785 Spartae
1084 1736 1130 1774 ad
1159 1737 1321 1775 Eurotae
1341 1738 1386 1775 ri-

351 1803 437 1841 pam
458 1789 673 1840 hujusmodi
695 1789 784 1826 ludo
805 1796 1009 1832 certarent,
1036 1796 1168 1825 notum
1184 1800 1228 1825 ex
1242 1787 1386 1826 Ovidio

350 1842 412 1881 lib.
434 1855 470 1881 x.
510 1842 761 1888 Metamorph.
792 1838 981 1877 Nicandro
1014 1840 1048 1877 in
1074 1839 1293 1883 Theriacis,
1320 1840 1386 1877 Pan

351 1894 549 1941 laephato,
595 1891 834 1934 Philostrato,
871 1890 1013 1936 Ioanne
1042 1889 1211 1934 Tzetze‚
1241 1892 1279 1928 ὅ(
1301 1890 1387 1928 aliis.

353 1944 485 1983 Discus
502 1945 562 1982 vel
601 1943 738 1980 ferreus
777 1943 832 1978 vel
861 1940 1024 1989 lapideus
1043 1942 1101 1979 vel
1129 1941 1267 1990 ligneus
1288 1951 1363 1979 erat
1379 1970 1389 1986 ,

353 1996 402 2034 ita
420 1995 537 2034 didius
555 1994 574 2032 {t
592 1993 676 2030 ἒῑκω
699 2021 709 2037 ,
747 1991 784 2030 id
806 1992 853 2029 est
875 2019 884 2036 ‚
921 1992 1057 2037 eiam
1069 1993 1161 2040 jacio
1180 2019 1189 2035 ,
1219 2001 1259 2029 ut
1278 1992 1389 2031 tradit

354 2046 560 2085 Eustathius
582 2046 618 2083 in
645 2044 882 2086 Homerum,
913 2054 993 2091 pag.
1017 2054 1098 2091 344.
1120 2044 1159 2080 δε
1186 2054 1290 2098 ῐς9”ῐ.
1314 2041 1390 2080 edi-

354 2098 466 2136 tionis
497 2098 715 2138 Rommae,
744 2093 847 2142 isque
877 2094 1046 2131 foramen
1075 2092 1229 2131 habebat
1254 2105 1288 2130 in
1311 2105 1389 2131 me-

356 2147 422 2186 dio
444 2160 486 2186 ac
508 2156 661 2185 amento
684 2147 964 2189 circumnexus,
993 2153 1074 2182 turn
1101 2144 1323 2182 lacertorum
1337 2145 1392 2182 vi-

357 2199 480 2243 ribus,
506 2207 587 2237 tum
622 2205 696 2234 arte
723 2194 881 2244 quadarn
907 2195 1165 2236 emurch-atum
1193 2206 1317 2244 eoque
1340 2195 1388 2233 bi-

356 2250 485 2288 fariam
516 2247 720 2286 certabatur
740 2273 750 2291 ,
787 2247 867 2294 quis
896 2245 1040 2294 longius
1071 2244 1275 2294 projeciffet
1298 2273 1308 2289 ,
1337 2248 1396 2285 vel

364 2301 446 2349 quis
467 2301 618 2349 propius
645 2298 821 2335 termino.
858 2295 942 2334 Erat
962 2307 1086 2334 aurem
1108 2296 1395 2341 δισκοβολῑαῐετ·

358 2352 452 2389 tium
473 2362 588 2400 genus
612 2348 820 2387 certaminis
842 2348 1019 2393 Gymnici
1035 2375 1045 2392 ,
1075 2346 1120 2385 de
1147 2358 1225 2395 quo
1247 2347 1397 2386 videndi

356 2401 617 2452 Hieronymus
637 2398 923 2437 Mercurialisde
939 2400 1028 2437 Arte
1049 2397 1310 2447 Gymnastica,
1337 2399 1399 2437 lib.

356 2465 405 2491 11.
431 2464 509 2502 cap.
533 2465 590 2492 12.
619 2453 656 2489 &
678 2451 800 2488 Petrus
830 2448 942 2486 Faber
972 2449 1232 2495 San-Jorianus
1250 2451 1395 2497 Agoni—

357 2503 500 2549 sticon,
527 2504 590 2543 lib.
608 2514 654 2541 11.
683 2514 762 2549 cap.
786 2513 817 2538 1.
845 2512 968 2549 neque
996 2511 1087 2537 vero
1114 2508 1257 2537 tantum
1279 2502 1393 2538 Grae-

360 2554 411 2592 cis
449 2553 509 2592 sed
546 2555 657 2592 etiarn
688 2551 867 2590 Romanis
904 2549 1118 2599 hujusmodi
1143 2550 1248 2588 ludus
1270 2552 1305 2588 in
1329 2554 1394 2590 usu

360 2605 441 2644 fuit<
498 2605 600 2643 Hinc
634 2604 812 2641 Horatius
850 2602 936 2640 Ode
960 2601 994 2638 8.
1022 2602 1080 2638 lib.
1104 2613 1128 2638 1.
1166 2606 1265 2650 Saepe
1287 2603 1395 2648 disco,

353 2658 455 2707 saepe
480 2667 581 2694 trans
597 2654 699 2700 finem
713 2652 829 2703 jaculo
849 2652 970 2689 nobilis
1000 2652 1165 2702 expedito.
1220 2654 1397 2692 Ceterum

363 2708 600 2757 Hyacinthus
634 2703 811 2743 Oebalides
841 2704 884 2741 ab
917 2704 1060 2742 Ovidio
1083 2703 1200 2741 dietus
1222 2730 1232 2747 ,
1261 2703 1334 2742 five
1355 2705 1398 2742 ab

364 2759 514 2797 Oebalo
531 2770 653 2806 parre,
686 2766 725 2795 ut
748 2755 933 2794 Lucianus
945 2766 985 2792 ac
999 2755 1231 2793 Philostratus
1243 2755 1398 2800 volunt,

362 2809 439 2847 sive
471 2810 515 2848 ab
549 2809 705 2846 Oebalia
737 2806 925 2844 Laconiae
955 2805 1056 2845 urbe.
1114 2805 1273 2843 Ovidius
1297 2808 1397 2845 enirn

363 2859 554 2898 Pausanias
578 2888 587 2903 ,
627 2858 813 2897 Nicander
842 2868 884 2894 ac
911 2856 1071 2893 Tzetzes
1094 2885 1105 2901 ,
1142 2868 1219 2892 non
1242 2857 1403 2903 Oebali,

362 2910 423 2948 sed
449 2910 629 2960 Amyclae
660 2910 768 2959 Regis
790 2906 1178 2946 Lacedaemoniorum
1208 2907 1321 2945 filium
1349 2910 1399 2946 fa-

365 2962 478 2999 ciunt.
532 2963 729 2999 SArvaoN.
767 2962 867 2996 Aara
891 2957 1048 3006 submisso
1080 2959 1218 2995 Sarrav.
1251 2960 1287 2994 &
1317 2968 1397 2997 tres,

367 3013 504 3060 diftuffo
533 3012 658 3050 Petav.
685 3012 782 3049 alter.
809 3010 862 3047 Sic
884 3009 976 3058 miffo
996 3010 1153 3058 Regius.
1207 3009 1397 3057 Liquidum

365 3063 478 3100 etiam
502 3063 639 3100 Sarrav.
669 3065 705 3100 ὃ(
722 3062 808 3100 msto
820 3061 959 3099 aliizde
969 3059 1082 3098 verbo
1094 3059 1246 3110 joculari
1257 3062 1398 3110 egimus

365 3113 470 3163 supra
489 3113 533 3151 ad
553 3113 592 3156 ss.
605 3124 669 3163 49.

423 3176 506 3213 591.
548 3164 583 3201 Si
613 3176 682 3215 qua
702 3172 757 3212 per
781 3162 976 3212 alterna]
1019 3161 1232 3201 Leandrum
1269 3163 1397 3210 tangit.

367 3213 633 3254 iuramus..
652 3215 837 3252 Notantur
863 3216 917 3251 his
943 3214 1002 3251 sex
1036 3214 1193 3252 versibus
1215 3242 1226 3259 ,
1252 3215 1317 3264 qui
1339 3215 1397 3253 vel

367 3267 528 3306 natando
563 3265 620 3306 vel
646 3266 856 3315 navigando
885 3263 1053 3303 submerfi
1090 3265 1170 3305 sunt
1192 3292 1204 3312 ,
1240 3274 1302 3305 aut
1330 3267 1395 3315 qui

2276 479 2465 539 Omnis
2504 478 2511 482 ’

1438 665 1631 715 naufragio
1653 667 1691 705 in
1715 678 1816 707 mare
1832 667 1912 708 sunt
1931 667 2051 718 eJeeti.
2106 669 2196 709 Hoc
2213 669 2388 718 disticho,
2415 672 2470 712 hi-

1438 716 1548 754 storia
1580 718 1741 756 Leandri
1773 721 1933 768 tangitur
1956 748 1967 765 ,
2006 732 2118 771 quem
2153 722 2314 770 produnt
2345 724 2469 764 Heras

1438 779 1569 805 amore
1595 777 1743 818 captum
1765 798 1775 815 ,
1803 771 1848 809 ad
1877 771 1976 809 illam
1998 772 2113 810 noetu
2135 783 2179 810 ex
2201 773 2339 820 Abydo
2361 773 2470 814 Afiae

1437 818 1578 867 oppido
1599 847 1610 865 ,
1646 823 1683 858 in
1712 820 1943 870 Hellesponti
1967 822 2091 861 littore
2110 823 2229 871 posito
2244 851 2253 867 ‚
2273 824 2318 862 ad
2342 824 2470 864 Seston

1438 869 1624 908 Thraciae
1646 870 1773 909 urbem
1802 884 1847 910 ex
1880 873 2030 912 adverso
2061 875 2164 912 fitam
2194 886 2279 913 nare
2296 875 2471 921 solitum,

1437 921 1588 959 tandem
1613 921 1789 960 fluctuum
1811 935 1853 962 ac
1873 934 2070 964 ventorum
2100 927 2133 963 vi
2150 925 2336 963 obrutum.
2383 928 2472 974 Qua

1438 971 1484 1009 de
1505 983 1543 1009 re
1562 973 1821 1021 lepidiffimum
1844 984 1943 1013 extat
1971 976 2114 1014 Musaei
2134 977 2371 1016 Poemation.
2401 979 2474 1015 Hi-

1436 1022 1542 1060 storia
1558 1025 1718 1071 protrita.
1771 1025 1973 1065 Sarvnou.
2001 1027 2212 1074 Jaezabitur
2224 1028 2396 1067 Gallicus.
2408 1030 2472 1079 ja-

1437 1073 1615 1113 culabitur
1636 1076 1790 1114 Moreti.

1491 1136 1577 1173 593.
1605 1129 1764 1164 Comicus
1784 1136 1824 1164 ut
1844 1126 2028 1179 liquidis.]
2060 1129 2269 1168 Menander
2291 1130 2470 1170 Comicus

1438 1175 1695 1222 Atheniensis,
1724 1176 1812 1215 dum
1834 1178 1871 1216 in
1892 1179 2044 1217 Piraeeo
2071 1190 2180 1229 portu
2203 1189 2364 1227 nataret,
2390 1181 2472 1220 sub-

1437 1227 1573 1265 mersus
1594 1227 1641 1265 est
1656 1256 1667 1272 ,
1696 1227 1741 1265 de
1760 1240 1836 1278 quo
1867 1229 2108 1269 nobiliffimae
2140 1230 2160 1269 a
2181 1232 2332 1270 Graecis
2349 1232 2471 1271 editae

1436 1278 1628 1316 traduntur
1659 1279 1829 1327 Elegiae,
1858 1281 1895 1318 ὅτ
1919 1279 1940 1318 a
1960 1281 2191 1320 Callimacho
2223 1283 2474 1332 Epigramma.

1437 1329 1682 1368 lauimus.
1723 1332 1811 1368 Non
1843 1332 1964 1370 nescio
1996 1332 2042 1370 de
2076 1334 2261 1372 Terentio
2299 1334 2362 1372 hic
2400 1333 2472 1373 esse

1453 1381 1634 1430 quosdam
1654 1381 1869 1430 suspicatos:
1895 1383 1955 1422 led
1976 1383 2064 1431 quid
2094 1383 2118 1422 fi
2139 1385 2315 1433 Eupolim
2340 1385 2477 1423 intelli.

1438 1443 1523 1480 gas,
1552 1445 1664 1482 quem
1691 1434 1831 1471 constat
1850 1446 1895 1471 ex
1927 1435 2175 1483 Aristophanis
2196 1437 2472 1476 commentario

1441 1483 1485 1520 ab
1512 1483 1566 1521 his
1588 1512 1598 1527 ‚
1638 1486 1672 1522 in
1702 1496 1794 1533 quos
1825 1484 1953 1532 Baptas
1973 1513 1985 1530 ,
2025 1486 2291 1524 acerbiffimam
2315 1498 2474 1525 comoe—

1442 1535 1563 1578 diam,
1585 1534 1788 1583 scripserat,
1811 1536 1901 1573 rnari
1923 1536 2137 1574 immersum
2155 1536 2475 1588 suffocatumque,

1440 1586 1502 1632 qui
1526 1586 1691 1624 comicus
1725 1598 1786 1634 per
1821 1587 2079 1625 excellentiam
2109 1588 2280 1636 appellari
2299 1589 2476 1636 potuerit.

1441 1636 1669 1675 EGNATIUS.
1698 1637 1758 1675 De
1784 1638 1968 1676 Terentio
1988 1639 2268 1687 intelzigendum
2294 1640 2478 1689 Philippus

1442 1686 1638 1725 Beroaldus
1658 1689 1829 1736 opinatur
1841 1716 1851 1733 ,
1866 1690 2026 1737 quicum
2043 1688 2062 1727 ὲ
2076 1690 2229 1727 Graecia
2250 1690 2393 1728 rediens
2412 1702 2478 1729 na-

1442 1749 1527 1775 vem
1551 1738 1810 1782 adscendisset,
1839 1739 2029 1788 naufragio
2040 1741 2170 1787 periit,
2198 1748 2327 1778 autore
2346 1741 2478 1779 Dona·

1442 1795 1495 1826 to.
1548 1789 1624 1826 Alii
1655 1789 1813 1828 scribunt
1834 1790 1936 1829 illurn
1961 1791 2066 1829 editis
2084 1791 2167 1837 sex,
2195 1803 2290 1839 quae
2312 1792 2476 1836 exstant,

1442 1841 1648 1878 comoediis
1662 1842 1729 1878 iter
1753 1842 1789 1878 in
1812 1841 1936 1879 Asiam
1959 1842 2140 1879 facturum
2159 1854 2294 1880 navem
2315 1842 2477 1881 introiis-

1441 1890 1502 1934 so,
1532 1903 1601 1929 nec
1624 1892 1778 1940 amplius
1802 1892 1931 1931 visum.
1963 1894 2060 1931 unde
2076 1892 2254 1930 creditum
2271 1893 2319 1931 est
2338 1906 2355 1931 a
2379 1903 2478 1932 tem-

1442 1942 1577 1990 pestate
1597 1941 1700 1980 fuiffe
1724 1943 1959 1981 submersum.
2012 1944 2082 1981 Sed
2102 1956 2173 1992 ego
2186 1943 2396 1994 quibusdam
2409 1945 2478 1984 du-

1444 1993 1521 2030 stus
1560 1994 1762 2031 rationibus
1802 1995 2145 2042 interpretationem
2185 1996 2280 2033 hanc
2326 1996 2477 2044 amplio.

1445 2043 1599 2081 Cousr.
1632 2044 1726 2081 FAN.
1781 2044 1843 2082 An
1873 2046 2079 2083 Menander
2106 2045 2360 2095 intelligendus
2381 2073 2391 2089 ,
2429 2056 2477 2083 an

1445 2094 1619 2143 Eupolis,
1649 2107 1694 2133 an
1724 2094 1885 2144 denique
1912 2096 2139 2139 Terentius,
2165 2107 2296 2134 omnes
2317 2095 2479 2133 Comici.

1446 2145 1654 2184 Menander
1675 2148 1775 2184 enim
1795 2146 1973 2185 Comicus
1997 2146 2250 2191 AtheniensiS,
2278 2147 2399 2195 inquit
2417 2157 2480 2183 ve-

1447 2203 1503 2234 tus
1526 2196 1729 2244 interpres,
1757 2197 1845 2234 dum
1867 2199 1904 2235 in
1918 2198 2070 2234 Piraeeo
2088 2207 2195 2244 portu
2214 2205 2372 2239 nataret,
2401 2196 2481 2235 sub-

1454 2247 1587 2284 mersus
1607 2247 1678 2290 est,
1709 2248 1753 2284 de
1776 2259 1853 2295 quo
1877 2247 2120 2285 nobiliffimae
2148 2247 2168 2285 a
2192 2248 2341 2285 Graecis
2360 2248 2482 2286 editae

1452 2297 1644 2335 traduntur
1672 2298 1846 2346 Elegiae,
1878 2301 1916 2337 ὅ(
1938 2298 1959 2337 a
1982 2299 2212 2336 Callimacho
2236 2300 2485 2347 Epigramma.

1455 2347 1715 2396 Quamobrem
1752 2349 1941 2388 Domitius
1971 2351 2081 2386 etiam
2116 2349 2161 2386 de
2194 2349 2403 2387 Menandro
2426 2352 2482 2388 in-

1455 2407 1682 2447 terpretatur.
1713 2400 1819 2448 Isque
1838 2412 1959 2438 novae
1971 2400 2252 2438 ComoediaeP‹
2266 2404 2416 2438 ‘etarum
2432 2401 2484 2439 fa-

1450 2450 1518 2487 cile
1547 2451 1715 2498 Princeps
1742 2451 1883 2489 habitus
1905 2453 1954 2489 est
1973 2480 1983 2495 ,
2020 2451 2119 2489 unde
2147 2452 2232 2488 κκτ·
2253 2452 2383 2498 ἐξοχῆν
2404 2451 2483 2490 Co-

1449 2501 1566 2539 micus
1584 2502 1754 2548 appellari
1775 2502 1951 2540 videatur.
1980 2503 2050 2540 Sed
2075 2505 2111 2539 ὅ(
2138 2502 2293 2550 Eupolin
2311 2529 2320 2545 ‚
2350 2502 2484 2549 priscae

1451 2552 1686 2589 Comoediae
1709 2553 1740 2590 S=
1756 2553 1931 2599 riptorem
1948 2582 1959 2599 ,
1988 2566 2073 2591 cum
2094 2553 2222 2599 Baptas
2242 2552 2401 2589 fabulam
2416 2552 2485 2590 do-

1451 2601 1930 2651 culistr‚cje&t1mfuiffein
1944 2616 2043 2641 mare
2059 2603 2102 2640 ab
2115 2605 2158 2640 iis
2175 2632 2183 2641 .
2196 2605 2231 2638 in
2253 2615 2346 2651 quos
2365 2602 2485 2641 Fabu-

1451 2653 1523 2691 lam
1555 2655 1837 2699 composuerat,
1865 2656 2051 2692 Platonius
2077 2653 2406 2701 inProlegomenis
2437 2653 2484 2693 ad

1452 2704 1732 2751 Aristophanem
1757 2705 1924 2754 scriptum
1951 2706 2108 2754 reliquit.
2135 2706 2237 2753 Quin
2263 2705 2374 2743 etiam
2388 2704 2485 2742 Tul·
2530 2739 2537 2741 ,

1451 2756 1518 2793 lius
1542 2755 1649 2801 Epist.
1671 2769 1698 2792 1.
1724 2757 1786 2793 lib.
1810 2768 1878 2794 vri„
1906 2757 1950 2794 ad
1978 2757 2164 2800 Atticum,
2195 2765 2354 2793 mortem
2377 2755 2484 2804 ipsius

1455 2806 1508 2844 his
1537 2807 1651 2843 verbis
1679 2807 1891 2855 perstringit.
1945 2807 2037 2855 {Quis
2057 2809 2148 2843 enim
2178 2821 2244 2843 non
2264 2807 2378 2852 dixit,
2408 2803 2486 2845 Ε’ὐ-

1457 2862 1561 2894 πολιν
1583 2859 1642 2893 τὸν
1665 2858 1729 2896 ff:
1751 2860 1932 2903 Αρχαὶκς,
1962 2858 2005 2895 ab
2035 2857 2217 2894 Alcibiade
2233 2860 2426 2907 navigante
2445 2857 2485 2895 in

1455 2908 1610 2945 Siciliam
1629 2908 1793 2956 dejeclnm
1817 2910 1853 2944 in
1871 2922 1981 2946 mare.
2035 2909 2221 2956 Redarguit
2233 2909 2486 2954 Eratosthenes,

1455 2957 1553 3008 affert
1573 2957 1664 2996 enim
1691 2958 1845 3007 quasille
1863 2960 1929 3008 post
1950 2959 1988 2997 id
2007 2970 2137 3008 tempus
2152 2960 2297 3006 fabulas
2322 2960 2486 2999 docuerit.

1455 3011 1581 3048 Suidas
1602 3020 1722 3047 autem
1745 3023 1791 3047 eo
1811 3012 1906 3048 bello
1925 3011 2146 3049 submersum
2171 3009 2354 3057 prodidit,
2382 3009 2487 3061 quod

1454 3062 1489 3099 in
1514 3062 1756 3109 Hellesponto
1777 3072 1906 3100 contra
1931 3062 2250 3100 Lacedaemonios
2261 3062 2400 3110 gestum
2414 3063 2486 3106 est,

1454 3114 1493 3151 in
1514 3125 1591 3163 quo
1614 3125 1701 3150 mox
1722 3113 1845 3150 edicto
1868 3122 2014 3151 cautum
2040 3112 2102 3154 sit,
2130 3123 2177 3150 ne
2197 3114 2276 3160 quis
2296 3114 2410 3151 Poeta
2421 3114 2488 3153 de-

1455 3165 1579 3210 inceps
1601 3164 1774 3209 stipendia
1796 3164 1961 3203 militaria
1978 3165 2125 3201 faceret.
2189 3162 2331 3202 Verum
2369 3165 2488 3204 AElia-

1454 3226 1522 3253 nus
1550 3215 1606 3253 lib.
1627 3215 1672 3252 de
1685 3216 1935 3259 Animalibus,
1964 3214 2125 3262 Eupolin
2146 3213 2184 3252 in
2207 3214 2343 3264 AEgina
2364 3214 2486 3254 deces-

1453 3265 1529 3307 fiffe
1541 3294 1554 3315 ,
1584 3267 1708 3318 ibique
1730 3266 1932 3316 sepultum,
1962 3265 2001 3305 ὅ(
2020 3276 2153 3305 canem
2176 3267 2346 3317 Augeam
2364 3267 2409 3306 ad
2416 3267 2486 3357 sip-

2431 3325 2486 3356 tus
