2547 3708
721 152 1449 227 PERJ.MAssoN'.
2064 177 2143 240 7,-

42 272 136 324 beri
167 264 374 316 homines
409 270 662 325 occupatos
683 291 700 318 ,
745 257 917 307 otiosos
949 271 1062 307 vero
1095 256 1244 305 eidem
1281 273 1498 325 acceptos
1533 257 1620 309 effe
1643 292 1659 320 ‚
1701 258 1978 328 subjungit,
2019 278 2137 315 vex-s·

44 350 176 399 ¹5¹·¹
192 330 268 394 58.
306 349 308 351 >
1151 390 1158 397 ¹
1318 390 1325 400 ι
1355 390 1362 398 ·

166 399 274 446 Sunt
291 394 427 440 Fora:
451 388 557 453 sant
577 389 728 450 Leges:
750 386 872 446 seint,
905 403 1001 449 quos
1020 397 1205 445 tuearis,
1237 403 1375 433 amici.

228 458 351 507 Vade
360 470 438 516 per
458 455 641 501 urbanae
664 453 841 499 canaida
858 454 992 513 eastra
1013 462 1142 512 togae.

167 524 218 574 V
211 525 250 570 el
263 533 312 569 tu
333 520 569 583 sanguinei
580 520 794 579 juvenilia
816 531 989 564 munera
1010 515 1180 560 Martis

231 586 416 650 Suscipe:
452 585 616 630 delitiae
628 586 727 644 jam
735 583 823 631 libi
843 592 961 644 terga
980 579 1153 627 dabant.

166 654 271 701 Ecce
297 649 442 714 fugax
467 648 687 707 Parthus,
720 651 858 708 magni
880 662 992 694 nova
1014 645 1151 704 caufflt
1175 645 1376 705 triumphi
1389 680 1405 704 s

227 717 337 777 Jam
356 714 473 761 videt
495 715 539 759 in
562 711 735 775 campis
761 706 960 756 Caesaris
994 723 1068 754 AR
1079 724 1154 754 MA
1191 708 1294 755 suis.

163 782 294 831 Vince
321 779 568 840 Cupidineas
580 779 746 836 pariter
765 772 1032 834 Parthasque
1043 771 1255 834 sagittas:

228 848 293 893 Et
317 844 430 906 refer
449 842 684 901 adpeti-ios
708 840 805 884 bina
823 847 991 898 tropaea
1014 838 1142 882 Deos.

41 927 175 984 Quae
208 925 377 988 pariter
410 918 588 982 liquido
623 917 852 981 probant,
887 916 1012 961 hunc
1036 916 1329 963 Remedioram
1360 917 1532 963 Amoris
1554 916 1750 965 Librum
1781 918 1989 968 fervente
2019 919 2143 968 bello

38 991 242 1038 Parthico
262 987 484 1048 scriptum
510 981 624 1041 effe,
659 982 707 1029 ὃς
732 981 918 1045 quidem
948 979 1060 1027 dum
1085 979 1227 1044 Cajus
1254 978 1416 1027 Caesar
1440 983 1487 1028 in
1510 983 1785 1031 Parthorum
1826 987 1997 1048 campis
2034 1001 2143 1032 cum

39 1054 245 1101 exercitu
281 1049 488 1114 degebat.
548 1046 679 1103 Cum
708 1062 819 1092 vero
843 1061 901 1092 ex
924 1043 1033 1092 serie
1066 1061 1218 1093 rerum
1245 1044 1271 1092 a
1297 1044 1416 1109 Cajo
1453 1048 1557 1111 post
1591 1048 1719 1095 suum
1755 1050 1810 1096 ab
1831 1050 1964 1096 Urbe
1987 1051 2144 1097 Roma

38 1117 274 1166 discessum
302 1117 349 1161 in
380 1116 544 1160 itinere
568 1111 798 1176 gestarum
822 1111 879 1168 (a)
904 1123 1082 1174 pateat,
1118 1126 1225 1157 eum
1246 1112 1508 1176 Principem
1539 1114 1618 1161 vix
1654 1126 1758 1161 ante
1788 1115 1913 1161 hunc
1949 1130 2145 1174 annum,

38 1184 88 1231 in
120 1198 213 1247 quo
245 1178 471 1229 versamur
491 1212 508 1238 ‚
542 1177 740 1241 potuisse
775 1177 1063 1239 Euphratem
1100 1192 1207 1223 cum
1242 1177 1390 1239 copiis
1427 1177 1615 1225 tranfire
1636 1212 1653 1238 ,
1686 1192 1824 1242 atque
1856 1194 2010 1226 revera
2042 1195 2149 1225 eum

40 1259 163 1295 trans
192 1244 384 1293 eundem
414 1243 612 1291 fluvium
639 1242 733 1288 hoc
757 1240 854 1304 ipso
884 1257 1003 1288 anno
1027 1241 1182 1299 fuisse,
1219 1253 1274 1287 ut
1294 1241 1479 1289 Tabula
1499 1241 1654 1290 Pisana
1684 1243 1818 1290 docet
1837 1265 1854 1299 3
1892 1243 2002 1289 hinc
2028 1242 2152 1290 haud

41 1311 240 1363 invalide
264 1310 487 1373 colligere
511 1308 650 1367 licet,
684 1306 760 1353 illa
783 1310 1010 1366 carmina,
1046 1308 1373 1370 integrumque
1398 1307 1594 1355 Librum
1620 1308 1712 1354 hoc
1739 1307 1920 1355 labente
1951 1324 2071 1354 anno
2106 1308 2154 1355 in

44 1375 197 1429 lucem
235 1373 420 1422 venifle.
487 1371 634 1432 Qod
672 1371 1056 1431 confirmabitur,
1091 1371 1125 1418 fi
1155 1370 1472 1431 observemus,
1496 1386 1641 1435 pacem
1672 1388 1782 1419 cum
1815 1372 1998 1421 Parthis
2030 1388 2152 1418 anno

0 1492 1 1500 ἵ
46 1440 373 1505 subsequente,
407 1437 472 1485 U.
495 1437 554 1484 C.
579 1436 839 1485 DCQN.
874 1436 1028 1483 medio
1060 1435 1368 1500 compositam
1403 1437 1519 1497 effe,
1552 1439 1622 1484 uti
1655 1437 1761 1484 alibi
1796 1438 1862 1498 (b)
1887 1437 1991 1501 post
2023 1453 2153 1501 prae-

46 1497 287 1559 laudatum
296 1505 348 1551 N
355 1503 543 1550 orifium
570 1501 778 1567 pluribus
798 1502 1044 1560 evicimus3
1061 1518 1195 1565 quam
1220 1516 1374 1549 tamen
1393 1518 1554 1566 pacem
1575 1502 1780 1549 nondum
1805 1504 2024 1567 agitatam
2051 1515 2154 1550 tum

47 1569 201 1630 fiiiffe,
235 1585 342 1617 cum
367 1569 546 1616 Noster
570 1584 622 1615 ea
645 1568 890 1629 scriberet,
923 1584 981 1617 ex
1009 1567 1165 1615 iisdem
1189 1568 1338 1631 palam
1359 1567 1446 1629 fit,
1479 1585 1575 1616 non
1608 1568 1730 1616 secus
1753 1584 1805 1615 ac
1828 1583 1888 1614 ex
1910 1582 2026 1617 vers.
2044 1581 2150 1628 223.

45 1649 154 1697 2214.

84 1715 95 1721 ‘
174 1696 373 1761 sempera
394 1716 462 1748 nec
481 1715 652 1747 numera
667 1721 684 1756 3
718 1715 788 1746 nee
811 1701 946 1747 crebro
965 1698 1112 1762 respice
1136 1699 1320 1746 Romam
1333 1719 1352 1755 3

239 1766 325 1813 Sed
335 1764 460 1829 fage:
495 1776 613 1813 tatus
633 1764 785 1812 adhuc
807 1764 1002 1812 Parthus
1022 1766 1076 1811 ab
1100 1763 1207 1827 hoste
1229 1762 1342 1828 fuga
1363 1761 1441 1825 est:

47 1826 188 1878 Unde
210 1845 305 1876 non
326 1831 442 1878 male
474 1830 595 1878 idem
623 1829 1013 1878 Eminentiffimus
1048 1829 1119 1877 vir
1150 1828 1366 1893 colligit,
1398 1827 1594 1876 Parthos
1625 1843 1722 1875 rem
1747 1826 1919 1892 praelio
1942 1827 2153 1876 decerne*

48 1907 97 1940 re
120 1892 446 1956 detrectantes,
481 1897 601 1943 intra
627 1897 878 1943 munitiora
900 1895 1072 1958 oppida
1093 1894 1136 1942 se
1156 1892 1447 1941 continuisse.

117 1957 185 2003 ΙΙ.
217 1959 452 2006 Praeterea
475 1961 607 2007 Naso
637 1960 867 2024 fignificat
882 1994 898 2019 ‚
933 1960 975 2006 se
1001 1960 1126 2006 hunc
1146 1961 1436 2006 Remediorum
1456 1961 1628 2006 Amoris
1648 1957 1847 2008 Librum
1878 1959 2033 2022 aliquo
2055 1956 2157 2023 post

51 2023 203 2069 Artem
228 2025 499 2070 Amatoriam
522 2036 736 2088 tempore
756 2023 1000 2072 exaraviffe
1014 2057 1030 2083 ‚
1064 2040 1172 2070 cum
1202 2022 1264 2070 fic
1284 2022 1490 2070 orditur:

182 2100 362 2162 Legerat
383 2102 504 2157 hujus
529 2105 664 2144 Amor
687 2106 857 2145 titulum
878 2118 1096 2160 nomenque
1119 2103 1268 2147 libelli:

249 2165 373 2210 Bella
395 2163 531 2219 mihi,
564 2163 714 2222 videa,
747 2165 853 2210 bella
865 2173 1108 2224 parantur,
1140 2166 1220 2210 ait.

183 2227 324 2275 Parce
346 2237 464 2273 tuum
490 2227 543 2274 V
536 2237 673 2279 atem,
694 2226 862 2287 seeleris
883 2229 1110 2286 damnare,
1147 2231 1303 2288 Cupido
1318 2262 1334 2288 ‚
1368 2227 1462 2274 &c.

186 2292 315 2353 Saepe
334 2300 468 2353 tepent
492 2292 569 2337 alii
575 2291 781 2351 juvenes:
816 2307 883 2354 ego
898 2291 1059 2353 semper
1078 2294 1240 2338 amavi.

252 2357 317 2402 Et
327 2359 400 2418 fi,
433 2356 536 2418 quid
543 2355 710 2417 faciam
736 2371 841 2402 nunc
865 2371 1045 2418 quoque,
1079 2358 1272 2418 qaaeris3
1306 2371 1412 2403 amo,

190 2422 314 2485 „Quin
336 2423 465 2468 etiam
485 2420 658 2479 docui,
692 2437 773 2483 qua
788 2420 908 2481 poffis
932 2423 1087 2466 ARTE
1115 2424 1268 2484 parari
1284 2438 1294 2467 :

257 2486 321 2531 Et
343 2486 450 2547 quod
473 2501 579 2532 nunc
599 2488 710 2532 ratio
731 2485 810 2547 est,
844 2489 1016 2547 impetus
1036 2495 1132 2532 ante
1143 2485 1253 2547 fuit.

190 2549 288 2597 Nee
309 2559 377 2609 te,
410 2551 556 2597 blande
568 2563 701 2611 puer,
735 2566 806 2597 nec
839 2565 1074 2602 NOsTRAs
1100 2551 1314 2611 prodimus
1347 2550 1552 2598 AR’rm:

255 2615 352 2662 Nec
375 2631 486 2662 nova
506 2617 807 2680 praeteritum
829 2614 963 2677 Musa
986 2618 1138 2662 retexit
1159 2632 1291 2679 opus.

131 2692 226 2739 ΙΙΙ.
259 2690 506 2741 Caeterum
538 2693 650 2742 licet
673 2694 885 2758 vulgares
911 2693 1024 2741 editi
1056 2693 1238 2742 codices
1271 2694 1382 2741 haec
1409 2697 1579 2742 Amoris
1603 2695 1805 2741 Remedia
1830 2696 1876 2740 in
1911 2692 2023 2739 duos
2052 2691 2167 2740 divi-

68 2755 180 2803 dant
201 2754 370 2816 libros,
400 2758 476 2806 alii
495 2772 649 2807 tamen
671 2760 819 2808 MSS.
844 2775 987 2806 unum
1012 2759 1154 2806 modo
1177 2758 1376 2806 Librum
1415 2759 1620 2819 faciunt,
1653 2773 1706 2806 ut
1731 2756 2047 2806 Illustriffimus
2076 2758 2168 2804 Ni-

64 2819 164 2879 ¹eol.
187 2819 405 2871 Heinsius
425 2832 510 2871 nos
530 2823 708 2872 docuit.
778 2825 833 2872 N
836 2840 890 2872 ec
914 2824 1046 2872 aliter
1068 2822 1260 2887 ipsemet
1285 2823 1513 2885 Ovidius,
1548 2825 1627 2888 qui
1650 2822 1779 2880 versu
1811 2840 1848 2871 1.
1869 2826 1961 2888 jam
1987 2821 2167 2885 prolato

72 2885 279 2932 Libellum
301 2883 392 2931 hoc
413 2886 587 2934 Po‘ema
606 2887 773 2945 vocat,
808 2888 1075 2938 observante
1096 2889 1258 2936 eodem
1280 2888 1354 2935 Cl.
1369 2889 1504 2936 Viro.
1540 2890 1671 2936 Haec
1697 2901 1851 2935 tamen
1874 2888 1989 2934 ratio
2004 2921 2019 2946 ,
2044 2885 2073 2932 fi
2101 2886 2168 2933 so-

12 2965 14 2983 ε
74 2947 119 3009 la
136 2947 287 3008 foret,
321 2963 416 2995 rem
439 2949 608 2998 invi6te
631 2969 725 2999 non
747 2953 991 3015 definiret,
1026 2953 1397 3018 quandoquidem
1420 2954 1600 3001 Noster
1627 2955 1779 3001 Libelli
1801 2968 1986 3016 quoque
2017 2953 2170 2998 nomi·-

79 3004 135 3059 ne
155 3016 304 3061 Artem
323 3016 591 3062 Amatoriam
614 3016 760 3064 tribus
783 3019 938 3066 Libris
959 3032 1228 3067 contextam
1248 3020 1498 3084 indigitat3
1534 3022 1583 3067 T
1586 3019 1680 3067 rist.
1694 3019 1801 3066 Lib.
1817 3020 1880 3066 ΙΙ.
1904 3032 2016 3066 vers.
2029 3031 2141 3130 5525.

112 3096 123 3103 ”
1363 3086 1414 3133 K
1450 3099 1477 3130 2
2115 3096 2173 3139 N,-

140 3161 197 3243 (a)
222 3193 318 3259 vid:
335 3194 468 3238 Noris
489 3194 558 3239 De
577 3197 728 3240 Cenot.
749 3196 879 3239 Pisan.
901 3212 988 3256 pag.
1011 3203 1102 3259 248.
1130 3204 1168 3249 ὅ(
1189 3184 1278 3259 1ᾲηί
1300 3201 1359 3246 Τ.
1381 3200 1475 3246 Res.
1496 3198 1603 3244 Se&
1623 3197 1697 3244 IV.
1721 3213 1761 3248 c,
1785 3198 1919 3254 5.&6·

141 3243 204 3295 (b)
229 3246 316 3298 lam
331 3247 498 3305 Templ.
518 3251 655 3299 Refer.
669 3265 758 3309 pag.
773 3264 964 3309 350·352.
