2547 3708
711 123 1445 186 PERJ.MASSON.
2065 150 2128 202 57

0 234 1 287 }
31 241 124 298 nis,
154 235 210 282 ad
241 230 533 294 quadringenta
567 221 702 268 millia
733 215 929 264 eundem
968 214 1226 288 redegerit,
1261 231 1315 265 ut
1341 220 1440 266 Dio
1465 218 1526 281 (a)
1554 218 1722 279 tradit,
1756 219 1836 284 qui
1865 222 1916 268 ad
1946 223 2035 270 An.
2061 224 2128 271 U.

33 304 89 350 C.
116 290 507 348 DCCXXXVI.
540 287 690 332 addit:
725 283 959 341 Omnibus,
982 297 1050 342 qui
1073 283 1372 351 quadringenta
1381 285 1575 345 sestertia
1601 277 1726 346 (ὃὲκοι
1750 280 1987 347 μυθάὸων
2002 324 2013 342 ,
2038 288 2132 336 lcii,

0 410 1 414 ,
29 365 342 417 drachmarum,
377 368 430 403 ut
450 352 628 417 optime
644 352 740 413 jam
766 348 943 394 dudum
968 345 1045 392 Cl.
1072 347 1343 393 Perizonius
1370 348 1435 405 (sb)
1458 352 1660 407 monuit)
1675 351 2010 412 poffiderent,&
2039 356 2131 414 qui·

0 443 1 449 ’
30 434 104 479 bus
127 424 404 488 Magistratus
434 435 572 481 gerere
598 430 675 478 per
708 417 805 475 leges
838 415 1001 470 liceret,
1034 425 1171 456 eorum
1190 414 1455 472 petendorum
1482 416 1719 476 potestatem
1743 417 1869 463 dedit,
1938 418 2065 463 Hunc
2088 433 2130 463 e-

29 498 113 542 nim
137 491 398 539 Senatorium
424 488 459 530 C
461 483 625 546 enfum,
659 480 709 527 ’τό
727 475 996 528 Βουλευττκόν
1019 476 1217 539 τίμημα,
1243 480 1366 538 prius
1386 479 1674 539 constituerat,
1710 498 1826 543 quem
1850 482 1991 527 deinde
2013 483 2134 544 usque

0 546 1 551 ¹
28 559 86 606 ad
113 557 236 603 decies
255 551 488 615 fi‘stertium
503 549 704 610 protulit:
740 559 876 608 atque
898 543 1035 590 etiam
1065 541 1299 606 postremo
1328 542 1384 590 ad
1404 544 1610 593 duodecies
1633 546 1758 593 H-S.
1792 545 1867 592 seu
1889 544 2134 593 duodecies

0 615 1 662 ἶ
27 635 219 670 centena
243 617 409 677 millia,
443 627 585 678 prout
613 611 860 660 Suetonius
889 608 952 669 (c)
977 607 1169 655 indicat.
1629 628 1634 630 -

94 687 170 733 Ex
196 682 360 747 quibus
381 682 552 744 liquet,
573 677 636 724 fas
659 673 837 722 Ovidio
865 672 995 719 fuiffe
1021 672 1124 736 post
1145 672 1264 719 bella
1286 673 1438 720 civilia
1465 673 1612 738 sopita
1633 676 1687 722 ad
1711 677 1823 723 haec
1845 675 1986 738 usque
2011 688 2134 723 tem—

0 741 1 803 ]
30 767 170 815 pora,
205 750 255 795 in
284 746 450 812 quibus
472 741 723 797 versamur,
757 738 1068 800 Magistratus,
1104 753 1186 799 per
1208 753 1324 799 quos
1346 737 1401 784 ad
1429 739 1645 786 Senatum
1674 755 1768 787 erat
1793 740 1969 799 adnm,
2004 754 2134 805 pete-

0 810 1 834 ³
31 832 107 875 re,
143 813 284 861 modo
309 812 603 875 quadringenta
625 805 758 851 millia
780 802 1007 849 habuerit.
1065 800 1202 858 Quae
1224 817 1511 866 nequaquam
1539 805 1579 849 ei
1603 804 1816 864 defuiffe,
1850 805 2017 853 exinde
2038 805 2136 854 col-

0 871 1 894 :
32 881 174 944 ligere
211 890 340 926 certo
376 873 634 939 poffumus,
669 867 795 932 quod
827 865 977 931 reapse
1002 865 1048 912 id
1070 881 1214 929 genus
1237 867 1590 930 Magistratibus
1616 868 1670 916 fit
1704 869 1914 931 funestus,
1950 887 2003 918 ac
2039 872 2133 918 lato

32 946 165 991 clavo
190 942 391 991 indutus.
447 936 582 997 Qin
605 935 741 981 etiam
767 933 878 979 haec
898 931 1054 978 fuerat
1075 944 1180 978 ante
1202 930 1377 980 summa
1398 932 1554 982 census
1578 935 1791 998 Equestris
1817 951 1874 984 ex
1899 937 2003 1000 lege
2027 938 2136 987 Ro-

31 1007 149 1068 scia,
184 1005 301 1054 ficut
321 1005 396 1054 vel
416 1001 644 1051 Horatius
665 997 805 1045 docet
825 996 934 1044 Lib.
960 997 997 1043 1.
1023 997 1115 1059 Ep.
1147 1012 1185 1043 1.
1206 1013 1320 1046 vers.
1347 1013 1430 1063 57.

167 1073 216 1121 Si
241 1067 613 1135 quadringentis,
636 1064 739 1127 fix,
760 1062 917 1125 septem
938 1063 1072 1109 millia
1094 1061 1266 1123 destini,

161 1135 239 1199 Est
261 1139 421 1183 animus
440 1134 546 1191 tibi,
566 1130 670 1193 fitnt
693 1143 850 1189 mores,
884 1128 938 1180 δέ)
962 1129 1130 1189 lingua,
1154 1128 1367 1192 fidesque;

0 1198 1 1203 ’
83 1232 86 1235 -
160 1199 295 1249 Plebs
314 1203 422 1257 eris,
457 1197 548 1243 &a

160 1267 393 1323 RosclA,
425 1263 491 1310 dic
501 1260 650 1324 fides,
683 1259 825 1305 melior
848 1256 982 1316 Lex,
1015 1272 1072 1303 an
1086 1269 1312 1318 puerorum

161 1331 361 1389 Naeuia,
394 1344 497 1390 quae
518 1340 684 1388 regnum
705 1328 811 1370 reite
820 1321 1073 1384 facientibus
1094 1321 1232 1383 offert.

35 1394 147 1445 Nec
180 1394 277 1442 aliis
309 1393 478 1442 licebat
513 1391 562 1437 in
582 1407 680 1438 x1v.
715 1389 763 1435 T
768 1387 914 1436 heatri
943 1385 1180 1435 ordinibus
1203 1385 1384 1446 sedere·,
1419 1403 1528 1436 cum
1555 1386 1663 1436 esset
1685 1401 1737 1434 ea
1757 1389 1837 1452 Iege
1860 1387 2011 1452 Roscia
2030 1389 2142 1437 deco-

35 1461 214 1517 §toribus
235 1469 366 1506 certus
387 1461 493 1505 locus
514 1456 780 1518 constitutus,
811 1455 1003 1516 quamvis
1027 1456 1116 1515 quis
1126 1452 1327 1515 fortunae
1350 1456 1457 1500 vitio
1471 1487 1487 1513 ‚
1520 1470 1598 1501 non
1610 1453 1689 1516 suo
1712 1454 1923 1516 decoxtffet
1946 1453 2029 1516 (d).

103 1523 252 1582 Qod
285 1536 439 1570 tamen
466 1519 702 1584 Augustus
740 1521 804 1566 ita
825 1518 1130 1581 temperavit,
1164 1531 1216 1566 ut
1238 1535 1329 1566 cum
1342 1521 1530 1581 plerique
1553 1520 1784 1581 Equitum,
1818 1523 1968 1567 attrito
1987 1520 2144 1566 Civili-

33 1590 107 1636 bus
133 1590 246 1636 bellis
256 1591 532 1649 patrimonio,
553 1586 743 1649 spectare
771 1585 883 1631 ludos
903 1601 924 1630 e
945 1584 1250 1645 quatuordecim
1271 1600 1349 1632 non
1372 1585 1596 1642 auderent,
1631 1594 1742 1631 metu
1758 1598 1911 1646 poenae
1934 1582 2146 1631 Theatra-

33 1655 116 1714 lis,
148 1653 547 1717 pronuntiaverit,
581 1667 657 1697 non
690 1653 818 1697 teneri
840 1665 916 1709 ea,
948 1650 1095 1712 quibus
1117 1651 1237 1711 ipfis,
1261 1649 1559 1712 parentibusue
1583 1649 1781 1711 Equester
1806 1649 1941 1712 census
1963 1665 2145 1712 unquam

27 1717 178 1780 fmffi’t
199 1717 271 1776 (e).
344 1719 492 1782 Atqui
526 1716 620 1763 hoc
654 1732 750 1763 non
774 1713 982 1774 obstitit,
1017 1714 1265 1777 quominus
1287 1713 1409 1762 idern
1433 1715 1617 1761 interim
1642 1715 1751 1762 esset
1778 1713 2011 1778 Equestris
2036 1729 2145 1762 cen-

36 1780 135 1843 sus,
169 1784 246 1848 qui
271 1782 320 1829 &
347 1785 502 1848 postea
522 1780 765 1840 remanfit,
799 1779 870 1826 uti
891 1794 949 1826 ex
973 1780 1107 1827 variis
1130 1780 1451 1844 Antiquorum
1473 1780 1588 1827 locis
1609 1780 1672 1841 (f)
1703 1791 1844 1844 patet.

106 1847 198 1895 ΙΙΙ.
234 1848 338 1895 Hac
365 1847 603 1896 occasione
625 1847 730 1908 data
750 1844 827 1892 abs
847 1861 895 1892 re
915 1860 1013 1891 non
1034 1844 1123 1891 erit
1147 1844 1310 1893 addere
1333 1860 1448 1909 quae
1468 1845 1648 1909 insuper
1673 1845 1865 1908 ipsemet
1890 1845 1946 1892 de
1972 1844 2059 1892 suis
2080 1844 2145 1892 fa-

34 1909 285 1961 cultatibus
303 1914 434 1960 variis
458 1914 505 1959 in
528 1912 642 1958 locis
664 1910 836 1974 prodit.
883 1911 1013 1956 Dum
1038 1922 1248 1974 parentes
1270 1912 1480 1960 viverent
1491 1910 1662 1974 sumtus
1686 1910 1771 1959 filii
1795 1911 2144 1973 temperabant,

41 1977 115 2022 uti
141 1979 379 2038 queritur,
415 1976 578 2021 Amor.
601 1975 712 2021 Lib.
737 1974 771 2021 Ι.
803 1973 874 2018 El.
902 1986 941 2034 3.
967 1988 1081 2019 vers.
1103 1990 1149 2026 9·
1183 1989 1254 2021 10.

166 2041 263 2085 Nec
289 2054 402 2086 meus
425 2041 649 2085 innumeris
671 2046 898 2084 renovatur
920 2050 1084 2097 campus
1107 2041 1268 2085 aratris
1281 2059 1299 2095 3

230 2101 446 2163 Temperat
468 2104 523 2155 ἐρ’
536 2102 704 2165 sumtus
716 2116 871 2162 parcus
890 2111 1058 2164 uterque
1071 2116 1238 2163 parens.

38 2167 177 2227 Qlae
200 2167 270 2214 his
294 2168 480 2212 circiter
504 2165 793 2228 temporibus
818 2165 984 2228 scripta
1008 2165 1165 2224 fuiffe,
1201 2165 1463 2230 conje6iare
1485 2163 1550 2211 fas
1571 2163 1653 2211 est.

105 2233 162 2280 In
184 2233 367 2294 Pelignis
385 2247 497 2279 vero
523 2246 626 2276 rura
653 2228 834 2275 Nostro
859 2230 989 2276 fuisse
1013 2230 1382 2291 paterna,docet
1402 2231 1569 2279 Amor.
1589 2228 1699 2279 Lib.
1713 2228 1764 2279 II
1773 2266 1781 2278 .
1805 2228 1882 2281 El.
1900 2235 1972 2280 16·
2007 2244 2146 2295 quam

42 2296 258 2346 rusticans
277 2295 453 2360 scripfit
474 2293 689 2358 Augusto
713 2293 865 2340 mense
886 2292 942 2339 ad
964 2294 1184 2341 amicam:

171 2363 288 2410 Pars
307 2377 369 2408 me
394 2360 556 2409 Sulmo
581 2369 689 2406 tenet
708 2357 890 2423 Peligni
914 2368 1043 2405 tertia
1066 2360 1204 2416 ruris,

235 2427 416 2485 Parva,
437 2425 518 2489 sed
538 2426 707 2488 irriguis
727 2440 798 2472 ora
811 2423 997 2487 salubris
1020 2426 1138 2487 aquis
1152 2456 1168 2483 ,
1203 2424 1294 2472 &c.

45 2489 227 2542 Deinde
249 2507 362 2540 vers.
389 2504 461 2554 33.
491 2488 564 2554 38.
865 2543 867 2545 Ι

174 2560 242 2606 At
247 2560 338 2618 fine
361 2566 429 2615 te,
464 2557 655 2617 quamvis
679 2557 826 2616 operosi
844 2554 1002 2601 vitibus
1025 2555 1117 2616 agri

238 2620 319 2668 Me
342 2631 534 2680 teneant,
567 2623 763 2683 quamvis
783 2621 972 2667 amnibus
994 2634 1109 2666 arva
1129 2627 1300 2679 natent,

183 2684 247 2731 Et
266 2696 378 2732 vocet
401 2689 444 2733 in
463 2689 576 2733 rivos
591 2696 804 2747 parentem
824 2685 994 2746 rusticus
1016 2684 1171 2731 undam
1184 2717 1200 2744 ,

246 2749 488 2812 Frigidaque
511 2752 701 2799 arboreas
722 2752 896 2799 mulceat
915 2765 1025 2798 aura
1048 2764 1212 2806 conia53

44 2816 57 2873 ’,
447 2829 450 2830 ’
491 2837 495 2840 ·
674 2841 679 2845 -
1357 2811 1412 2861 Η
1630 2828 1636 2834 ·
1765 2860 1770 2865 .
2042 2813 2150 2862 Non

42 2887 47 2893 ⁴
112 2876 177 2929 (a)
206 2870 298 2918 Lib.
319 2873 430 2916 le.
450 2888 485 2926 p.
503 2889 694 2932 532.540.
733 2911 736 2913 -

39 2945 49 2951 ·
78 2936 81 2937 ’
112 2931 177 2983 (b)
207 2926 368 2990 Differt.
404 2927 545 2970 Triad.
562 2943 600 2982 p.
626 2942 715 2984 ¹74·
739 2932 807 2974 ubi
836 2933 1037 2986 optimam
1066 2927 1311 2992 Suetonium
1343 2942 1440 2972 curn
1468 2927 1608 2972 Dione
1634 2926 1881 2971 conciliandi
1912 2928 2160 2974 methodum

6 2994 11 3070 1
59 2983 588 3089 ρπῖἓῖῐῗὲῑᾈῖυηηέροξὶεα
607 2982 676 3030 Cl.
701 2984 896 3030 Graevius
915 2986 989 3030 suo
1011 2984 1192 3039 probavit
1215 2985 1402 3040 calculo,
1429 2982 1538 3027 Not.
1555 2983 1606 3028 acl
1626 2982 1738 3029 Suet.
1761 2982 1871 3039 Aug.
1895 2996 1932 3026 e.
1954 2995 2020 3038 4¹·

8 3078 11 3126 i
116 3090 182 3143 (d)
209 3049 523 3143 CicerogPhiliss.
547 3090 599 3135 11.

9 3156 11 3176 τ
114 3145 179 3195 (e)
206 3141 375 3189 Sueton.
400 3144 442 3185 in
465 3145 573 3198 Aug.
596 3157 631 3185 c.
651 3156 715 3197 40.

59 3194 304 3292 ugovvig.
330 3197 435 3251 pun,
463 3196 572 3252 Maj.
605 3197 708 3243 Hm.
744 3197 848 3244 Nat.
875 3198 1195 3248 Lib.XXX111.
1225 3214 1262 3244 c.
1288 3218 1324 3247 2.
1347 3201 1454 3246 Pnn.
1476 3199 1571 3255 Jun.
1592 3204 1685 3249 Lib.
1710 3203 1745 3259 1.
1779 3202 1856 3258 Ep.
1880 3214 1944 3259 19.
1974 3197 2164 3248 Maniai,

145 3279 156 3290 .
223 3277 232 3290 .
289 3262 328 3305 p.
352 3264 414 3305 24.
437 3253 503 3308 36.
521 3264 583 3308 39.
605 3252 750 3310 Juven.
771 3251 852 3300 Sat.
875 3266 936 3309 14.
954 3267 1058 3300 vers.
1081 3269 1287 3314 322,-325.
1309 3257 1410 3314 «Sec,⁴
1584 3287 1586 3290 .
