2547 3708
714 151 777 209 P.
852 147 1265 209 OVIDII

1338 152 1870 218 NASONIS

540 251 661 308 Nec
687 251 782 306 tibi
807 251 1087 320 contingat
1111 250 1353 308 matrona
1377 257 1624 326 pudicior
1652 260 1738 315 illa
1754 300 1770 326 ,

616 324 744 396 Qua
770 323 944 395 potuit
972 323 1199 397 Tydeus
1223 328 1486 383 erubuisse
1513 348 1666 385 nuru.

548 399 813 469 Quaeque
838 397 911 451 sui
942 395 1217 453 Venerem
1237 400 1411 469 junxit
1437 419 1560 457 curn
1589 403 1754 460 fratre
1781 410 1982 478 mariti,

615 470 809 524 Locris
833 470 888 524 in
912 471 1131 525 ancillae
1155 472 1472 528 distimulata
1494 495 1700 532 necem.

392 563 490 614 355
528 543 602 599 Di
627 560 847 615 quoque
873 555 981 598 tam
1005 540 1204 599 faciant
1233 546 1394 617 possis
1420 550 1656 619 gaudere
1683 551 1830 609 fideli

443 782 540 821 Θέλω
557 781 645 820 Sina
663 776 817 829 μαινᾶἅιν
832 808 843 827 ‚

440 836 609 885 E'pcomir'
619 833 812 884 Α’λκμοιίων
827 851 890 886 τις,

445 891 489 927 X'
507 892 521 928 ὅ
539 893 697 930 λευκόπκς
716 891 836 941 Οςέςης
849 919 859 939 ,

444 943 518 987 Τοὲς
534 946 667 996 μηΊέρεις
684 944 851 986 ilarii-res.

446 1032 574 1064 ‚Furere
595 1025 686 1062 hunc
705 1025 782 1060 volo
796 1020 982 1068 furorem,

446 1077 599 1115 furebat
618 1076 700 1112 olim
721 1073 847 1122 Orestes
860 1100 871 1117 ,

443 1127 597 1165 furebat
618 1126 878 1174 Alcmaeonque
893 1151 905 1170 ,

444 1182 591 1229 Uterque
613 1175 806 1215 matricida

244 1275 297 1317 Et
315 1276 477 1329 reliqua,
497 1279 560 1318 ubi
590 1280 701 1317 etiam
732 1275 903 1315 Herculis
925 1275 963 1313 &
985 1274 1110 1324 Ajacis
1132 1276 1292 1315 mentio:

249 1329 452 1368 SALVAGN.
479 1331 566 1368 hinc
586 1329 754 1367 Acheloia
770 1326 968 1365 Callirrhoe
987 1327 1103 1366 Ovid.
1121 1339 1172 1365 tx,
1196 1329 1290 1367 Met.

242 1392 330 1430 413.
358 1382 420 1419 ubi
440 1382 525 1420 vide
546 1393 642 1431 quae
663 1380 889 1417 notavimus.

298 1442 381 1480 351.
410 1439 482 1470 Nec
500 1432 566 1469 tibi
583 1429 796 1480 contingat]
834 1428 1003 1479 AEgialea
1024 1458 1035 1475 ,
1078 1442 1173 1468 uxor
1192 1430 1290 1468 Dio-

248 1482 368 1520 medis
389 1482 452 1521 filii
474 1484 642 1527 Thidei‚
670 1483 738 1520 suit
760 1480 923 1519 adultera
939 1509 948 1524 ,
976 1482 1074 1519 utait
1095 1482 1288 1519 Horatius.

246 1532 445 1572 INTERPR.
475 1534 694 1572 Comment.
722 1532 882 1570 Homeri
901 1531 1002 1570 Iliad.
1022 1544 1057 1569 v.
1095 1544 1139 1569 ex
1165 1533 1291 1581 Lyco-

247 1584 390 1631 phrone
409 1584 516 1623 tradit
530 1614 540 1629 ‚
569 1583 798 1622 Diomedem
813 1610 827 1626 ‚
855 1594 940 1620 curn
961 1582 1005 1620 ad
1025 1583 1160 1620 bellum
1185 1584 1287 1621 Tro-

239 1634 371 1683 janum
394 1635 705 1683 proficisceretur,
735 1634 921 1671 Cometae
933 1633 1094 1671 Stheneli
1109 1633 1185 1671 filio
1217 1633 1288 1683 (fic

243 1686 347 1723 enim
375 1686 447 1735 ipse
470 1687 571 1725 illum
597 1685 793 1734 nominat)
828 1683 1050 1723 commisisse
1069 1684 1227 1722 domum
1250 1687 1297 1733 ὃς,

243 1746 418 1774 uxorem.
476 1737 547 1776 Sed
566 1738 754 1774 Venerem
768 1764 778 1780 ,
806 1736 890 1785 quia
910 1735 931 1773 ὲ
955 1735 1145 1774 Diomede
1158 1737 1290 1774 vulne-

243 1795 320 1825 rata
340 1787 460 1826 fuiflet
474 1816 484 1833 ,
510 1788 622 1827 talem
637 1787 811 1837 Aegialae
839 1788 938 1833 (hoc
961 1789 1059 1824 enim
1075 1787 1197 1824 uxoris
1218 1799 1290 1824 no-

244 1848 335 1875 rnen
357 1841 456 1886 erat)
488 1836 878 1879 furoremimmisiffe.
906 1847 946 1875 ut
968 1838 1000 1876 se
1024 1838 1147 1886 passim
1162 1839 1290 1876 omni-

244 1887 312 1926 bus
329 1888 529 1937 juvenibus
548 1890 787 1938 prostitueret.
842 1889 1040 1938 Praecipue
1061 1897 1185 1927 autem
1208 1889 1286 1926 Co-

244 1947 374 1978 meten
394 1941 485 1978 iliius
507 1943 746 1990 turpiamOte
765 1939 994 1987 implicatum
1011 1937 1125 1977 fuisse.
1181 1941 1287 1987 Qua-

243 1999 286 2027 re
300 1990 531 2029 Diomedem
553 2003 598 2029 ex
626 1991 693 2028 [lio
715 1989 896 2028 reversum
920 2019 931 2035 ,
970 2002 1053 2028 cum
1079 1991 1284 2028 adulterum

242 2041 521 2090 persequeretur
541 2069 553 2086 ‚
591 2041 762 2079 occidere
796 2043 948 2088 cupiens
971 2069 981 2084 ,
1019 2050 1131 2087 atque
1159 2040 1219 2078 ille
1241 2042 1286 2078 ad

247 2101 349 2128 aram
372 2093 526 2138 Junonis
560 2089 779 2140 confugisset
803 2120 812 2134 ,
849 2092 990 2139 pudore
1013 2091 1132 2138 postea
1155 2092 1191 2128 in
1215 2092 1289 2129 Ita-

245 2139 336 2178 liam
356 2142 487 2180 abiisse.
516 2143 691 2180 Mtcrm.
719 2142 992 2179 Enumerantur
1009 2142 1192 2179 sexdecim
1207 2154 1289 2180 ver-

247 2189 343 2229 fibus
366 2204 497 2231 uxores
521 2193 705 2230 adulterae
729 2220 738 2234 ‚
775 2200 837 2229 aut
861 2194 1077 2228 maritorum
1102 2192 1214 2228 caede
1235 2194 1290 2230 in·

247 2241 392 2288 fames,
419 2243 558 2281 sorores
583 2244 718 2292 impiae
754 2243 790 2279 ὅ(
822 2241 1024 2279 sceleratae.
1078 2242 1167 2278 Hoc
1189 2242 1287 2280 disti-

248 2293 323 2331 cho
345 2303 494 2332 notatur
520 2294 710 2343 Aegyalea
742 2293 939 2330 Diomedis
969 2304 1062 2330 uxor
1085 2320 1095 2336 ,
1124 2292 1285 2341 ideoque

246 2342 379 2394 Tydei
398 2357 529 2390 nurus,
559 2357 654 2393 quae
672 2346 788 2389 βουρέις
810 2346 895 2380 κύων
910 2372 919 2387 ,
948 2343 997 2381 ob
1017 2343 1287 2390 impudicitiam

248 2393 498 2445 Lycophroni
515 2425 525 2441 ,
556 2395 743 2444 κακάφρωμ
761 2395 809 2433 ob
829 2393 972 2433 insidias
991 2396 1124 2432 marito
1143 2394 1288 2432 struet-as

251 2444 440 2496 Dionysio
470 2448 609 2486 Poe'tae
639 2447 781 2485 dicitur.
845 2447 942 2482 Cum
976 2447 1077 2483 enim
1110 2445 1236 2482 Venus
1267 2444 1288 2483 a

250 2494 444 2536 Diomede
467 2499 596 2536 vulnus
626 2496 848 2546 accepisset,
885 2497 961 2545 ejus
995 2508 1148 2534 uxorem
1168 2505 1290 2534 tantae

247 2545 407 2587 libidinis
432 2550 679 2598 impotentem
704 2548 884 2592 reddidit,
912 2557 951 2584 ut
975 2547 1007 2584 se
1028 2547 1290 2596 Hippolyto&

251 2598 404 2637 Cometi
441 2601 670 2649 prostitueret
692 2627 701 2642 ‚
740 2611 899 2648 quotum
935 2597 1075 2636 furiofis
1103 2597 1289 2636 amoribus

249 2652 430 2698 exagitata
453 2679 463 2695 ,
509 2650 574 2699 ipsi
603 2651 783 2688 Diomedi
812 2650 932 2698 Troja
959 2650 1126 2687 redeunti
1155 2660 1285 2686 necem

251 2701 383 2739 molita
407 2702 455 2739 est
477 2731 487 2747 ,
523 2714 634 2752 quam
667 2701 783 2739 noctu
813 2701 1030 2749 confugiens
1057 2701 1101 2737 ad
1130 2699 1287 2746 Junonis

248 2761 349 2787 aram
367 2753 590 2792 vixevadere
604 2753 723 2802 potuit
736 2780 746 2796 ,
775 2751 959 2788 Authores
982 2752 1167 2801 Didymus
1186 2750 1285 2788 Iliad.

249 2801 282 2839 ἐ.
310 2802 469 2840 Tzetzes
494 2805 529 2841 in
547 2805 839 2850 Lycophronem
854 2831 865 2847 ,
879 2813 923 2838 ex
937 2803 1182 2840 Mimnermo.
1211 2802 1285 2839 Eu-

249 2850 396 2891 stathius
416 2854 460 2891 ad
474 2855 639 2903 Dionysii
657 2853 857 2902 Periegefin
873 2882 881 2894 ‚
911 2853 1065 2900 pag.69.
1088 2853 1175 2890 edit.
1205 2853 1283 2889 Ste-

248 2903 427 2951 phaneae‚
457 2917 532 2952 quo
554 2905 703 2953 quidem
727 2904 901 2941 Eustathii
922 2903 1008 2940 loco
1030 2915 1215 2951 perperam
1230 2903 1281 2940 le-

249 2954 349 3002 gitur
357 2956 523 3000 μιχθῆναι
538 2957 693 3001 Σθενέλῳ
706 2958 755 3002 τῷ
768 2956 828 2990 τοῦ
841 2955 1004 2997 Κομήτου
1016 2981 1027 2997 ,
1053 2966 1118 3000 pro
1137 2955 1281 3002 Κομῆτῃ

249 3006 304 3051 τῷ
325 3009 388 3041 τοῦ
409 3007 588 3045 Σθενέλου.
642 3006 835 3043 Ennodius
857 3005 1056 3053 Episcopus
1076 3004 1282 3042 Ticinenfis

248 3054 420 3094 Ethicam
445 3057 596 3104 scripsit,
628 3057 685 3093 cui
703 3056 827 3094 titulus
855 3056 960 3092 Verba
983 3055 1175 3100 Diomedis,
1203 3068 1280 3091 cum

248 3109 368 3145 uxoris
385 3107 560 3144 adulteria
582 3107 790 3156 cognovisset.
817 3106 987 3144 SALVAG.

304 3169 390 3208 351.
418 3166 588 3196 Matrona
605 3156 798 3207 pudicam]
828 3158 1002 3195 Matrona
1022 3159 1168 3206 proprie
1190 3159 1280 3198 dici-

249 3215 330 3254 tur,
358 3222 453 3260 quae
484 3210 580 3247 bona
610 3211 646 3246 δε
666 3209 817 3246 honesta
847 3209 894 3247 est
927 3210 962 3245 in
986 3210 1280 3256 existimatione,

248 3257 326 3297 sive
343 3272 385 3299 ea
404 3260 513 3301 vidua
532 3261 608 3307 est,
637 3260 710 3299 five
741 3267 868 3309 nupta.
921 3259 1065 3305 Festus,
1094 3266 1281 3301 Matronas

2234 633 2385 692 Con-

1338 788 1563 838 appellabant
1583 805 1642 830 eas
1651 794 1747 840 fere,
1774 793 1902 845 quibus
1923 792 2076 833 habendi
2091 794 2199 842 stolas
2215 797 2277 846 jus
2297 802 2387 839 erati

1342 838 1487 880 Plautus
1509 843 1718 882 Cistellaria:

1343 930 1346 933 -
1399 911 1588 967 Matronae
1616 909 1725 957 magis
1751 909 1960 964 conducibile
1997 909 2041 958 est
2070 910 2178 959 istuc,
2206 923 2284 949 mea
2304 912 2387 951 sila-

1450 971 1549 996 mum
1562 987 1571 1004 ,

1398 1012 1513 1108 Unsum
1527 1023 1651 1096 amare
1668 1020 1709 1051 ω’
1726 1023 1803 1049 cum
1817 1024 1850 1048 eo
1869 1021 2020 1050 aetatem
2032 1013 2161 1063 exigere
2177 1042 2188 1060 ,
2210 1012 2264 1051 cui
2276 1022 2387 1065 nupta

1462 1074 1532 1097 eme
1551 1089 1560 1099 .

1390 1115 1522 1149 'Verum
1539 1112 1632 1150 enim
1654 1113 1819 1151 meretrix
1834 1115 2016 1160 fortunati
2037 1115 2090 1161 fell
2119 1117 2227 1166 oppidi
2237 1115 2385 1166 simini-j

1448 1175 1509 1199 ma
1520 1177 1532 1206 ;

1396 1218 1481 1272 Noa
1494 1213 1600 1263 potest
1612 1215 1718 1265 suam
1738 1229 1811 1254 rem
1829 1215 1979 1255 obtinere
1991 1217 2065 1264 sola
2076 1215 2154 1268 fine
2180 1217 2304 1258 multis
2325 1219 2386 1264 ari-j

1446 1277 1496 1302 rts

1347 1327 1494 1367 Tullius
1514 1341 1582 1378 pro
1612 1331 1748 1369 Coelio
1771 1344 1779 1365 τ
1821 1332 2026 1370 petulanter
2050 1332 2205 1378 facimus
2225 1361 2235 1378 ,
2254 1332 2290 1382 fi
2305 1336 2386 1370 mai

1345 1390 1434 1417 trem
1448 1381 1613 1425 familias
1631 1386 1728 1429 secus
1758 1395 1867 1429 quam
1886 1395 2132 1420 matronarum
2155 1384 2309 1432 dignitas
2324 1394 2384 1432 po-

1342 1431 1443 1475 stulet
1463 1433 1709 1477 ‚nominemus.
1764 1434 1889 1482 Quam
1908 1434 2111 1471 dictionem
2140 1435 2270 1472 Graeci
2302 1446 2385 1473 ver·

1345 1490 1464 1520 tentes
1483 1511 1493 1527 ‚
1533 1495 1609 1520 non
1632 1483 1842 1532 simpliciter
1869 1487 2040 1531 γυνῖιικας
2062 1513 2072 1528 ,
2119 1485 2178 1523 sed
2211 1487 2387 1530 γυνῖιικεις

1348 1534 1524 1578 P‘aaa‘cau
1539 1534 1719 1573 dixerunt.
1773 1535 1976 1585 Dionysius
2006 1534 2294 1574 Halicarnasseus
2321 1535 2386 1575 lib.

1344 1597 1396 1622 lx.
1427 1585 1471 1620 Αἱ
1490 1587 1552 1620 καὶ
1571 1587 1734 1630 γυνᾶικεε
1755 1587 1796 1622 αἱ
1814 1589 1986 1629 Ρωμαίων
2008 1587 2170 1623 ἐνιαύσιον
2190 1586 2385 1626 ἐπένθησαν

1343 1637 1485 1682 χρόνον,
1515 1636 1686 1683 πορφύραι
1707 1638 1771 1673 καὶ
1789 1637 1921 1683 χρυσὸν
1941 1638 2164 1682 ἀποθέμηναι.
2219 1638 2383 1676 Ovidius

1344 1696 1470 1725 tamen
1492 1686 1672 1726 hocloco
1711 1698 1920 1726 matronam
1952 1701 2019 1736 pro
2050 1700 2167 1726 uxore
2193 1688 2382 1736 impudica

1346 1739 1514 1786 usurpat,
1541 1739 1629 1787 quia
1660 1749 1829 1777 matrona
1861 1741 1972 1777 etiam
1996 1738 2150 1784 dicitur,
2177 1750 2384 1787 quaecum-

1345 1801 1419 1835 que
1439 1789 1475 1825 in
1498 1791 1779 1828 matrimonium
1811 1802 1896 1828 cum
1929 1791 2025 1840 viro*
2043 1791 2243 1833 convenit,
2273 1799 2312 1828 ut
2332 1790 2383 1829 A.

1346 1839 1484 1877 Gellius
1521 1840 1582 1877 lib.
1608 1853 1724 1879 xvm.
1759 1853 1837 1889 cap.
1858 1841 1893 1878 6.
1929 1841 2075 1879 Servius
2096 1843 2133 1878 in
2164 1854 2198 1878 x.
2227 1839 2382 1879 AEneid.

1345 1892 1384 1928 ὅ(
1409 1891 1554 1928 Nonius
1577 1891 1771 1930 Marcellus
1784 1891 1976 1930 definiunt.
2030 1892 2144 1930 Unde
2156 1893 2381 1930 Graecima-

1345 1949 1491 1979 tronam
1516 1942 1583 1979 hac
1606 1942 1870 1991 significatione
1891 1944 2112 1991 plerumque
2138 1945 2288 1987 γυναῖκα
2310 1956 2382 1987 γαι-

1343 1997 1458 2037 μετῆν
1486 2002 1686 2031 verterunt.
1738 1994 1827 2032 Hoc
1857 1995 1958 2031 enim
1993 1995 2161 2030 fortunae
2194 1993 2381 2031 muliebris

1343 2043 1496 2080 effatum
1513 2070 1524 2087 ,
1551 2044 1653 2092 quod
1677 2044 1775 2091 apud
1797 2044 1989 2081 Valerium
2013 2045 2225 2083 Maximum
2249 2045 2380 2092 legitur

1342 2094 1401 2130 lib.
1424 2107 1449 2130 1.
1477 2105 1554 2142 cap.
1578 2093 1613 2131 8.
1663 2095 1740 2132 Rite
1771 2109 1824 2131 me
1842 2104 2025 2132 matronae
2038 2095 2174 2140 vichstis
2196 2122 2206 2137 ,
2249 2096 2381 2143 riteque

1343 2144 1518 2191 dedicastis
1542 2160 1551 2187 ;
1591 2146 1640 2182 ita
1668 2145 1824 2183 reddidit
1853 2145 2057 2193 Dionyfius
2088 2142 2379 2182 Halicarnasseus

1343 2196 1403 2232 lib.
1423 2195 1458 2231 8.
1488 2197 1590 2241 O'aicp
1620 2196 1750 2238 πόλεος
1782 2195 1872 2241 νόμῳ
1901 2196 2069 2239 γυνάικες
2089 2198 2254 2239 γαμεταὶ
2273 2194 2379 2232 δεδώ-

1345 2246 1443 2280 κατέ
1458 2257 1514 2286 με.
1542 2244 1747 2293 Paffimque
1767 2254 1934 2282 matrona
1955 2257 2020 2294 pro
2042 2256 2159 2283 uxore
2178 2246 2379 2294 accipitur,

1339 2294 1538 2340 quomodo
1570 2294 1612 2331 ab
1642 2295 1785 2333 Ovidio
1815 2295 1938 2333 nostro
1968 2296 2029 2333 lib.
2051 2308 2096 2333 ιι.
2125 2296 2387 2344 Metamorph.

1340 2345 1437 2383 Item
1465 2345 1528 2383 lib.
1552 2357 1606 2382 v1.
1635 2345 1770 2383 Fastor.
1807 2347 1905 2392 J-uno
1929 2360 2092 2383 matrona
2132 2347 2298 2384 Tonantis
2315 2358 2379 2396 aps

1342 2396 1518 2445 pellatur,
1547 2395 1595 2434 fic
1613 2397 1651 2434 &
1677 2397 1771 2446 apud
1794 2397 1994 2435 Horatium
2014 2397 2100 2435 Ode
2119 2409 2154 2435 2.
2169 2398 2231 2437 lib.
2252 2410 2319 2437 111.

1576 2477 1680 2514 Illum
1697 2490 1740 2514 ex
1759 2473 1933 2513 moenibus
1948 2471 2080 2518 hosticls

1398 2536 1569 2567 Matrona
1589 2528 1749 2564 bellantis
1767 2525 1925 2575 Tyranni

1396 2581 1599 2629 Prospiciens
1617 2590 1660 2618 cy
1679 2578 1804 2615 adulta
1823 2577 1931 2625 virgo.

1344 2662 1402 2700 Sic
1420 2666 1516 2713 virgo
1528 2676 1604 2702 non
1618 2673 1761 2703 tantum
1775 2665 1907 2703 dicitur
1927 2664 1971 2701 de
1994 2676 2034 2702 ea
2050 2692 2060 2708 ‚
2072 2674 2165 2713 quae
2177 2664 2296 2701 virum
2313 2665 2378 2702 αἱ

1343 2723 1444 2761 perta
1457 2727 1532 2753 non
1549 2716 1596 2753 est
1611 2745 1620 2755 .
1650 2716 1707 2754 sed
1729 2717 1837 2754 etiarn
1852 2718 1897 2753 de
1917 2716 1988 2755 illa.
2007 2727 2102 2762 quae
2125 2716 2211 2752 citra
2232 2715 2376 2759 nuptias

1342 2767 1553 2803 concubuit.
1592 2768 1692 2804 Hinc
1706 2768 1826 2805 Varro
1844 2767 1903 2804 lib.
1925 2779 1968 2803 11.
1996 2778 2072 2812 cap.
2090 2777 2149 2802 10.
2173 2765 2219 2802 de
2231 2766 2284 2802 Re
2299 2766 2377 2802 Ru-

1340 2814 1438 2855 stica:
1493 2824 1533 2854 In
1553 2818 1722 2855 Liburnia
1743 2832 1797 2854 eas
1819 2817 1968 2865 virgines
1987 2816 2158 2864 appellant
2173 2844 2182 2860 ‚
2214 2829 2301 2866 quae
2311 2829 2377 2852 an-

1339 2877 1372 2902 te
1391 2869 1551 2918 nuptias,
1580 2868 1703 2915 quibus
1713 2869 1838 2905 volunt
1856 2867 2093 2913 succumbunt.
2148 2866 2220 2904 Sed
2241 2866 2376 2910 &Vir-¹

1335 2917 1438 2965 gilius
1466 2919 1600 2968 Ecloga
1617 2931 1669 2956 vr.
1694 2920 1739 2956 de
1762 2919 1931 2966 Pasiphae
1957 2918 2074 2955 Tauri
2092 2918 2287 2955 amatrice:

1389 2982 1453 3018 Ah
1474 2983 1571 3032 Virgo
1591 2983 1716 3028 infelix
1737 2995 1824 3032 quae
1843 2992 1875 3018 te
1897 2981 2071 3019 dementia
2093 2981 2202 3027 cepit?

1338 3044 1535 3085 Samma.

1391 3119 1471 3156 352.
1499 3110 1644 3159 Num]
1673 3111 1781 3147 Unus
1813 3108 1954 3147 Heinsii
1979 3136 1990 3152 ‚
2028 3120 2168 3144 nurum.
2206 3106 2265 3144 sed
2285 3115 2373 3146 tunc

1325 3159 1534 3210 'legendum
1552 3189 1562 3205 ‚
1590 3175 1707 3210 qaam.
1748 3171 1834 3198 nam
1867 3169 2026 3206 utroque
2057 3158 2135 3194 casu
2163 3158 2373 3195 construxe-

1338 3218 1420 3250 runt
1433 3212 1506 3249 hoc
1518 3212 1684 3249 verbum.
1723 3212 1883 3257 Propert.
1906 3221 1967 3245 111.
1991 3220 2042 3252 ¹4*
2069 3208 2373 3256 fratreserubaiſje

1335 3263 1421 3302 deos.
1438 3263 1560 3302 Valet.
1572 3264 1674 3302 Max.
1686 3273 1739 3302 iv.
1753 3274 1816 3301 1¹1.
1828 3273 1861 3307 7.
1875 3258 2373 3308 nesupellectilemfhstidiant,

2264 3322 2372 3358 quam
