2547 3708
274 190 342 250 64

739 167 801 223 P.
872 160 1285 221 OVIDII
1357 162 1894 224 NASONIS

423 273 523 340 385
565 266 1070 324 Therodamanteos
1097 275 1158 316 ut
1186 263 1279 335 qui
1306 260 1512 319 sensere
1538 263 1783 327 Leones,

642 342 862 412 Quique
887 336 1208 389 Thoanteae
1235 335 1471 390 Taurica
1498 336 1638 390 sacra
1667 336 1832 391 Deae.

567 413 642 469 Ut
666 428 802 485 quos
826 409 996 480 Scylla
1025 425 1219 473 vorax,
1262 408 1575 481 Scyllaeque
1602 408 1816 464 adversa
1843 409 2143 483 Charybdis

326 615 500 665 Plznaque
519 609 708 660 corporibus
728 607 847 665 ‘laceris
869 606 1034 664 praesepia
1047 607 1146 652 vidi,
1192 658 1202 669 ·

325 668 468 716 Visaque
486 663 613 711 dejeci,
643 663 889 708 dommumque
907 662 1055 709 tpsosque
1072 668 1211 709 peremt.

275 764 434 802 Historia
468 774 553 800 vera
584 762 660 805 est,
699 758 916 798 Diomeden
943 759 1044 808 equis
1074 757 1211 796 alendis
1231 765 1314 795 tan-

274 813 631 862 nsperdeleetatum,
643 812 754 860 usque
766 811 853 849 dum
868 810 1057 848 facultates
1078 821 1210 847 omnes
1224 820 1314 846 con-

271 866 471 914 sumpserit.
499 862 759 913 Quamobrem
781 873 897 911 equos
915 861 990 910 ejus
1005 856 1315 906 Α’νθρωπσφείγους

272 916 453 959 dixerint,
483 924 520 953 ut
542 913 944 964 exponitPalaephatus
970 912 1030 949 lib.
1047 911 1092 949 de
1113 911 1315 949 Incredibi-

271 966 377 1006 libus.
404 967 479 1005 Alii
494 966 607 1003 aliter.
632 964 814 1002 Constans
835 972 959 1001 autem
973 964 1069 1000 fama
1092 962 1159 1000 fuit
1172 973 1311 1012 equum

271 1018 447 1067 Sejanum
470 1017 577 1065 Argis
604 1025 732 1054 natum
755 1041 765 1059 ‚
793 1013 994 1062 proverbio
1012 1013 1175 1051 nobilem
1191 1041 1201 1058 ,
1230 1021 1311 1050 tan-

273 1079 388 1115 quam
418 1069 463 1107 de
496 1078 631 1116 genere
658 1076 842 1114 equorum
880 1065 1094 1113 progenitus
1132 1064 1228 1101 foret
1247 1065 1311 1112 qui

270 1118 471 1157 Diomedis
483 1114 810 1162 Thracisssfuiffenn
821 1127 915 1166 quos
926 1114 1106 1153 Hercules
1120 1114 1313 1153 Diomede

272 1170 396 1207 occiso
425 1169 444 1207 ὲ
468 1167 630 1207 Thracia
650 1168 768 1216 Argos
797 1164 1018 1216 perduxifl'et
1041 1193 1050 1208 ,
1078 1174 1117 1204 ut
1135 1165 1308 1215 scriptum

272 1220 421 1269 reliquit
440 1233 484 1258 ex
505 1219 600 1267 Cajo
622 1216 724 1256 Baffo
746 1218 794 1257 A.
817 1217 958 1256 Gellius
987 1216 1088 1255 no&
1109 1217 1227 1256 Attic.
1252 1216 1315 1255 lib.

273 1282 339 1309 111.
368 1282 446 1320 cap.
467 1283 503 1320 9.
532 1271 736 1308 Servasti.

326 1339 411 1388 385.
447 1336 798 1386 Therodamanteos.]
845 1335 1102 1374 Therodamas
1140 1335 1313 1383 Scythiae

274 1391 357 1429 Rex
380 1390 469 1435 fuit,
497 1392 560 1439 qui
585 1390 720 1426 timens
735 1416 744 1432 ‚
773 1399 819 1424 ne
840 1387 1055 1436 pei-insidias
1067 1386 1312 1429 occideretur,

271 1441 406 1480 Icones
429 1442 627 1478 hominum
653 1440 825 1488 sanguine
845 1437 986 1482 alebat,
1014 1449 1090 1486 quo
1113 1438 1226 1485 magis
1238 1437 1311 1474 sae-

274 1493 416 1535 virent,
445 1500 484 1530 ut
508 1491 531 1529 si
552 1491 646 1528 casus
667 1490 880 1538 postularet,
913 1488 958 1526 ad
981 1488 1235 1526 crudelitatem
1250 1499 1313 1535 pa-

273 1551 371 1580 ratos
391 1543 552 1580 haberet.
618 1542 691 1578 Alii
713 1539 1222 1584 dicunt,Therodamantem
1235 1539 1315 1587 Ly-

274 1594 376 1631 bium
401 1593 526 1637 fuisse,
556 1593 619 1641 qui
643 1592 854 1629 Men-aleam
885 1590 1000 1628 nobili
1023 1601 1157 1639 genere
1176 1600 1316 1627 matro-

275 1656 362 1681 nam
383 1644 550 1682 leonibus
570 1644 636 1682 suis
650 1643 850 1691 objecerit,
878 1640 982 1691 quod
992 1640 1102 1678 filiam
1126 1643 1202 1690 ejus
1215 1640 1314 1679 adul-

276 1695 502 1733 terarivellet
516 1723 525 1737 ‚
546 1706 565 1730 a
579 1705 651 1742 qua
670 1693 807 1730 occisus
830 1693 890 1730 est.
941 1693 1156 1730 lunares.
1183 1694 1314 1740 Quum

277 1746 443 1794 plerique
463 1745 657 1783 sodalitatis
679 1746 755 1792 ejus
770 1771 779 1788 ‚
808 1755 903 1793 quae
935 1751 1019 1781 toto
1043 1744 1119 1780 fere
1137 1752 1314 1780 terrarum

277 1797 366 1833 orbe
378 1795 502 1834 diffusa
513 1796 558 1833 est
574 1824 583 1840 ‚
596 1795 764 1844 quotidie
777 1796 890 1842 magis
912 1805 988 1832 rem
1002 1793 1197 1831 literariam
1212 1821 1221 1837 ,
1233 1802 1313 1830 tum

279 1846 454 1884 docendo
479 1874 489 1891 ,
526 1855 603 1884 tum
629 1845 819 1883 scribendo
849 1852 1133 1892 promoveant,
1173 1845 1210 1881 hi
1242 1853 1314 1881 tres

279 1898 476 1945 praecipue
496 1896 541 1934 de
564 1895 678 1933 Musis
700 1895 1024 1933 humanioribusin
1047 1896 1312 1932 diesbeneme-

278 1949 349 1985 reri
380 1948 472 1985 mihi
495 1947 689 1991 videntur,
715 1945 874 1993 Jacobus
898 1946 1137 1989 Sirmundus,
1168 1946 1316 1994 Diony—

278 1997 347 2035 sius
374 1999 543 2035 Petavius
572 1996 667 2034 Galli
688 2024 699 2040 ,
738 1997 777 2033 &
809 1996 974 2033 Andreas
1004 1997 1174 2033 Schottus
1197 1995 1317 2044 Belga.

281 2049 421 2086 Dicant
440 2050 478 2086 ὃς
498 2049 652 2085 sentiant
669 2047 729 2084 alii
751 2046 854 2094 quod
869 2046 994 2083 velint.
1050 2047 1155 2082 Illum
1169 2054 1292 2083 autern
1305 2074 1316 2091 ‚

280 2110 394 2146 quem
424 2099 611 2147 postremo
642 2098 728 2134 loco
753 2095 977 2140 nominavi,
1016 2098 1150 2133 merito
1181 2097 1317 2134 isaacus

282 2149 518 2186 Casaubonus
539 2149 769 2187 Praefatione
781 2148 823 2182 ad
834 2148 910 2183 suas
933 2147 970 2183 in
990 2147 1227 2184 Athenaeum
1241 2149 1319 2185 ani-

283 2199 582 2243 madversiones,
620 2197 834 2234 cruditionis
863 2196 955 2232 altae
987 2198 1107 2233 virum
1139 2198 1320 2244 appellat;

284 2251 324 2287 &
344 2262 415 2298 ego
439 2249 599 2294 profiteri
621 2258 732 2296 atque
754 2247 864 2283 etiarn
885 2257 969 2292 prae
990 2258 1050 2283 me
1081 2247 1176 2283 ferre
1196 2246 1320 2291 soleo,

283 2309 427 2338 tantum
452 2313 510 2337 ine
534 2300 666 2338 fruetus
698 2310 742 2335 ex
767 2297 843 2345 ejus
864 2297 999 2344 scriptis
1019 2296 1174 2345 cepisse,
1203 2308 1319 2346 quan-

282 2359 362 2389 tum
387 2363 432 2388 ex
453 2351 528 2389 aliis
551 2350 720 2388 neminis.
774 2347 963 2384 Interdum
983 2356 1109 2385 tamen
1130 2348 1173 2385 ab
1187 2359 1233 2384 eo
1249 2347 1317 2385 dis·

283 2402 414 2440 sentire
435 2413 572 2449 cogor,
601 2411 640 2439 ut
666 2398 845 2437 hocloco
876 2396 1069 2442 dissentio,
1107 2409 1222 2446 quum
1250 2409 1316 2445 pro

284 2453 432 2501 vulgata
453 2452 620 2500 scriptura
638 2449 838 2499 legendum
859 2448 1051 2495 suspicatur
1066 2476 1076 2492 ,
1113 2449 1313 2485 Therodan·

283 2514 352 2540 teos
370 2501 390 2540 a
412 2503 655 2541 Therodante
676 2500 850 2538 citerioris
882 2499 1080 2546 Hispaniae
1101 2499 1226 2547 Rege,
1251 2501 1316 2548 qui

286 2565 372 2591 cum
408 2554 532 2591 furore
561 2554 660 2591 aetus
698 2550 868 2587 Herculis
896 2551 1077 2599 templum
1104 2561 1318 2598 oppugnare

286 2603 463 2653 aggressus
488 2603 596 2649 effer,
625 2603 868 2650 venirentque
898 2612 944 2637 ex
968 2600 1119 2639 adverso
1145 2601 1318 2638 Gaditani

287 2655 460 2693 instructo
490 2656 642 2692 navium
673 2652 836 2690 exercitu
852 2679 860 2692 ‚
890 2651 1005 2688 subito
1028 2652 1064 2689 in
1088 2652 1213 2700 fugam
1236 2663 1317 2689 ver-

287 2705 433 2743 saesunt
451 2707 589 2754 Regiae
613 2715 744 2747 naves,
772 2702 890 2750 inquit
907 2702 1115 2739 Macrobius
1141 2702 1317 2740 lib.r.Sa-

289 2758 421 2793 turnil.
446 2768 522 2804 cap.
545 2769 604 2794 20.
642 2754 817 2802 simulque
837 2753 1020 2802 improviso
1051 2753 1124 2801 igne
1152 2762 1318 2802 correptae

291 2804 603 2854 conflagraverunt.
657 2800 872 2850 Pauciffimi‚
901 2804 960 2853 qui
980 2805 1225 2850 [isperfuerant
1259 2803 1319 2840 ho-

282 2856 390 2903 stium
414 2858 501 2897 capti
528 2858 773 2893 indii-averunt
794 2855 978 2903 apparuiſje
989 2852 1053 2899 fibi
1077 2860 1195 2891 Leones
1210 2855 1320 2902 proris

291 2907 491 2943 Gaditame
510 2907 610 2955 claffis
635 2906 859 2954 superstantes
880 2933 889 2948 ‚
928 2903 1088 2952 acfichito
1104 2906 1188 2953 suas
1210 2919 1319 2941 naves

290 2957 442 3005 immz'ſjis
462 2958 567 2994 radiis
584 2986 592 3000 ,
607 2958 723 3005 quales
741 2956 779 2992 in
791 2956 872 2993 solis
889 2956 1192 3003 cabritepinguntur
1204 2983 1213 2998 ‚
1235 2969 1318 2992 exu-

281 3008 368 3056 stas.
423 3009 472 3045 lta
495 3009 663 3045 Schottus
691 3007 750 3044 lib.
771 3019 817 3043 11.
844 3018 922 3054 cap.
946 3017 1025 3053 32.·
1059 3007 1316 3043 Humanarum

293 3058 617 3096 Observationum.
648 3058 715 3094 Sed
730 3055 1056 3105 habebat,opino'r,
1069 3056 1175 3094 senex
1189 3056 1320 3094 doetis-

289 3109 399 3147 fimus
418 3118 635 3154 occupatam
655 3109 735 3145 alibi
752 3117 913 3144 mentem
929 3135 938 3150 ‚
966 3116 1027 3144 aut
1039 3117 1136 3144 certe
1149 3107 1320 3144 adulteri-

289 3162 344 3198 nis
367 3159 684 3208 conspiciliisinter
699 3158 896 3207 legendum
911 3159 1097 3201 utebatur,
1124 3158 1318 3195 cumillam

286 3211 386 3248 suam
418 3209 668 3259 conjefftumm
700 3210 737 3246 in
776 3208 939 3245 medium
967 3209 1150 3255 protulit;
1198 3221 1320 3256 neque

290 3264 389 3300 enim
413 3262 584 3300 Therodas
605 3289 616 3307 ,
651 3259 710 3299 sed
733 3258 864 3297 Theron
880 3261 919 3298 in
937 3260 1134 3306 omnibus,
1153 3262 1218 3309 qui
1248 3261 1316 3299 cir-

2287 487 2404 542 Du-

1370 610 1836 657 cumferuntur,Macrobii
1851 611 2039 652 codicibus
2051 614 2408 665 constanterlegitur.

1369 660 1520 698 Deinde
1541 664 1742 710 genuinam
1764 662 1835 701 effe
1855 664 1961 712 hujus
1984 664 2161 702 Ovidiani
2179 666 2254 704 loci
2273 667 2406 705 lectio-

1370 722 1458 749 nem
1483 711 1715 751 Therodamas
1730 742 1741 759 ,
1768 723 1866 762 patet
1880 727 1924 752 ex
1936 715 2069 752 eodem
2088 716 2251 761 Ovidi0,
2269 720 2332 767 qui
2346 719 2407 760 lib.

1370 775 1399 800 1.
1416 762 1465 819 de
1475 763 1621 852 Pontlp,
1650 764 1751 814 Eleg.
1769 776 1802 814 3.
1829 765 1990 815 ejusdem
2002 766 2409 810 Therodamantismee·

1373 823 1480 852 minit
1501 825 1539 851 in
1589 826 1636 854 is:
1788 820 1792 824 '
2405 819 2409 821 “

1432 901 1514 933 Non
1538 895 1603 933 tibi
1631 895 1885 944 Therodamas,
1921 899 2112 950 crudusque
2142 900 2324 940 vocabitur
2350 908 2407 950 Λή

1521 956 1637 991 treus,

1471 999 1610 1047 Qique
1623 997 1698 1046 suis
1716 997 1867 1038 homines
1882 1000 2017 1051 pabula
2030 1001 2119 1050 fecit
2141 1002 2247 1052 equis.

1368 1078 1488 1117 Vetus
1511 1079 1725 1118 Scholiastes
1744 1080 1793 1117 ait
1813 1082 1988 1132 Scythiae
2019 1084 2160 1133 Regem
2185 1083 2288 1123 fuisse
2304 1112 2315 1130 ‚
2343 1087 2407 1135 qui

1369 1131 1505 1168 timens
1527 1132 1600 1169 ἂς.
1636 1131 1734 1169 Eum
1759 1142 1847 1170 vero
1868 1133 1914 1170 fic
1936 1134 2157 1182 appellatum
2174 1136 2298 1185 ,quod
2309 1139 2412 1180 sera-

1369 1193 1448 1217 rum
1471 1181 1621 1219 domitor
1639 1182 1748 1226 effet,
1775 1184 1832 1221 vel
1855 1182 1880 1220 fi
1901 1184 2259 1235 Theromedonlega8‚
2273 1195 2312 1225 ut
2326 1190 2412 1237 qui-

1371 1231 1455 1269 dam
1480 1233 1639 1270 Codices
1665 1232 1826 1279 habent,
1853 1235 1956 1284 quod
1985 1236 2066 1274 feris
2085 1239 2300 1284 imperaret,
2328 1250 2409 1278 non

1370 1283 1462 1320 levis
1483 1283 1531 1321 est
1554 1284 1715 1322 Domitii
1744 1286 1782 1322 &
1803 1285 2077 1324 Bartholomaei
2109 1289 2275 1326 Merulae
2296 1288 2408 1337 suspi-

1372 1335 1443 1371 cio.
1466 1333 1612 1379 deillo,
1641 1335 1836 1374 nihilmihi
1862 1338 2208 1386 praeterealce'tum.
2237 1339 2410 1379 SALVAG.

1368 1387 1443 1433 Qui
1460 1394 1586 1434 pavere
1614 1386 1720 1423 leones
1739 1387 1863 1425 Patav.
1900 1388 2045 1425 vinxere
2078 1401 2170 1427 unus
2190 1389 2410 1436 Mediceus,

1370 1435 1864 1485 Heinfiuspaverepraetulit.
1903 1439 1962 1477 sed
1982 1440 2056 1477 hoc
2084 1440 2183 1478 reue
2216 1441 2410 1480 Leonibus

1371 1489 1571 1532 convenit,
1601 1500 1677 1525 non
1699 1500 1815 1538 aeque
1835 1490 1945 1537 sacris
1966 1517 1977 1534 ,
2031 1502 2126 1539 quae
2164 1503 2241 1529 non
2274 1491 2411 1539 pavisse

1370 1549 1451 1575 reos
1465 1547 1525 1575 aut
1546 1540 1679 1576 noxios
1702 1539 1774 1576 dici
1797 1539 1955 1588 potsunt.
1981 1552 2094 1591 quare
2113 1552 2184 1590 ego
2207 1544 2334 1590 sensere
2353 1555 2410 1581 re-

1371 1588 1480 1676 fluxi,
1509 1590 1610 1638 quod
1634 1591 1793 1640 utrisque
1804 1593 1987 1641 congruit.
2014 1592 2141 1631 vid.ad
2154 1593 2328 1642 Epist.1X.
2345 1593 2409 1641 46.

1404 1653 1504 1677 URM.

1428 1691 1510 1738 386.
1538 1691 1679 1741 Qs'que
1694 1692 1928 1743 Thoantem]
1968 1694 2098 1732 Thoas
2128 1693 2220 1732 filius
2249 1694 2411 1742 Bacchi,v

1372 1753 1585 1789 quanquam
1615 1744 1838 1781 Lemniades
1858 1745 1954 1782 viros
1974 1745 2054 1783 suos
2074 1746 2356 1791 interfecerant,
2385 1746 2410 1785 a

1371 1792 1441 1830 filia
1459 1792 1662 1841 Hypfipyle
1684 1794 1865 1838 liberatus,
1883 1796 1919 1832 in
1933 1795 2133 1834 Tauricam
2147 1797 2339 1844 regionem
2350 1798 2411 1835 fu-

1371 1845 1442 1889 git,
1470 1844 1506 1880 in
1528 1855 1599 1890 qua
1619 1846 1806 1892 regnavit,
1836 1847 1873 1882 &
1894 1845 1940 1883 ibi
1962 1847 2154 1895 intemplo
2168 1848 2311 1885 Dianae
2332 1856 2409 1887 erat

1371 1893 1560 1942 Iphigenia
1575 1893 1676 1932 soror
1696 1895 1844 1934 Orestis.
1895 1898 2123 1945 Quicunque
2145 1898 2303 1945 hospites
2322 1898 2410 1938 illuc

1371 1944 1592 1988 veniebant,
1621 1957 1713 1982 unus
1734 1947 1878 1984 Dianae
1901 1948 2124 1986 mactabatur
2139 1976 2150 1991 ,
2177 1949 2266 1985 alter
2284 1961 2410 1987 rever-

1370 1995 1524 2033 tebatur.
1580 1996 1822 2034 INTERPRES.
1859 1998 1989 2034 Thoas
2008 1999 2069 2035 hic
2090 1998 2273 2036 Tauricae
2291 2009 2410 2039 terrae

1371 2055 1546 2092 tyrannus
1561 2073 1570 2089 ‚
1598 2046 1669 2082 sive
1688 2059 1751 2084 rex
1772 2048 1839 2084 suit
1858 2061 1866 2085 :
1905 2049 1993 2085 alius
2015 2047 2036 2085 a
2056 2049 2233 2086 Thoante
2254 2050 2408 2095 Bacchi,

1374 2104 1475 2143 patre
1513 2096 1748 2144 Hypsipyles.
1799 2100 1858 2135 Sic
1889 2100 1990 2136 enim
2021 2100 2058 2136 ἃ
2088 2100 2275 2147 Iphigenia
2310 2101 2410 2148 apud

1376 2147 1501 2194 Eurip.
1526 2149 1574 2184 ait
1590 2175 1600 2190 ,
1629 2148 1673 2199 Se
1697 2146 1716 2183 a
1739 2149 1859 2185 Diana
1889 2150 1924 2185 in
1956 2158 2088 2186 terram
2112 2147 2328 2188 Taurorum
2346 2152 2410 2189 ab·

1376 2196 1485 2233 latam
1501 2198 1617 2240 fuisse,
1630 2199 1665 2232 εὑ
1676 2200 1740 2240 γῆς
1754 2195 1896 2234 ἀνάσσει
1907 2198 2104 2243 βκρβοὲροισι
2115 2198 2288 2244 βάρβκρος
2300 2202 2410 2248 Θόκς,

1376 2245 1469 2281 ὠκῦν
1491 2247 1584 2282 πόδκ
1612 2248 1715 2288 τιθεὶς
1743 2248 1812 2283 ἴσον
1835 2251 1973 2291 πτεροῖς
1993 2249 2042 2290 εἷς
2064 2249 2197 2293 τοῦνομ’
2221 2249 2303 2293 ἦλθε
2325 2254 2409 2291 τάδε

1375 2296 1570 2338 ποδωκείας
1591 2299 1695 2341 χάριν
1710 2323 1720 2340 ,
1748 2301 1822 2335 ἃς.
1860 2300 1961 2337 Nota
1985 2309 2109 2337 autem
2141 2300 2189 2338 est
2211 2302 2284 2339 five
2305 2303 2410 2344 fabu-

1374 2347 1405 2384 la
1419 2375 1428 2390 ‚
1457 2347 1531 2385 five
1554 2348 1697 2385 historia
1713 2376 1722 2390 ‚
1751 2350 1796 2386 de
1816 2350 1977 2387 Taurica
1996 2352 2114 2388 Diana
2129 2379 2140 2396 ‚
2169 2354 2228 2389 cui
2249 2354 2409 2403 hospites

1371 2398 1557 2436 immolari
1580 2398 1752 2437 solebant.
1805 2401 1863 2437 De
1885 2401 2001 2448 Scylla
2026 2404 2061 2439 &
2076 2403 2409 2455 CharybdiOdyff.

1372 2461 1446 2488 xu.
1475 2449 1572 2487 vide.
1601 2451 1660 2487 De
1682 2451 1917 2498 Polyphemo
1937 2453 2096 2499 ejusdem
2126 2454 2188 2491 lib.
2206 2466 2324 2493 nono.
2360 2457 2408 2496 de

1373 2501 1576 2548 Antiphate
1600 2502 1636 2538 &
1663 2501 1939 2550 Laestrygonib.
1966 2504 2068 2541 lib.x.
2096 2505 2274 2544 Mrcrrr..
2302 2507 2411 2546 Tau-

1371 2552 1397 2587 ri
1423 2551 1592 2597 Scythiae
1619 2552 1744 2599 populi
1767 2553 1845 2590 sunt
1869 2580 1878 2596 ‚
1915 2565 2077 2601 quorum
2107 2555 2308 2603 Tyrannus
2338 2558 2410 2597 fuit

1373 2601 1525 2645 Thoas,
1554 2601 1573 2638 a
1593 2613 1668 2650 quo
1693 2602 1813 2640 Diana
1826 2605 1986 2641 Taurica
2005 2605 2144 2643 Nasoni
2162 2606 2256 2642 ditsta
2269 2607 2411 2645 Thoan-

1373 2662 1428 2687 tea
1442 2680 1452 2696 ,
1480 2653 1582 2697 cujus
1604 2664 1662 2688 ara
1680 2652 1865 2700 hospitum
1879 2655 2298 2694 immolationeinfamis
2309 2658 2409 2707 apud

1374 2703 1613 2740 Herodotum
1636 2705 1672 2740 in
1693 2704 1956 2751 Melpomene,
1984 2706 2249 2744 Callimachum
2282 2709 2408 2757 Hym-

1373 2765 1424 2791 no
1455 2755 1490 2790 in
1523 2754 1679 2791 Dianam
1705 2782 1714 2796 ‚
1751 2755 1962 2801 Euripidem
1997 2756 2185 2805 Iphigenia
2213 2759 2374 2798 Taurica
2397 2787 2411 2806 ,

1375 2805 1624 2851 Pomponium
1638 2805 1776 2842 Melam
1808 2805 1932 2843 lib.1v.
1948 2808 2205 2846 Minuciumin
2218 2809 2407 2856 Oaeftavio,

1375 2855 1561 2892 Ovidium
1584 2856 1841 2902 pluribuslocis
1857 2885 1866 2900 ,
1890 2858 2179 2905 &aliospaffim
2207 2860 2408 2899 SALVAGN.

1426 2905 1509 2953 387.
1537 2911 1578 2941 Ut
1604 2919 1681 2954 quos
1702 2906 1853 2955 Scylla]
1884 2907 2001 2955 Scylla
2028 2910 2066 2946 δε
2089 2909 2291 2959 Charybdis
2312 2913 2410 2959 peri-

1374 2957 1455 2993 cula
1472 2955 1552 2994 sunt
1573 2957 1608 2993 in
1632 2958 1730 2994 mari,
1787 2957 1903 3001 Scylla
1926 2969 2031 2996 vorat
2052 2988 2061 3003 ‚
2091 2960 2292 3007 Charybdis
2315 2974 2409 3000 evo-

1374 3009 1454 3044 mit.
1508 3007 1585 3043 l-lic
1613 3007 1701 3045 dum
1737 3006 1877 3054 Vlyll‘es
1906 3021 1969 3057 per
2002 3022 2102 3047 mare
2131 3020 2261 3047 erraret
2281 3039 2291 3054 ,
2320 3012 2409 3051 socii

1375 3059 1451 3102 eius
1471 3058 1624 3105 absorpti
1646 3058 1738 3096 sunt,
1793 3059 2037 3098 Immpmss.
2065 3060 2132 3097 His
2154 3069 2314 3107 quatuor
2327 3074 2410 3101 ver·

1376 3108 1467 3146 sibus
1498 3109 1682 3155 Scyllam,
1710 3109 1958 3157 Charybdim,
1986 3111 2283 3158 Polyphemum,
2312 3113 2410 3151 Lae-

1376 3160 1548 3206 ssrigonas
1563 3186 1572 3201 ,
1587 3160 1718 3207 Vlysfis
1743 3161 1835 3198 claffi
1849 3161 2018 3204 infestos,
2033 3160 2126 3197 lbidi
2146 3172 2284 3207 vovet,
2311 3176 2408 3212 quae

1374 3211 1501 3247 omnia
1525 3210 1670 3249 Flaccus
1689 3212 1748 3248 lib.
1784 3213 1829 3249 de
1852 3211 1941 3249 Arte
1967 3211 2115 3256 poetica
2139 3213 2310 3251 miracula
2331 3214 2409 3263 spe-

1373 3260 1472 3300 ciosa'
1485 3270 1606 3301 vocat.
1659 3261 1801 3312 Vlyffes
1821 3261 1916 3311 apud
1944 3262 2156 3301 Homerum
2186 3263 2314 3313 Odyss.
2336 3277 2410 3304 ΧΠ.

2320 3327 2406 3355 Cum
