2547 3708
923 107 957 169 1³
1100 109 1153 169 B*

1293 105 1318 169 1
1461 114 1514 171 54
2211 147 2280 197 39

415 213 489 276 Et
511 218 654 290 prius
676 217 811 274 hanc
836 215 1095 277 animam,
1135 214 1363 268 nimium
1388 213 1484 268 tibi
1510 213 1661 287 saepe
1687 214 1940 288 petitamg

487 291 715 347 Auferat
744 292 829 346 illa
853 289 996 353 dies,
1037 305 1174 357 quae
1203 287 1332 340 rnihi
1360 287 1468 341 sera
1498 289 1661 343 venit.

262 372 322 434 ‘323
338 383 366 437 ς
406 365 585 438 Quam
613 366 770 420 dolor
796 364 884 418 hic
909 378 1145 433 unquam
1174 359 1340 432 spatio
1367 360 1683 416 evanescere
1705 360 1893 432 poffit,

484 437 679 493 Leniat
706 453 793 493 aut
821 436 1006 490 odium
1035 446 1246 500 tempus
1272 432 1326 486 &
1353 433 1483 488 hora
1508 451 1706 489 meum.

409 511 727 584 Pugnabunt
749 508 931 581 jaculis
954 506 1083 561 dum
1111 507 1381 569 ThraceS,
1422 508 1634 579 lazyges
1662 524 1817 568 arcu,

475 587 622 639 Dum
652 583 862 652 tepidus
891 581 1107 651 Ganges
1126 621 1140 642 ‚
1179 579 1404 651 frigidus
1430 580 1553 634 Ister
1580 581 1695 636 er-it.

409 658 630 716 Robora
656 654 787 708 dum
815 670 1054 715 monte8‚
1094 653 1224 706 dum
1252 653 1439 722 pabula
1470 654 1646 707 mollia
1670 656 1873 727 campi,

264 749 366 804 140

115 994 254 1037 Eorum
277 993 448 1034 meminit
467 994 555 1032 Cor.
577 990 732 1031 Tacitus
754 992 791 1030 in
812 1003 884 1029 κῃ.
912 991 1002 1029 item
1026 989 1150 1029 Arria-

115 1060 183 1086 nus
201 1048 236 1085 in
257 1047 377 1095 primo
393 1073 404 1090 ,
423 1046 460 1082 &
478 1045 636 1088 Plinius,
650 1043 850 1091 Stephanus
864 1071 875 1087 ,
905 1041 1032 1079 Strabo
1045 1069 1055 1085 ,
1069 1053 1151 1079 cae-

113 1100 193 1137 teri.
228 1099 304 1147 Qui
326 1107 411 1134 arcu
433 1097 470 1133 &
493 1096 588 1133 hasta
601 1094 816 1137 utebantur,
830 1102 868 1131 ut
889 1092 1006 1131 scribit
1027 1092 1153 1131 Balbus

110 1149 148 1187 in
169 1149 293 1186 Sexto.r
346 1147 456 1185 Unde
480 1148 517 1185 ὅ(
544 1158 628 1183 arcu
643 1173 653 1190 ,
680 1146 718 1182 δε
736 1144 835 1190 hasta
859 1144 931 1193 legi
959 1143 1154 1182 refiiffime

110 1200 239 1248 potest.
268 1199 414 1239 Cousr.
445 1198 541 1236 Fan.
587 1197 716 1245 Lege,
752 1202 887 1244 Iazyges
907 1207 1003 1231 arcu.
1061 1195 1152 1233 Non

108 1251 208 1287 enim
233 1256 386 1299 Iapyges,
414 1250 477 1299 qui
501 1247 658 1296 Apuliae
676 1247 834 1295 populus
855 1245 903 1283 est
917 1273 928 1290 ,
956 1256 1078 1294 neque
1094 1252 1150 1282 Ia-

103 1300 221 1350 pides,
248 1302 311 1348 qui
334 1300 539 1338 Venetiae:
568 1298 628 1336 sed
661 1304 823 1347 lazyges,
851 1309 937 1334 arcu
957 1297 996 1334 &
1015 1297 1150 1354 sagittis

106 1352 334 1400 peculiariter
350 1350 582 1399 pugnabant,
612 1356 743 1397 utpote
772 1348 954 1398 Scythae,
981 1349 1018 1385 ὅ(
1043 1347 1148 1386 Getis

107 1401 278 1440 finitimi:
309 1401 354 1439 de
381 1402 511 1451 quibus
541 1399 686 1438 abunde
708 1401 744 1437 in
761 1399 856 1437 libris
876 1398 1052 1437 Tristium
1069 1427 1079 1443 ,
1108 1400 1149 1437 &

105 1452 152 1491 de
170 1453 292 1491 Ponto
312 1452 463 1490 dierum.
477 1453 654 1490 chnc.
685 1451 808 1488 Locus
820 1450 1146 1498 hic,abinterpre-

104 1504 198 1541 tibus
217 1515 294 1541 non
315 1503 518 1542 intellectus
532 1502 754 1547 ,declaratus
775 1501 822 1539 est
835 1501 878 1538 ab
901 1501 1145 1539 eruditiffimo

103 1555 276 1604 Egnatio.
305 1554 396 1592 Illud
414 1556 474 1593 hic
485 1561 615 1592 notatu
634 1554 828 1601 indignum
844 1579 854 1596 ‚
882 1552 1040 1600 opinor,
1068 1565 1145 1591 non

104 1609 193 1651 erit,
214 1604 234 1642 a
248 1605 365 1653 poetis
385 1605 458 1644 hoc
474 1616 614 1643 nornen
631 1610 771 1653 lazyges
785 1630 807 1647 ‚,
824 1603 1008 1641 interdum
1020 1605 1126 1642 trium
1133 1619 1146 1648 ;

105 1656 289 1695 interdum
316 1667 406 1694 vero
427 1665 588 1706 quatuor
616 1655 831 1704 syllabarum
851 1655 1043 1693 enuntiari.
1082 1655 1149 1693 Su-

102 1710 221 1757 perius
250 1707 464 1756 exemplum
497 1708 571 1744 hoc
597 1706 684 1744 loco
718 1706 792 1750 est,
822 1705 936 1744 &lib
962 1717 1008 1744 11.
1038 1705 1150 1744 Trist.

108 1768 191 1807 191.
223 1757 271 1796 Et
301 1757 361 1796 lib,
391 1770 421 1796 1·
457 1758 503 1797 de
526 1757 649 1795 Ponto
680 1757 783 1808 Eleg.
806 1769 853 1794 11.
875 1768 934 1804 79.
989 1756 1145 1795 Inferius

103 1810 317 1858 exemplum
337 1807 398 1847 lib.
416 1820 470 1848 ιν.
497 1808 601 1858 Eleg.
621 1819 694 1847 νη.
711 1820 749 1858 9.
783 1807 952 1847 Valerius
971 1807 1143 1848 Flaccus:

103 1870 157 1898 vr.
174 1859 260 1901 281.

153 1935 253 1948 ··-··
278 1934 327 1965 <9⁶⁴
339 1923 449 1969 arieto
457 1923 509 1974 fic
530 1934 625 1972 urget
649 1930 791 1975 Iazyges
809 1925 896 1975 ense]¹

102 1989 151 2029 Et
171 2005 224 2030 vr.
247 2004 330 2032 122.

150 2058 292 2090 Neurus
310 2063 355 2093 (9⁰
371 2063 520 2103 expertes
537 2054 692 2092 canentis
713 2059 855 2103 Iazyges
879 2054 974 2093 aevi}

97 2116 223 2166 Hujus
244 2125 369 2155 autem
387 2116 506 2166 gentis
532 2118 705 2154 meminit
733 2117 958 2154 Ammianus
985 2116 1145 2155 Marcel-

98 2168 193 2206 linus
212 2167 275 2206 lib.
294 2179 388 2205 xxxr.
414 2167 460 2205 de
470 2167 593 2205 Ponto
604 2166 761 2215 loquens
777 2178 786 2202 ι
816 2165 921 2202 Circa
931 2165 1143 2221 haeostagna

101 2218 231 2257 ultima
251 2220 452 2269 extimaque
465 2217 579 2267 plures
593 2227 707 2266 gentes
722 2244 732 2261 ,
751 2216 976 2264 sermonum,
1003 2215 1145 2260 inflatu-

99 2278 215 2307 torum
237 2269 412 2307 varietate
431 2267 628 2318 dispariles,
657 2274 868 2304 Iaxamatae
880 2293 890 2311 ,
903 2277 948 2306 ca·
969 2272 1143 2313 Maeotae,

99 2326 316 2369 &Iazyges,
340 2319 531 2364 Roxolani,
558 2317 761 2363 &Alani,
791 2329 865 2358 effc-
895 2318 1066 2356 C10FAN.
1101 2318 1143 2357 In
1171 2330 1176 2335 ·

100 2371 318 2421 quibusdam
345 2370 440 2409 libris
472 2369 602 2420 Iapides
627 2370 784 2419 legitur,
810 2369 928 2417 iisque
952 2369 1145 2408 Domitius

98 2421 179 2461 usus
200 2421 261 2460 est.
289 2422 333 2460 In
353 2422 430 2460 aliis
450 2427 606 2470 Iapyges,
637 2431 730 2469 quos
750 2418 903 2468 quidem
923 2419 1144 2467 jaculatores

101 2470 172 2511 effe
187 2472 334 2512 testatur
362 2470 614 2522 Thucydides
635 2471 696 2509 lib.
725 2482 800 2508 vu.
826 2470 873 2508 de
903 2469 1006 2509 Bello
1038 2471 1146 2510 Pelo-

101 2535 218 2573 ponn.
239 2535 319 2573 pag.
340 2535 426 2572 507.
452 2523 540 2561 edit.
566 2521 795 2571 Stephaneae
816 2549 828 2566 ,
865 2521 925 2559 sed
948 2533 1012 2560 eos
1041 2523 1145 2572 sagit-

102 2573 201 2612 tandi
227 2582 303 2612 arte
333 2574 475 2613 nobiles
502 2570 606 2611 fuiffe
639 2584 718 2611 non
747 2573 855 2621 lego:
884 2574 1143 2621 Quamobrem

103 2624 216 2671 proba
231 2624 280 2663 est
293 2625 439 2675 Egnatii
459 2623 658 2669 correstio,
694 2623 864 2672 Iazyges,
884 2636 1002 2672 eaque
1024 2637 1147 2663 mem-

105 2673 221 2712 branis
247 2676 547 2714 San-vicstorianis
587 2673 839 2713 confirmatur.
892 2676 946 2713 Hi
974 2675 1146 2725 Scythiae

105 2724 233 2773 populi
250 2725 329 2765 sunt
346 2727 460 2766 hodie
480 2733 570 2772 Jaz,
598 2735 639 2765 ut
670 2725 910 2765 Vuernherus
940 2727 1141 2773 existimat,

105 2785 268 2823 quorum
295 2788 372 2814 non
395 2777 509 2817 semel
539 2777 700 2816 Ovidius
727 2777 903 2816 meminit
932 2785 1011 2815 turn
1032 2777 1093 2816 lib.
1114 2791 1145 2817 1.

105 2826 152 2864 de
172 2825 295 2864 Ponto
309 2853 320 2870 ‚
344 2826 446 2876 Eleg.
465 2841 530 2866 111.
557 2830 646 2867 item
668 2828 730 2866 lib.
750 2840 782 2875 4.
814 2828 869 2865 M.
890 2829 1035 2866 Anton.
1054 2830 1143 2868 Mu-

103 2879 383 2916 retus'torarione
404 2878 456 2915 18.
470 2890 536 2926 pro
547 2879 804 2929 sigismundO,
823 2880 927 2928 Rege
948 2879 1142 2926 Poloniae,

105 2927 152 2966 ad
169 2928 276 2966 Piurn
308 2928 358 2964 V.
384 2936 485 2976 putat
516 2929 586 2967 effe
615 2931 746 2978 partim
774 2931 982 2976 Valachos,
1009 2933 1140 2979 partim

105 2978 318 3028 Hungaros'.
365 2978 553 3016 Polonicis
579 2988 701 3017 autem
731 2981 973 3031 Scriptoribus
1001 2988 1144 3031 Iazyges

106 3031 333 3119 {affligunt
351 3029 526 3117 ¹{uituanis
545 3032 800 3118 {pute-rtrum&
827 3034 923 3120 ilnter
943 3032 1140 3121 Pgilsoniam

205 3093 326 3119 uiam
363 3091 438 3125 111,
506 3092 554 3118 uo
614 3091 751 3118 irae
795 3112 805 3126 ‚
846 3093 1142 3123 0n⁰e1anta

107 3129 276 3171 Valachis
294 3134 332 3171 ὅ(
357 3092 552 3180 Hungilris.
589 3131 747 3179 Scythae
767 3111 1002 3181 ornnesbprae
1023 3144 1144 3173 caete-

108 3182 155 3219 ris
172 3182 358 3232 sagittandi
382 3180 509 3230 peritia
528 3182 754 3226 claruerunt,
787 3193 826 3220 ut
846 3184 970 3221 videre
987 3184 1035 3223 est
1047 3186 1144 3235 apud

110 3231 401 3282 Xenophontem
423 3231 741 3281 lib.111.Expedit.
771 3233 884 3283 Cyri,
903 3233 1061 3273 Plinium
1081 3236 1143 3275 lib.

92 3294 187 3326 ,ιη
213 3295 290 3335 cap.
318 3287 375 3326 16.
402 3283 574 3336 Curtium
592 3283 742 3336 lib3y11.
768 3285 807 3323 ὃς
829 3283 932 3329 alios.
956 3284 1040 3325 Irno
1053 3285 1142 3337 ,Scy-⁴

474 731 622 786 Dum
645 727 862 783 Tiberis
887 725 1047 781 flavas
1072 724 1281 780 Tuscus
1307 724 1522 781 habebit
1547 745 1719 799 aquas.

2112 860 2259 918 Bella

1205 989 1327 1028 thicos
1353 1000 1455 1030 arcus
1483 989 1679 1039 peculiares
1707 991 1810 1032 fuisse
1838 995 1998 1046 prodidit
2033 997 2256 1039 Ammianus

1209 1041 1448 1080 Marcellinus
1477 1041 1532 1079 his
1562 1042 1680 1080 verbis
1715 1055 1759 1081 ex
1791 1046 1854 1084 lib.
1883 1061 1942 1085 xx.
1997 1050 2120 1096 (Quum
2153 1063 2254 1088 arcus

1211 1091 1369 1129 omnium
1382 1092 1542 1142 gentium
1558 1090 1659 1141 flexis
1681 1106 1872 1134 curventur
1891 1098 2070 1145 hastilibus
2084 1128 2095 1143 ‚
2121 1102 2257 1150 Scythi-

1211 1142 1241 1179 ci
1256 1142 1322 1189 soli
1335 1171 1346 1189 ,
1373 1144 1432 1182 vel
1451 1143 1611 1181 Parthici
1621 1144 1862 1185 circumdatus
1878 1149 2056 1197 utrimque
2072 1151 2255 1201 introrsus,

1204 1194 1333 1242 pandis
1352 1205 1397 1234 ω’
1408 1194 1542 1244 patulis
1561 1194 1715 1232 cornibus
1735 1197 1873 1246 effigiem
1903 1206 2021 1237 Lunae
2041 1201 2258 1247 decressentis

1209 1243 1390 1290 ostendant
1408 1274 1420 1291 ,
1459 1244 1683 1283 medietatem
1709 1251 1801 1285 recia
1829 1262 1872 1289 (φ
1901 1252 2051 1288 rotunda
2073 1252 2254 1291 medietate

1207 1295 1402 1334 dividente.
1428 1296 1629 1336 Samae-m.
1681 1302 1783 1335 Arcu
1807 1300 1894 1337 dum
1919 1302 2082 1346 Thraces,
2114 1310 2255 1353 Iazyges

1203 1344 1303 1393 hasta
1320 1347 1484 1397 plerique
1510 1357 1664 1388 veteres.
1701 1349 1849 1387 Herus.
1902 1352 1984 1401 Ego
2005 1353 2095 1391 nihil
2119 1363 2251 1393 mutos

1202 1408 1289 1435 nam
1312 1397 1478 1437 Thraces
1499 1398 1630 1448 jaculis
1660 1402 1775 1449 magis
1804 1401 1976 1448 valuisse,
2007 1415 2118 1453 quam
2141 1416 2224 1443 arcu
2244 1435 2255 1451 ,

1202 1456 1303 1497 patet
1324 1460 1370 1487 ex
1397 1449 1571 1498 Xenoph.
1600 1451 1812 1490 Memorab.
1830 1453 1892 1491 lib.
1918 1466 1983 1492 111.
2011 1466 2045 1503 p.
2075 1455 2160 1502 778.
2188 1456 2250 1495 ubi

1202 1499 1316 1544 dicit,
1329 1500 1479 1549 Scythas
1500 1502 1538 1538 &
1551 1500 1717 1540 Thracas
1731 1530 1742 1546 ‚
1761 1504 1896 1553 clypeo
1918 1506 1954 1542 &
1973 1505 2068 1543 hasta
2092 1518 2169 1544 non
2189 1518 2254 1546 au·

1202 1550 1300 1589 suros
1315 1579 1327 1598 ‚
1351 1563 1514 1601 pugnare
1535 1562 1663 1591 contra
1694 1553 2020 1594 Lacedaemonios
2042 1584 2053 1600 ,
2090 1568 2160 1595 nec
2193 1559 2251 1596 vi-

1205 1601 1321 1640 ciffim
1347 1602 1416 1640 hos
1447 1611 1575 1641 contra
1606 1603 1772 1642 Thraces
1799 1606 1902 1654 peltis
1935 1607 1973 1644 &
2001 1607 2159 1655 jaculis,
2189 1608 2250 1647 vel

1204 1652 1373 1691 adversus
1394 1652 1546 1703 Scythas
1564 1666 1662 1693 arcu.
1698 1655 1850 1705 Iazyges
1871 1668 1961 1695 vero
1983 1658 2138 1706 Scythae
2157 1658 2251 1697 sunt.

1203 1703 1277 1741 vid.
1299 1704 1383 1742 Val.
1405 1703 1525 1742 Flacc.
1548 1716 1603 1742 vr.
1625 1715 1708 1744 122.
1732 1706 1794 1744 ubi
1822 1707 1933 1745 etiam
1955 1719 2040 1745 arcu
2059 1708 2249 1748 instrustos

1202 1752 1352 1804 Iazygas
1370 1754 1493 1794 docet.
1522 1755 1734 1804 Pugnabunt
1755 1769 1841 1794 arcu
1860 1758 1945 1795 dum
1967 1757 2112 1796 Thraces
2127 1759 2251 1811 Hiapif

1200 1805 1258 1843 des
1279 1805 1377 1853 hasta
1398 1806 1489 1845 Mss.
1507 1805 1692 1846 Bersman.
1718 1806 1854 1846 Euam.

1221 1871 1223 1874 ⁸
1256 1875 1340 1924 138.
1368 1881 1468 1912 Dum
1490 1873 1660 1925 tepidus.]
1708 1874 1863 1925 Rapidus
1889 1876 1965 1916 duo
1993 1877 2088 1916 libri.
2115 1877 2175 1918 sed
2195 1879 2245 1918 ita

1201 1927 1295 1973 perit
1317 1926 1516 1975 oppositio,

1198 1976 1872 2075 ιὼὲἕῖυῗτῗέἧῗὶἒωῗῗὲῗοέῗὲῗίο
1891 1976 1978 2014 Vide
1997 1989 2092 2027 ‘¹⁰⁸²
2114 1979 2247 2029 “megi

1201 2088 1338 2163 T139.
1365 2074 1529 2124 Campi]
1568 2074 1744 2115 Heinsius
1763 2075 1944 2121 malebat,
1972 2087 2122 2128 campus.
2148 2086 2190 2118 ut
2209 2082 2248 2120 vi

1242 2139 1269 2162 r1
1302 2154 1312 2163 .
1331 2140 1360 2163 1.
1382 2138 1410 2162 1.

1251 2192 1348 2239 Quot
1358 2193 1505 2239 frutices
1515 2192 1652 2243 silvae,
1679 2206 1762 2244 quot
1778 2196 1898 2242 flavas
1929 2198 2075 2247 Thybris
2095 2204 2243 2246 arena59‘

1199 2243 1431 2332 Βυῃΐζοίἰία
1452 2254 1535 2294 quot
1556 2245 1690 2283 Martis
1714 2249 1882 2296 gramina
1905 2260 2044 2299 campus
2064 2249 2180 2289 habet.

1255 2371 1338 2408 140.
1358 2365 1456 2398 Dum
1467 2360 1594 2399 Tiberis
1603 2362 1757 2413 liquidas
1779 2364 1931 2413 Thuscus
1950 2365 2088 2405 habebit
2099 2368 2241 2418 aquas]

1201 2411 1315 2449 Liber
1348 2410 1454 2448 Maff.
1479 2411 1601 2459 flavas
1620 2441 1632 2460 ‚
1670 2426 1750 2454 non
1777 2414 1945 2467 liquidas.
1973 2429 2073 2457 vere.
2108 2419 2241 2458 Horat.

1200 2463 1261 2503 lib.
1280 2475 1306 2500 1.
1329 2462 1454 2500 Carm.
1477 2462 1563 2502 Ode
1584 2476 1631 2503 11.

1254 2533 1413 2571 Vidimus
1428 2531 1574 2583 flavum
1595 2534 1746 2574 Tiberim
1765 2537 1904 2576 retortis

1254 2584 1368 2622 Litore
1390 2586 1553 2635 Hetrusca
1573 2586 1742 2627 violenter
1759 2589 1873 2635 undis,

1256 2642 1328 2681 Ire,
1356 2647 1428 2676 (π.

1200 2701 1249 2740 Et
1268 2701 1329 2740 hic
1350 2701 1485 2740 Noster
1504 2701 1566 2742 lib.
1588 2715 1624 2742 v.
1650 2703 1755 2755 Eleg.
1772 2716 1800 2741 1.
1823 2704 1933 2744 Trist.

1252 2768 1349 2816 Qot
1361 2766 1507 2812 frutices
1517 2766 1636 2818 silvae
1647 2796 1659 2815 ,
1687 2779 1769 2817 quot
1781 2766 1906 2818 flavas
1925 2770 2036 2811 Tibris
2054 2776 2192 2814 armai?

1198 2831 1258 2869 Est
1275 2840 1399 2870 autem
1429 2832 1554 2871 allusio
1578 2833 1621 2871 ad
1650 2841 1756 2871 vetus
1778 2834 1925 2873 Tiberis
1954 2849 2094 2878 nomen
2110 2869 2121 2886 ,
2148 2841 2240 2890 qui;

1198 2891 1239 2921 ut
1258 2882 1307 2920 est
1327 2882 1423 2930 apud
1445 2884 1627 2922 Ovidium
1649 2884 1687 2921 in
1715 2884 1775 2922 lib;
1799 2885 1886 2924 Fau.
1908 2888 1946 2924 ὃς
1967 2890 2061 2937 apud
2082 2892 2234 2930 Livium

1195 2932 1258 2971 lib.
1282 2946 1309 2970 1.
1339 2933 1471 2972 Albula
1490 2934 1699 2973 vocabatur.
1718 2934 1841 2979 flavas
1860 2938 1947 2987 legit
1966 2941 2078 2979 etiarn
2100 2941 2238 2979 Domi-

1197 2984 1279 3022 tius.
1325 2984 1386 3022 De
1413 2985 1540 3024 colore
1566 2992 1689 3024 autem
1721 2986 1818 3025 flavo
1848 2988 1897 3027 fic
1924 2988 2088 3038 Agellius
2108 2992 2169 3029 lib.
2188 3003 2238 3029 Π.

1200 3046 1278 3083 cap.
1297 3036 1356 3073 26.
1394 3034 1528 3073 Flavus
1545 3036 1689 3074 videtur
1709 3051 1750 3074 ex
1773 3037 1909 3084 viridi,
1938 3052 1982 3080 ω·
2002 3043 2077 3084 rufo
2096 3053 2139 3081 (φ’
2155 3040 2235 3089 albo

1198 3095 1381 3124 concretus.
1421 3086 1551 3136 Itaque
1572 3088 1727 3126 dubitari
1754 3101 1832 3128 non
1854 3100 2026 3138 oportet,
2052 3092 2139 3139 quin
2160 3093 2240 3138 ita,'

1199 3145 1239 3174 ut
1251 3136 1298 3175 est
1318 3138 1356 3175 in
1373 3136 1436 3175 illo
1455 3139 1570 3176 veteri
1592 3140 1818 3188 exemplari,
1839 3140 2036 3190 legendum
2059 3141 2110 3178 fit.
2124 3140 2241 3183 Cion,

1199 3187 1324 3236 Tuscus
1351 3196 1546 3237 propterea
1565 3217 1577 3234 ‚
1613 3190 1718 3238 quod
1755 3191 1791 3228 in
1829 3191 2061 3229 vetustiffima
2090 3189 2238 3233 Tusco-

1199 3248 1283 3325 rgim
1309 3238 1393 3280 sede
1420 3248 1545 3280 ortum
1570 3239 1709 3293 habuit.
1759 3241 1863 3290 Hinc
1884 3243 1923 3280 ὅτ
1945 3241 2116 3292 Virgilius
2132 3244 2195 3284 lib.
2213 3250 2243 3286 xi

1198 3333 1210 3337 μ
1239 3298 1344 3339 eorg,

2107 3364 2170 3394 gg·
2192 3351 2247 3400 ΞΜ
