2547 3708
34 0 41 35 ι

35 38 39 96 l

633 117 1541 173 PRAEFATIONEs
2056 148 2146 202 2„

33 244 35 288 4
61 218 257 278 moediis.
288 214 468 266 Tenuis
486 214 575 263 erit
597 213 1081 283 forfitan'apparatus:
1117 213 1337 263 nimirum
1360 214 1409 261 in
1436 228 1484 261 re
1504 213 1658 263 tenui:
1683 230 1940 284 quanquam
1956 255 1972 282 ‚
1994 220 2151 273 fiMa-

33 307 34 314 ¹
59 288 154 338 roni
174 283 398 336 credimus
421 279 619 345 apiculas
639 279 732 326 suas
751 278 943 343 jactanti
958 312 973 337 ,

30 347 33 419 ᾖ
74 387 77 390 ·
228 351 281 397 In
302 350 414 395 tenui
433 347 575 405 labor,
608 355 657 391 cit
676 347 805 392 tenuis
826 360 904 390 non
917 346 1079 407 gloria,
1101 347 1145 405 st
1164 361 1245 407 quoi

30 423 41 474 ᾖ.
71 458 73 463 ,
229 416 425 462 Numina
443 413 569 458 laeva
578 414 754 472 finunt,
787 411 983 472 auditque
1005 418 1177 456 vocatus
1200 413 1361 471 Apollo.

7 482 164 532 UHue
193 477 307 527 adde
339 475 464 540 quod
498 475 554 521 ad
579 476 1007 538 interpretationem
1033 474 1196 521 Ovidii
1221 475 1376 537 paffim
1402 477 1638 525 Homerus
1668 479 1975 542 adhibendus,
2009 485 2150 533 advo·

26 544 218 597 icandus
250 543 375 606 saepe
410 540 698 604 Sophocles,
732 540 902 602 aliique
933 538 1156 585 Graeciae
1188 541 1422 605 principes
1458 542 1773 606 Tragoediae:
1812 550 2154 611 conquirendae

27 604 425 673 'colligendaeque
446 603 610 668 sparsae
636 620 687 651 ac
714 605 883 650 lacerae
907 604 1153 667 poetarum
1179 605 1423 667 reliquiae,
1476 607 1523 654 ui
1545 607 1682 656 latine
1707 626 1804 657 eam
1835 613 2044 659 fabellam
2069 631 2150 660 ex-

51 676 344 739 poliverunt,
377 685 432 718 ut
456 670 642 728 Attius,
679 670 727 715 &
751 671 1002 727 Pacuvius,
1039 668 1277 731 omnisque
1310 671 1408 716 aevi
1473 671 1720 720 oftiffimus
1746 677 1818 721 M.
1847 677 2028 725 Varro,-
2063 695 2149 726 nec

51 740 212 788 Livius
232 737 526 785 Andronicus
548 732 812 796 Enni-{usque
846 733 950 779 sunt
980 735 1406 796 praetermittendi,
1440 752 1556 798 quos
1577 738 1756 785 vertiffe
1784 738 1971 804 Ajacem
1995 759 2051 789 ex
2073 760 2160 790 an·-

51 805 189 867 tiquis
215 800 544 850 Grammaticis
565 798 904 862 cognoscimus.
972 798 1160 843 Horum
1198 797 1230 844 fi
1265 813 1475 846 extarent
1510 802 1715 865 integrae
1737 807 2025 869 tragoediae,
2059 809 2148 854 ho-

48 869 147 928 die,
182 884 237 914 ne
270 866 380 931 quid
414 863 683 912 diffimulem
702 896 717 922 ,
751 862 867 908 nihil
891 861 1005 908 mihi
1027 862 1135 907 effet
1158 878 1262 908 cum
1291 864 1469 911 ovidio
1496 869 1702 928 negotii:
1740 885 1893 930 nunc,
1928 871 2053 936 quod
2076 872 2146 919 so-

47 933 144 980 lum
169 934 306 992 licet,
340 947 446 979 eum
471 927 711 976 Ovidianis
732 925 964 973 conferam
1000 926 1077 972 illa
1099 925 1383 990 fragmenta,
1405 945 1519 991 quae
1545 931 1762 993 super-effe
1788 935 1938 982 voluit
1963 950 2152 1000 tempo-

50 1013 149 1044 rum
186 997 373 1060 injuria:
409 1009 549 1058 eaque
584 993 796 1039 locorum
832 992 952 1038 inter
974 990 1016 1036 se
1039 993 1354 1053 comparatio,
1389 994 1471 1039 nisi
1496 993 1657 1056 fallor,
1691 999 1822 1044 vobis
1850 1001 1937 1046 erit
1963 1017 2058 1047 non
2079 1003 2149 1048 in-

49 1061 258 1122 iucunda.
328 1059 452 1107 Istuc
487 1071 640 1105 autem
671 1056 799 1119 quod
831 1072 1064 1114 armorum
1083 1057 1319 1120 judicium
1347 1072 1659 1119 vocaverunt,
1692 1062 1822 1108 valde
1847 1064 1957 1110 olim
1984 1066 2150 1126 proba-

43 1118 148 1172 ¹tum
183 1125 554 1187 celebratumque
575 1122 690 1169 fuit:
728 1120 1054 1184 Caesaremque
1077 1120 1222 1184 ipsum
1250 1122 1516 1187 Augustum
1538 1124 1584 1169 in
1607 1140 1663 1171 eo
1691 1142 1886 1189 genere,
1910 1129 2055 1176 lufiffe
2080 1133 2149 1191 jo-

47 1205 126 1238 cus
160 1189 280 1236 illius
316 1189 514 1246 indicat,
547 1203 684 1250 quem
721 1186 859 1233 refert
883 1185 1160 1233 Macrobius
1194 1185 1262 1232 his
1287 1187 1450 1234 verbis.
1517 1189 1690 1250 Ajacem
1711 1195 1965 1254 tragoediam
1975 1195 2152 1257 scripse-

45 1265 144 1313 rat,
176 1270 339 1316 eamque
364 1254 565 1316 quodstbi
586 1251 871 1315 displicniſjet,
904 1251 1128 1297 deleverat.
1196 1252 1346 1312 Postea
1367 1253 1546 1313 Lucius,
1574 1258 1724 1316 gravis
1746 1259 2052 1318 tragoediarum
2073 1276 2152 1306 au-

47 1324 156 1380 ftor,
191 1335 281 1365 eum
312 1320 616 1380 interrogavit,
649 1318 751 1378 qnid
782 1326 917 1380 ageret
948 1316 1070 1377 Ajax
1083 1315 1214 1379 suns:
1249 1319 1293 1362 in
1306 1316 1550 1379 spongiam,
1584 1323 1750 1381 inquit,
1782 1323 1979 1368 incubuit.
2015 1325 2152 1370 Prae-

45 1395 166 1449 terea
186 1382 361 1430 nobiles
387 1383 613 1447 piciores,
647 1395 700 1428 ut
721 1382 822 1428 sunt
845 1381 1018 1445 gemini
1041 1380 1249 1444 germani
1276 1383 1516 1444 poetarum
1533 1417 1548 1443 ,
1585 1383 1663 1443 (ἐς-ἰ
1685 1377 1735 1444 ᾧ
1760 1380 2018 1449 ζωγρβιφίω
2043 1389 2152 1445 min.

47 1455 108 1501 αἱς
127 1454 360 1503 vicennium,
382 1447 535 1504 πυίησις
559 1447 586 1514 5
604 1442 855 1511 ζωγρριφίω
877 1447 1076 1503 anengava)
1100 1447 1147 1492 in
1169 1461 1224 1492 eo
1248 1445 1290 1491 se
1310 1461 1584 1510 argumento
1609 1448 1805 1497 libenter
1827 1466 2156 1513 exercuerunt,

46 1509 223 1577 (irasque
249 1513 421 1560 tabulas
441 1514 493 1559 iis
519 1513 754 1559 coloribus
777 1511 1045 1557 inusserunt.
1111 1511 1419 1558 Timanthem
1445 1511 1491 1558 &
1517 1513 1803 1561 Parrhasium
1830 1517 2000 1575 testor,
2035 1534 2151 1580 quo-

46 1582 144 1639 rum
170 1578 278 1637 hic,
314 1579 466 1637 Sami,
501 1578 677 1641 magnis
700 1575 952 1639 suffragiis,
985 1589 1040 1623 ut
1064 1576 1240 1623 Plinius
1264 1576 1498 1639 loquitur,
1535 1577 1590 1623 ab
1614 1579 1695 1625 illo
1711 1614 1726 1637 ,
1761 1580 1808 1627 in
1832 1583 1974 1646 Ajace
1999 1598 2149 1628 armo-

45 1638 236 1706 rumque
253 1643 432 1706 judicio
456 1642 715 1706 superatus,
753 1641 903 1687 herois
924 1642 1142 1700 nomine,
1179 1641 1221 1687 se
1246 1642 1436 1687 moleste
1457 1642 1573 1688 ferre
1597 1643 1808 1704 dicebat,
1831 1646 1957 1707 quod
1983 1647 2150 1694 iterum

44 1706 100 1756 ab
124 1707 320 1772 indigno
346 1707 494 1756 vietus
515 1706 638 1753 effer.
706 1707 870 1769 Itaque
890 1707 935 1752 in
960 1721 1015 1752 eo
1039 1707 1242 1752 carmine
1264 1721 1349 1752 nec
1374 1722 1513 1769 opera
1539 1723 1636 1753 mea
1661 1724 1745 1755 nec
1766 1710 1912 1756 vestra
1944 1710 2151 1758 ludetur:

45 1786 127 1818 nec
154 1772 185 1819 fi
211 1774 403 1836 propior
426 1772 562 1836 stylus
587 1772 665 1818 hic
688 1787 824 1834 quam
852 1771 1116 1829 cothurno,
1149 1771 1280 1818 vobis
1302 1771 1439 1817 vilior
1463 1770 1729 1819 habebitur:
1766 1773 1849 1820 nisi
1870 1775 1993 1821 forte
2012 1775 2150 1838 quos-.-

41 1834 142 1883 dam
171 1838 227 1884 ab
251 1838 415 1885 Ovidii
439 1836 635 1884 lectione
657 1835 847 1892 abducit
872 1837 1069 1883 Senecae
1084 1835 1385 1897 Philosophi,
1400 1835 1448 1882 &
1472 1835 1602 1882 Fabii
1626 1837 1852 1884 Rhetoris
1873 1839 2118 1886 auetoritas
2133 1874 2152 1899 ‚

40 1902 119 1964 qui
143 1901 320 1948 Ovidio
343 1919 437 1948 non
461 1902 660 1947 multum
683 1900 925 1957 tribuunt,
962 1899 1053 1946 five
1077 1900 1232 1962 potius
1253 1900 1504 1963 plurimum
1533 1900 1797 1948 detrahunt.
1831 1902 1976 1949 Fabio
2000 1905 2154 1966 prius,

41 1965 267 2027 posterius
299 1966 495 2013 Senecae
528 1964 829 2027 respondebo.
897 1963 1066 2010 Fabius
1089 1966 1138 2009 in
1172 1964 1292 2009 libro
1325 1964 1508 2009 decimo
1545 1965 1893 2012 Institutionum
1929 1963 2151 2014 oratoria.-

42 2045 172 2088 rum,
207 2030 358 2094 capite
383 2031 565 2093 primo,
602 2029 683 2075 ubi
708 2028 765 2073 de
789 2029 835 2074 vi
863 2028 912 2073 &
943 2026 1161 2074 facultate
1192 2030 1435 2089 poetarum
1467 2028 1705 2092 utriusque
1736 2029 1918 2093 linguae
1950 2031 2156 2091 differiti,

41 2093 105 2140 ita
125 2095 181 2140 de
201 2094 381 2141 Ovidio
405 2094 691 2158 pronuntiat.
758 2092 964 2154 Lascivus
987 2095 1029 2138 in
1047 2093 1217 2138 heroicis
1245 2108 1422 2154 qnoque,
1458 2093 1669 2151 Ovidius,
1705 2094 1759 2145 ὃ
1780 2098 1952 2142 nimium
1986 2107 2151 2143 amator

39 2159 282 2222 ingenii—fni.
352 2159 402 2205 N
412 2175 464 2205 ec
489 2157 655 2221 procul
677 2157 814 2204 hinc:
852 2158 1037 2203 Ovidius
1059 2167 1227 2218 utroque
1262 2154 1438 2217 (Tibullo
1464 2157 1517 2208 ὃ
1541 2157 1779 2218 Propertio)
1813 2160 2019 2221 lascivior.
2075 2161 2155 2208 Ac

39 2223 177 2287 paulo
200 2222 316 2287 post.
351 2223 506 2270 Ovidii
530 2223 687 2270 M'edw
723 2221 788 2283 (id
812 2221 1075 2285 tragoediae
1098 2222 1288 2276 nomen)
1323 2222 1494 2268 videtur
1514 2222 1620 2267 inihi
1638 2223 1835 2282 ostendere
1856 2235 2056 2285 qnantum
2080 2228 2153 2271 vir

39 2290 106 2335 ille
118 2288 329 2349 praestare
340 2290 549 2349 potuerit,
572 2291 612 2350 si
634 2297 862 2346 temperare
892 2288 1044 2348 ingenio
1063 2286 1143 2347 sno
1168 2301 1290 2346 qnam
1324 2286 1529 2348 indulgere
1559 2288 1777 2347 maluiffet.
1847 2290 1989 2335 Amat
2021 2289 2153 2352 inge-

40 2353 168 2399 nium
180 2347 319 2399 ‘suum
344 2351 569 2400 Ovidius:
607 2366 830 2413 magnum
862 2350 1068 2409 crimen,
1105 2349 1153 2396 &
1173 2349 1227 2395 ad
1254 2349 1456 2396 tribunal
1479 2351 1538 2396 L.
1565 2350 1704 2398 Casfii
1733 2351 2000 2415 quaesitoris
2023 2353 2152 2399 defe-

41 2416 266 2464 rendum?
302 2418 483 2464 Mirum
511 2417 558 2463 ni
586 2415 764 2462 oderit:
801 2430 931 2461 more
958 2414 1202 2460 hominum
1237 2413 1378 2473 facit,
1415 2414 1463 2460 &
1488 2416 1733 2478 praecipue
1767 2418 2040 2479 po‘e'tarum,
2072 2419 2149 2480 qui

0 2535 3 2540 .
41 2477 199 2528 'omnes
223 2479 402 2529 Suffeni
423 2481 525 2528 sunt
553 2481 600 2527 &
626 2480 831 2542 Aquinii.
902 2479 1119 2542 Indulget
1142 2479 1342 2526 Ovidius
1367 2480 1556 2542 ingenio
1578 2480 1656 2526 suo
1672 2498 1687 2527 ε·
1718 2480 1959 2528 advectum
1985 2483 2154 2541 credo,

40 2545 104 2592 est
127 2546 298 2610 aliquid
322 2562 381 2593 ex
407 2546 568 2593 Africa
591 2546 728 2593 novi:
764 2561 819 2590 an
844 2543 876 2590 fi
898 2545 1038 2607 genio
1074 2543 1153 2590 suo
1189 2542 1480 2607 indulgeret,
1513 2542 1662 2608 sapere
1693 2546 1945 2592 multorum
1970 2546 2150 2609 judicio

40 2609 294 2671 diceretur,
328 2611 459 2658 Fabii
481 2610 702 2658 sententia
725 2608 907 2656 dicetur
930 2607 1121 2655 insanire
1145 2607 1269 2669 quod
1294 2608 1375 2654 suo
1409 2608 1619 2672 indulget
1645 2610 1866 2674 ingenio?
1900 2612 2042 2657 Bonis
2065 2627 2152 2656 no-

0 2672 1 2695 ³
41 2675 138 2721 stris
157 2675 398 2740 benignius
423 2675 473 2723 &
492 2674 749 2734 liberalius,
781 2675 896 2720 citra
921 2672 1351 2736 reprehensionem,
1385 2673 1513 2719 nobis
1537 2674 1606 2720 uti
1630 2675 1920 2722 conceditur.
1958 2675 2149 2722 Nostris

39 2739 263 2803 ingeniis,
296 2753 511 2804 tanqu-am
533 2741 686 2803 equis,
719 2755 814 2801 quo
840 2738 1027 2786 libitum
1050 2738 1115 2784 est
1147 2753 1348 2801 cumque
1374 2738 1617 2784 vehimur:
1651 2755 1958 2803 campumque
1981 2738 2028 2785 &
2046 2739 2146 2801 pla-

39 2804 200 2856 nitiem
223 2803 374 2863 uasti,
405 2822 499 2852 non
520 2819 613 2852 tam
635 2806 687 2851 iis
707 2804 977 2850 adducimus
998 2802 1220 2861 habenas,
1254 2818 1390 2865 quam
1414 2802 1615 2848 laxamus
1640 2803 1687 2850 ὃ(
1710 2805 2019 2850 immittimus.
2052 2804 2147 2850 La-

39 2866 170 2922 {civit
194 2868 422 2927 Ovidius,
455 2871 504 2916 ὃζ
523 2869 755 2928 luxuriat,
788 2869 882 2915 hoc
907 2884 998 2932 ego
1034 2868 1152 2914 laudi
1185 2868 1342 2926 duco,
1374 2866 1499 2929 quod
1522 2879 1576 2912 tu
1600 2869 1720 2915 vitio
1742 2869 1910 2915 vertis:
1943 2867 2067 2930 quod
2094 2881 2153 2915 tu*

43 2932 190 2980 obesse
213 2946 372 2997 putas,
409 2932 454 2978 id
478 2949 567 2996 ego
590 2932 797 2997 prodesse
819 2933 1266 2980 adolelCentulorum
1287 2930 1444 2978 studiis
1465 2931 1697 2979 existimo.
1735 2933 1806 2980 ,Et
1829 2948 1939 2979 vero
1966 2933 2148 2996 pervin-

43 3012 138 3053 cam
155 3014 236 3056 ‚eo
263 2999 295 3046 fi
317 3011 545 3045 certemus
562 2998 741 3060 judice,
766 3013 901 3059 quem
924 3012 977 3045 tu
1001 2999 1210 3061 iniquum
1226 2998 1402 3061 vejerare
1427 3013 1520 3043 non
1544 2998 1717 3045 audeas.
1754 2999 1805 3045 V
1799 2997 2048 3058 olo,inquit
2070 2999 2147 3043 M.

43 3058 229 3109 Tullius
254 3065 301 3110 in
326 3063 445 3110 libro
472 3063 670 3110 secundo
693 3061 749 3107 de
771 3062 1003 3122 Oratore,
1023 3065 1072 3127 se
1095 3063 1247 3125 efferat
1268 3065 1312 3109 in
1334 3062 1576 3124 adolescente
1591 3063 1866 3124 foecunditas„
1933 3064 2056 3109 Nom
2066 3061 2146 3123 fa-

41 3129 184 3187 cilius,
206 3132 316 3189 sicut
340 3133 384 3176 in
406 3131 590 3186 vitibus,
626 3138 995 3190 revocanturqicae
1003 3129 1052 3193 se
1070 3132 1246 3176 nimium
1261 3127 1562 3189 profuderunt,
1597 3144 1722 3190 quarn
1734 3132 1777 3190 st
1798 3128 1907 3174 nihil
1922 3129 2037 3172 valet
2056 3141 2146 3171 ma-

40 3194 157 3253 teries
170 3224 191 3252 2
216 3208 326 3244 nova
336 3194 557 3260 stirmenta
579 3197 745 3244 cultura
768 3195 1030 3245 excitantur:
1063 3197 1128 3244 ita
1149 3196 1242 3244 volo
1266 3195 1340 3258 effe
1365 3196 1408 3241 in
1426 3191 1667 3257 adolescente
1692 3195 1797 3243 unde
1823 3193 1986 3255 aliquid
2000 3203 2149 3248 ampo-2

951 3286 956 3290 -
2048 3264 2154 3301 tenem
