2547 3708
377 128 2384 390 ”SDEDICATIONES

455 442 2402 681 PRAEFAE'}IONES·

711 746 909 811 Aldus
941 750 1006 810 in
1024 745 1383 812 Editionem
1413 749 1562 809 MD
1585 748 1670 810 ΙΙ.
1711 765 1850 810 ante
1882 747 2079 812 Tom.
2112 753 2158 815 Ι.

421 894 811 957 ALDUS
886 892 1159 957 RO‘M.
1235 893 1718 957 MARINO
1825 896 2454 978 SANNUTO,'

804 995 1275 1045 LEoNARDI
1311 994 1466 1054 Filio,
1500 991 1737 1042 Ordinurn
1770 992 1977 1056 sapienti
2013 996 2060 1042 s.
2546 1000 2547 1005 ¹

525 1200 542 1219 ,,
709 1160 792 1209 Ide
813 1176 981 1226 quanta
1014 1164 1062 1210 in
1092 1175 1138 1210 te
1165 1161 1219 1209 fit
1252 1160 1472 1220 suavitas,
1507 1161 1571 1207 mi
1596 1159 1804 1220 Marine,
1837 1160 2052 1225 equidem
2087 1173 2242 1211 tecum
2276 1164 2392 1226 esse,
2425 1165 2496 1214 tedv
2544 1155 2547 1200 ἦ

525 1222 532 1243 τ
566 1277 580 1283 ἵ
602 1276 604 1278 ¹
624 1242 674 1273 ’t‘
709 1243 817 1273 cum
842 1229 995 1276 Vivere
1017 1227 1191 1293 semper
1218 1227 1385 1284 velim3
1423 1225 1571 1284 Quod
1598 1226 1703 1288 quia
1733 1241 1828 1272 non
1851 1225 1960 1273 lieet
1975 1248 1991 1283 3
2028 1230 2238 1275 maximis
2262 1229 2494 1295 utriusque
2544 1219 2547 1284 ff

466 1340 478 1361 x
535 1302 570 1342 ’ἰ
660 1315 680 1331 ¹
710 1292 915 1340 nostrum
941 1291 1356 1357 occupationibus,
1392 1292 1502 1338 meis
1525 1291 1712 1354 quidem
1737 1291 1785 1336 in
1808 1306 1903 1354 rep.
1931 1292 2159 1352 literaria,
2194 1295 2284 1342 tuis
2308 1311 2419 1343 vero
2442 1297 2497 1345 in.
2538 1285 2547 1362 l

398 1362 404 1370 ⁴
461 1366 473 1373 ·
530 1358 581 1399 'tr
622 1360 681 1416 ’ξύ
708 1357 884 1420 inclyta
915 1359 1002 1405 hac
1040 1374 1138 1421 rep.
1173 1358 1383 1415 Veneta,
1416 1358 1464 1402 in
1501 1372 1589 1419 qua
1623 1371 1679 1402 ne
1710 1355 1872 1402 horam
1906 1356 2092 1419 quidem
2123 1374 2282 1406 vacare
2312 1373 2446 1425 potes
2468 1362 2498 1409 a*
2537 1366 2547 1406 ⁴2

592 1413 639 1433 '²²
711 1422 978 1470 muneribus
1002 1422 1228 1486 publicis:
1265 1438 1370 1468 nam
1395 1420 1588 1469 Verona
1621 1420 1825 1480 rediens,
1862 1420 1943 1467 ubi
1976 1420 2151 1469 summa
2185 1440 2293 1470 cum
2330 1424 2494 1486 laude,
2543 1409 2547 1442 ¹

371 1485 634 1550 summaque
659 1488 833 1533 civium
866 1489 1077 1535 omnium
1112 1485 1437 1534 benevolentia
1471 1484 1757 1549 quaestorem
1793 1485 1929 1549 egisti
1953 1520 1969 1546 ,
2015 1486 2168 1534 statim
2205 1489 2493 1552 magistratus
2536 1505 2540 1520 ⁸

371 1566 553 1599 creatus
580 1567 639 1598 es.
677 1551 802 1608 Quia
824 1553 970 1616 igitur
997 1566 1154 1600 tecum
1186 1552 1273 1599 effe
1306 1568 1401 1598 non
1433 1551 1573 1610 licet,
1607 1551 1728 1597 solor
1749 1549 2022 1598 desiderium
2049 1554 2121 1600 tui
2146 1553 2411 1618 hujusmodi
2436 1554 2494 1602 ad'
2536 1602 2537 1612 ,

371 1630 419 1663 te
436 1616 671 1682 Epistolis.
709 1630 761 1664 ut
784 1632 874 1664 una
898 1634 1007 1666 cum
1031 1617 1154 1665 hisce
1178 1616 1446 1664 enchiridiis
1475 1615 1558 1663 sim
1581 1628 1738 1663 tecum
1754 1648 1770 1676 ‚
1806 1614 1889 1663 fim
1914 1615 2001 1663 tibi
2026 1616 2076 1665 in
2096 1617 2322 1666 manibus,
2357 1619 2496 1684 Vale.»
2534 1680 2535 1683 Ἴ

1243 1745 1353 1795 Post
1373 1744 1617 1810 Epistoias.

793 1868 1263 1931 ALDUS
1363 1861 2067 1931 ROMANIS.

455 2020 633 2067 Abinus
666 2020 812 2067 Poeta
837 2018 1001 2068 Ovidii
1026 2018 1314 2084 temporibus
1336 2018 1513 2083 scripsit
1533 2017 1776 2081 epistolas,
1811 2018 1977 2084 quibus
2000 2020 2182 2085 Ulyffes
2206 2011 2501 2087 Penelopae*¹
2531 2013 2534 2023 ’

476 2085 770 2148 Hippolytus
807 2084 1067 2144 Phaedrae,
1103 2088 1275 2131 Aeneas
1308 2083 1520 2143 Didoni,
1555 2084 1852 2148 Demophon
1882 2085 2115 2148 Phyllidi,
2145 2086 2284 2148 Jason
2316 2088 2492 2152 Hypfi-

368 2150 490 2212 pilae
514 2183 531 2208 ,
579 2150 744 2196 Phaon
769 2150 976 2213 Saphoni
1008 2149 1298 2213 respondent.
1368 2148 1459 2196 Sed
1494 2164 1590 2195 non
1622 2161 1798 2196 extant.
1869 2149 2000 2197 Nam
2037 2164 2126 2198 tres
2163 2152 2245 2198 hae
2278 2167 2392 2215 quae
2412 2153 2491 2200 ha·

372 2214 544 2261 bentur
565 2247 580 2271 ,
616 2213 731 2259 mihi
769 2230 864 2261 non
891 2212 1034 2260 modo
1072 2231 1167 2262 non
1188 2213 1407 2260 videntur
1431 2212 1617 2270 Sabini,
1651 2212 1724 2259 sed
1750 2228 1808 2259 ne
1840 2213 2107 2262 excellentis
2133 2216 2320 2279 quidem
2344 2215 2492 2282 cujus·
2529 2214 2532 2258 Ψ

370 2295 507 2342 quam
527 2280 728 2326 Poetae:
765 2279 911 2325 immo
937 2291 1158 2338 centum,
1192 2278 1243 2324 δί
1272 2289 1473 2340 quatuor
1504 2276 1656 2323 versus
1688 2277 1737 2323 in
1773 2277 1967 2340 epistola
1987 2279 2162 2327 Paridis
2182 2281 2237 2328 ad
2262 2281 2490 2329 Helenam

375 2342 432 2390 ab
464 2360 520 2390 eo
555 2341 716 2400 versu,
753 2346 847 2390 Nec
881 2354 1021 2390 tamen
1053 2343 1108 2405 est
1139 2345 1324 2401 mirum,
1358 2340 1499 2404 usque
1523 2340 1578 2386 ad
1612 2339 1772 2401 illum,
1807 2344 1953 2390 Credis
1987 2344 2041 2396 &⁹
2062 2345 2136 2392 hoc
2160 2348 2298 2406 nobis,
2332 2346 2490 2394 censeo
2534 2354 2547 2404 ξ

372 2424 470 2455 non
492 2408 577 2455 effe
599 2406 780 2455 Ovidii.
823 2406 926 2454 sunt
946 2408 1068 2454 enim
1090 2407 1222 2464 duri,
1255 2421 1341 2452 nec
1369 2405 1500 2469 digni
1519 2404 1679 2452 divino
1706 2404 1910 2454 Nasonis
1932 2408 2138 2472 ingenio.
2206 2411 2338 2459 Tum
2362 2410 2396 2459 fi
2418 2412 2490 2459 O-
2534 2407 2547 2464 l

372 2472 487 2521 vidii
509 2473 573 2518 illi
598 2473 766 2531 essent,
803 2488 898 2518 non
923 2471 1042 2518 idem
1069 2472 1115 2516 in
1136 2470 1292 2517 eadem
1315 2470 1506 2533 epistola
1526 2470 1756 2533 repetiffet
1778 2471 1849 2519 his
1870 2472 2102 2536 versibus,
2487 2466 2492 2472 ¹

510 2540 615 2584 Cum
632 2538 683 2585 V
676 2553 772 2583 enus
797 2537 851 2588 δέ
878 2537 1022 2596 Jano,
1056 2537 1286 2598 Pallasque
1307 2538 1352 2583 in
1372 2537 1556 2582 vallibus
1579 2536 1683 2582 Idae

573 2605 754 2662 Corpora
764 2602 926 2661 jndicio
940 2599 1181 2664 sappofitere
1202 2617 1299 2647 meo.

378 2667 522 2714 Erant
548 2678 779 2729 praeterea
806 2665 855 2712 &
876 2665 950 2711 alii
973 2665 1068 2713 duo
1091 2663 1241 2711 statim
1267 2664 1371 2727 post
1397 2665 1530 2713 illum
1553 2664 1731 2715 versum

510 2732 594 2778 Sed
615 2731 824 2791 Nymphis
848 2733 974 2776 etiam
1002 2745 1177 2793 curaque
1204 2746 1400 2793 amorque
1411 2731 1498 2792 fni.

378 2811 493 2858 quos
517 2811 606 2857 ego
630 2793 861 2853 subtraxi,
896 2808 997 2841 tum
1020 2796 1124 2857 quia
1146 2794 1326 2841 nullum
1351 2796 1543 2843 omnino
1568 2795 1738 2844 habent
1759 2795 1930 2845 sensum
1945 2832 1961 2858 ,
1983 2810 2083 2847 turn
2110 2800 2247 2847 etiam
2272 2794 2378 2864 quia
2401 2799 2491 2849 fine
2522 2851 2523 2854 ,

380 2860 467 2907 illis
492 2861 710 2906 cohaeret
735 2860 935 2905 materia.
971 2859 1019 2905 hi
1045 2875 1153 2906 vero
1177 2858 1295 2906 sunt.

508 2923 772 2990 Qtassuper
790 2925 980 2970 Oenonen
989 2923 1146 2984 faciem
1170 2935 1357 2972 mutarer
1378 2929 1420 2972 in
1448 2929 1607 2986 orbem,

576 2990 669 3035 Nec
691 2990 868 3034 Priamo
890 2988 943 3048 est
963 2989 1022 3034 ad
1042 2999 1081 3033 te
1101 2990 1261 3050 dignior
1281 2993 1368 3037 alla
1394 3008 1534 3039 naras.
2520 2993 2522 3050 ἒ

379 3052 694 3165 Ovidiulglips}
714 3052 770 3100 de
794 3052 965 3101 Sabino
999 3052 1110 3099 haec
1145 3052 1194 3098 in
1217 3054 1337 3102 libro
1361 3055 1427 3102 ΙΙ.
1453 3056 1651 3121 Elegiar.
1686 3058 1835 3123 ,Quam
1858 3062 1960 3107 cito:
1999 3057 2090 3104 ἃς.
2137 3055 2298 3123 Usque
2328 3060 2384 3108 ad
2415 3060 2487 3107 dat
2520 3063 2521 3076 ¹

379 3128 522 3165 votam
600 3135 667 3164 oae
696 3134 716 3164 o
2519 3155 2520 3171 ἢ

380 3184 510 3231 Idem
535 3183 589 3230 de
612 3184 769 3232 Ponto
792 3182 915 3232 libro
944 3183 1037 3234 IV.
1070 3183 1121 3230 in
1142 3181 1321 3234 invidos

2425 3250 2491 3302 Et
2518 3290 2519 3303 2
