2547 3708
367 142 452 185 “16
1189 120 1705 173 1²00V1D11

563 217 781 262 Materiam
798 216 973 276 quaeris?
1001 214 1130 256 landes
1149 214 1194 256 de
1210 214 1374 267 Caesare
1389 213 1497 268 dixi,

616 275 763 328 Adjutcz
781 273 831 325 est
853 271 1001 311 novitas
1021 269 1176 309 numine
1196 268 1318 322 nostra
1338 265 1431 310 Dei.

562 327 673 368 Nam
685 328 812 382 patris
834 324 996 378 Augusti
1015 323 1123 363 docui
1144 320 1302 362 mortale
1312 321 1429 372 fusff'e

613 381 779 434 Corpus,
809 378 861 418 αλ
877 376 1062 416 aetherias
1083 390 1223 416 numen
1243 373 1354 426 abff’
1371 372 1508 411 domos.

558 432 646 487 Effe
660 444 793 488 parem
813 431 960 470 virtute
973 431 1103 484 patri,
1131 430 1199 482 qui
1208 429 1326 479 frena
1344 435 1498 479 rogatus

610 487 725 539 Saepe
743 483 904 535 recufhti
923 483 1063 537 ceperit
1082 482 1246 537 imperii.

556 538 646 592 Eſje
659 538 888 594 pudicarum
905 536 1056 588 Vestam
1077 547 1136 587 te,
1164 533 1310 583 Livia,
1338 541 1531 573 matrum:

608 591 843 645 Ambiguum
864 600 951 629 nato
972 590 1143 643 dignior,
1168 600 1265 627 anne
1285 585 1381 625 viro.

552 644 642 698 Effe
661 644 750 684 duos
757 646 919 697 juvenes
928 642 1051 694 firma
1069 641 1292 693 adjumenta
1304 638 1501 693 parentis,

606 698 686 754 Qui
703 697 877 737 dederint
899 695 1020 735 animi
1037 696 1197 749 pignora
1214 702 1318 733 certa
1331 692 1406 742 sui.

548 750 658 791 Haec
679 751 744 790 ubi
762 765 834 789 non
847 749 982 804 patria
991 749 1141 803 perlegi
1148 747 1229 799 firi
1254 756 1296 787 ta
1318 746 1534 796 Carmena,

600 804 717 845 Venit
739 803 791 850 ξς)
813 804 865 843 ad
881 802 1016 857 digitos
1033 802 1172 842 ultima
1192 816 1211 840 c
1238 810 1326 847 arta
1347 811 1465 839 meos:

544 855 604 896 Et
623 868 758 912 caput,
787 856 840 903 ἃς)
854 855 988 910 plenas
1008 870 1131 895 omnes
1151 868 1302 894 movere
1315 852 1541 907 pharetras,

601 909 659 950 Et
682 910 833 965 longum
852 909 982 950 Getico
1001 923 1181 950 murmur
1199 908 1240 949 in
1261 921 1322 947 ore
1331 905 1431 957 fuit.

542 963 672 1018 Atque
690 966 849 1016 aliquis,
878 963 1027 1003 Scribas
1046 963 1136 1003 haec
1154 976 1241 1002 cum
1262 961 1308 1001 de
1330 958 1515 1011 Caesare,
1545 955 1672 1008 dixit,

592 1018 776 1069 Caeflzris
796 1017 952 1070 imperio
976 1016 1227 1068 restituendus
1247 1027 1345 1054 eras.

368 1067 436 1110 De
473 1069 643 1121 piscibus
664 1083 766 1123 opus
786 1083 873 1113 non
894 1070 1073 1123 perfecit.
1098 1069 1150 1110 de
1168 1068 1312 1120 quibus
1332 1067 1466 1120 postea
1488 1064 1724 1118 OppianuS,
1756 1062 1958 1106 Ovidium
1977 1064 2179 1119 imitatus,
2210 1066 2368 1110 Graece
2387 1067 2482 1111 scri·
2544 1075 2547 1078 ⁴

365 1122 437 1174 plit
458 1124 506 1164 ad
528 1125 791 1166 Antoninum
814 1124 1113 1176 imperatorem.
1170 1121 1335 1164 Exstant
1358 1129 1559 1173 praeterea
1578 1120 1709 1159 multa
1731 1118 1929 1170 opuscula
1949 1118 2018 1168 sub
2039 1119 2157 1172 hujus
2180 1123 2320 1174 poetae
2345 1124 2481 1164 nomi·
2506 1159 2509 1165 .

363 1187 436 1226 ne,
468 1186 510 1217 ut
530 1177 578 1218 de
599 1176 728 1218 Nuce
749 1178 787 1219 ὅς
808 1177 1088 1219 Medicamine
1111 1175 1248 1228 faciei,
1276 1188 1324 1216 ac
1352 1174 1536 1221 aurium,
1563 1172 1614 1212 de
1645 1171 1808 1223 Pulice,
1837 1172 1888 1212 de
1918 1172 2105 1224 Somno,
2135 1174 2185 1214 de
2206 1176 2397 1227 (lucum,
2427 1177 2478 1218 de
2545 1218 2547 1220 ,

363 1229 550 1282 Aurora,
582 1231 630 1272 de
652 1231 902 1281 Philomela,
929 1231 978 1271 de
1002 1229 1196 1282 Limace,
1225 1231 1275 1271 de
1299 1227 1476 1278 Vetula,
1506 1227 1556 1267 de
1574 1225 1766 1278 Quatuor
1799 1226 2055 1278 humoribus,
2085 1226 2135 1267 de
2161 1227 2284 1269 Ludo
2316 1231 2469 1271 latrun-
2546 1224 2547 1228 ’

362 1284 570 1325 culorum.
604 1297 706 1336 quae
741 1285 904 1335 omnia,
933 1295 1211 1336 praeterquam
1242 1284 1291 1324 de
1313 1280 1442 1322 Nuce
1474 1280 1513 1321 ὅ(
1533 1280 1582 1320 de
1605 1278 1886 1320 Medicamine
1907 1279 2046 1330 faciei,
2077 1292 2180 1331 quae
2195 1282 2361 1323 fortasse
2377 1295 2476 1335 puer

365 1337 623 1389 composuit,
654 1337 822 1379 ridicula
850 1338 943 1378 sunt
958 1369 969 1389 ,
1004 1350 1081 1377 nec
1100 1337 1241 1391 digna,
1267 1344 1311 1377 ut
1332 1335 1471 1375 divino
1495 1332 1675 1375 Nasonis
1696 1333 1858 1386 ingenio
1873 1364 1885 1384 ‚
1917 1346 2001 1373 non
2018 1334 2181 1384 juvenis
2199 1336 2350 1386 modo,
2376 1337 2469 1378 viri-

360 1401 429 1440 ve,
461 1389 526 1430 sed
556 1403 608 1431 ne
645 1392 754 1443 pueri
784 1391 949 1444 quidem
978 1391 1256 1433 attribuantur.
1311 1388 1540 1440 Desperans
1571 1386 1735 1427 tandem
1766 1385 1816 1426 ad
1847 1387 1988 1431 urbem
2018 1385 2192 1432 reditum
2216 1389 2427 1443 impetrare
2451 1390 2472 1432 ’ἐι

358 1442 550 1495 Caesare,
582 1445 635 1485 fic
657 1445 706 1486 ad
728 1458 900 1486 uxorem
925 1457 1016 1485 111.
1037 1445 1103 1484 lib.
1131 1443 1198 1484 De
1219 1442 1344 1484 Trist.
1369 1445 1472 1495 eleg.
1501 1453 1587 1481 111.
1609 1439 1778 1493 scripsit:
1873 1442 1875 1444 ’

536 1495 623 1550 Offiz
643 1509 772 1539 tamen
785 1498 906 1549 facito
920 1509 1049 1554 parva
1070 1497 1287 1548 referantur
1305 1497 1346 1535 in
1366 1508 1489 1546 urna;

586 1552 647 1591 Sic
667 1567 729 1606 ego
747 1568 818 1592 non
841 1555 959 1594 etiam
982 1561 1154 1592 mortuus
1174 1549 1286 1600 exsul
1303 1564 1376 1590 ero.

531 1604 626 1645 Non
643 1616 751 1646 vetat
769 1607 833 1646 hoc
853 1606 1072 1661 quisquam:
1092 1605 1264 1656 fratrem
1280 1599 1459 1644 Thebana
1471 1612 1711 1658 peremptum

587 1659 784 1714 Supposuit
802 1658 947 1700 tumulo
967 1671 1053 1713 rege
1071 1668 1227 1699 vetante
1237 1659 1359 1709 sbror.
2545 1694 2547 1715 A

523 1711 651 1768 Atque
670 1727 713 1752 ea
737 1727 824 1754 cum
833 1712 961 1765 foliis,
991 1711 1044 1759 &²
1065 1713 1205 1752 amomi
1215 1711 1380 1765 pulvere
1398 1710 1529 1763 misce,
1891 1757 1895 1760 q

585 1766 715 1819 Atque
722 1767 937 1817 suburbano
954 1766 1102 1806 condita
1122 1766 1230 1806 crede
1239 1764 1339 1817 fhloz
1376 1802 1378 1805 ,
2394 1792 2396 1794 -
2539 1762 2547 1811 ll

524 1818 699 1875 Quosque
716 1820 817 1876 legat
836 1820 966 1871 versus
985 1818 1086 1861 oculo
1102 1828 1327 1875 properante
1349 1819 1485 1859 viator.
1614 1863 1623 1873 .
1861 1820 1864 1821 ⁷
2540 1807 2547 1883 ἶ

580 1872 800 1914 Grandibm
819 1874 861 1914 in
882 1873 1026 1914 tumuli
1043 1887 1230 1914 marmore
1247 1873 1358 1913 caede
1378 1874 1487 1912 notis.
2544 1887 2547 1929 ἶ

527 1925 616 1966 Hic
637 1938 729 1968 EGO
750 1938 827 1978 er
848 1939 987 1969 1ACEO
1008 1937 1297 1968 TENERORVM
1322 1937 1473 1967 LVSOR
1498 1935 1727 1977 AMORVM,
2544 1963 2547 1980 ,

581 1979 771 2021 INGENJO
803 1993 923 2022 PERu
949 1991 1068 2022 NAso
1101 1992 1253 2021 POETA
1276 1991 1384 2020 MEO.

519 2031 575 2071 At
595 2033 667 2073 tibi
685 2035 753 2088 qui
771 2033 928 2085 tranfis‚
957 2033 1092 2082 nonsit
1098 2047 1245 2086 grave,
1266 2078 1269 2080 ,
1299 2033 1438 2089 uisquis
1457 2032 1612 2082 amasti,

576 2084 738 2134 Dicere,
766 2087 930 2138 Nasonis
949 2085 1113 2126 molliter
1133 2088 1205 2141 offiz
1225 2046 1373 2127 calent.

346 2136 497 2179 Missus
527 2148 664 2178 autem
683 2140 757 2180 fuit
779 2140 818 2179 in
841 2141 1006 2180 exilium
1025 2152 1134 2180 anno
1158 2140 1311 2192 imperii
1336 2141 1502 2196 Augusti
1525 2137 1706 2183 secundo
1727 2137 1766 2178 ὅ(
1787 2138 2144 2190 quinquagesimo,
2176 2141 2239 2179 vel
2266 2140 2448 2186 circiter:

345 2191 489 2241 quinto
523 2200 658 2231 autem
680 2190 833 2233 Tiberii
854 2191 1007 2232 Tomis
1035 2192 1138 2243 apud
1159 2193 1285 2234 Getas
1309 2193 1419 2233 diem
1438 2194 1548 2235 obiit.
1573 2204 1620 2234 ex
1643 2203 1727 2242 quo
1749 2190 1956 2239 colligitur
1977 2191 2150 2232 exulaffe
2167 2205 2299 2235 annos
2329 2196 2451 2251 otto,

344 2244 382 2285 ὅ(
401 2244 557 2285 menses
574 2244 742 2297 aliquot.
797 2244 1013 2298 Sepultum
1031 2244 1153 2286 etiam
1171 2245 1287 2299 juxta
1305 2246 1500 2299 oppidum
1521 2246 1690 2287 Tomos
1709 2241 1827 2282 tradit
1847 2241 2054 2284 Eusebius.

944 2368 1000 2415 P.
1079 2365 1474 2415 OVIDII
1562 2361 1834 2413 VITA

637 2486 714 2534 Ex
738 2487 847 2534 Lilii
868 2487 987 2549 Greg.
1011 2487 1187 2546 Gyraldi
1213 2484 1268 2532 de
1293 2485 1546 2532 Poetarum
1572 2480 1781 2530 Historia
1807 2481 1959 2530 Libro
1980 2496 2160 2548 quarto.

341 2608 510 2712 PUb.
538 2611 710 2654 Ovidius
733 2612 874 2665 Naso,
904 2614 1073 2667 patriam
1103 2613 1236 2655 habuit
1258 2613 1526 2662 Sulmonem,
1555 2612 1715 2652 tertiam
1738 2611 2005 2666 Pelignorum
2036 2613 2253 2654 civitatem.
2311 2611 2448 2667 Nam,

376 2717 383 2725 .
440 2675 483 2705 ut
505 2677 552 2706 ex
578 2666 710 2708 Plinio
732 2669 986 2722 colligimus,
1002 2667 1157 2719 Peligni
1176 2667 1215 2707 in
1234 2666 1547 2719 Corvinienses,
1568 2665 1608 2706 in
1630 2664 1993 2720 Superaequanos,
2019 2666 2057 2708 &
2077 2665 2367 2711 Sulmonenses
2389 2670 2449 2711 di·

340 2717 469 2759 stineli
493 2719 609 2760 sunt:
640 2721 748 2762 unde
767 2722 868 2763 illud
888 2735 933 2763 ex
955 2722 1070 2774 iplius
1090 2721 1242 2762 Poetae
1260 2721 1420 2775 elegiis,

511 2772 584 2813 Me
597 2782 712 2827 pars,
737 2775 864 2815 Sulmo
884 2785 1006 2825 tenet,
1036 2774 1192 2830 Peligni
1207 2777 1324 2816 tertia
1343 2777 1466 2825 ruris3

417 2878 425 2887 ἱ
568 2826 729 2880 Parva,
749 2829 824 2880 sed
838 2828 994 2883 irriguis
1013 2843 1078 2868 ora
1086 2828 1251 2879 salubris
1271 2830 1393 2884 aquis.

367 2877 453 2939 ‘Lx
489 2879 630 2921 ordine
659 2883 825 2933 equestri
854 2882 951 2934 fuit,
981 2890 1025 2922 ut
1056 2882 1162 2923 idern
1191 2884 1368 2934 pluribus
1400 2881 1502 2923 locis
1534 2883 1717 2924 ostendit.
1775 2883 1945 2938 Ingenio
1968 2882 2063 2930 fuit,
2094 2892 2138 2924 ut
2159 2883 2256 2925 mihi
2278 2882 2443 2935 quidem

336 2932 515 2984 videtur,
545 2943 704 2995 parato,
733 2934 946 2987 facilique,
972 2934 1037 2992 sed
1059 2936 1126 2987 qui
1148 2935 1322 2976 nimium
1346 2936 1411 2977 fibi
1432 2937 1649 2988 aliquando
1670 2936 1892 2990 indulgeret
1910 2937 1982 2984 ;de
2003 2936 2119 2989 cujus
2142 2938 2220 2978 vita
2243 2936 2443 2987 quaedam

336 2994 495 3047 tantum
526 2988 680 3037 libab0‚
710 3000 814 3040 quae
836 3000 921 3029 non
940 2988 1163 3040 injucunda
1180 2988 1268 3030 fore
1289 2991 1469 3030 arbitror.
1527 2988 1621 3031 Fuit
1644 2990 1776 3042 itaque
1798 2989 1997 3040 Ovidius,
2029 3003 2125 3031 cum
2145 2990 2259 3030 omni
2285 2990 2366 3031 vita
2384 2999 2444 3030 at-

335 3050 414 3089 que
436 3038 544 3079 victu
568 3043 776 3092 excultus,
804 3053 924 3094 atque
944 3042 1172 3093 expolitu8‚
1202 3051 1290 3083 tum
1310 3044 1420 3084 tenui
1441 3043 1477 3083 &
1501 3043 1621 3084 vesco
1644 3057 1839 3099 corpore,
1871 3045 2082 3097 nervisque
2099 3042 2336 3095 comparem.
2392 3042 2441 3084 Id
2477 3043 2480 3048 ’
2530 3047 2531 3059 ’

335 3091 448 3143 quod
467 3095 528 3133 vel
553 3106 599 3134 ex
622 3096 707 3146 ejus
730 3096 845 3148 ipfius
867 3094 1004 3137 Ovidii
1024 3095 1202 3138 carmine
1220 3095 1363 3148 liquet,
1398 3109 1495 3140 cum
1516 3096 1592 3139 ait:

509 3146 705 3201 Pondere,
730 3163 802 3191 non
819 3150 950 3243 nervii
959 3178 970 3197 ‚
994 3149 1283 3244 corporabmstra
1301 3161 1441 3192 carent.

955 3212 1038 3243 tem
1090 3203 1142 3244 ali
1173 3203 1205 3244 i:

509 3254 685 3312 Aptaque
690 3256 875 3311 fiebduc‘i‘o
890 3234 1243 3312 pondere’membra
1260 3254 1373 3300 dedit·
2285 3254 2437 3309 Suopte
