2547 3708
248 146 312 184 η
668 114 2025 176 PROLEGOMENA.

254 251 390 304 tium
415 244 492 301 est
532 257 772 302 veterem
809 242 1242 298 Grammaticum
1278 241 1463 297 audire
1492 281 1507 304 ,
1556 243 1649 314 qui
1687 240 1816 295 teste
1857 243 2051 298 Coelio
2077 244 2394 319 Rhodigino

257 321 548 393 Antiquar.
576 319 810 373 Lection.
838 317 924 371 lib.
957 334 1034 382 ¹3-
1063 330 1172 388 cap.
1204 334 1245 370 1.
1313 315 1613 368 Corvinum
1641 313 1743 367 efle
1784 316 2021 383 prodidit
2049 358 2062 379 ‚
2113 337 2272 389 quem
2312 323 2399 376 hic

257 394 401 451 Naso
422 393 520 448 sale
549 393 602 446 &
634 390 797 444 resina
824 388 1106 443 confricat.
1183 389 1311 460 Ejus
1337 388 1496 443 verba
1525 388 1669 440 sunt:
1711 387 1861 440 Illud
1890 389 2054 443 obiter
2078 398 2401 460 annotarim,

261 470 316 522 in
344 466 562 520 Caecilii
601 463 901 517 Minatiani
930 462 1146 534 Apuleji
1171 463 1497 535 fragmentis
1533 461 1860 530 obfhrvatum
1886 500 1900 522 ,
1938 466 2088 516 annis
2110 467 2311 536 septem
2349 471 2405 523 in

262 541 422 595 exilio
450 540 756 610 consumptis
771 537 1019 604 fimana
1059 539 1150 602 effe
1182 538 1299 604 fato
1340 534 1621 596 Ovidium,
1662 533 1770 605 ancl
1805 533 1886 586 die
1913 532 2067 588 Titus
2093 557 2285 609 quoque
2308 541 2406 595 Li-

263 617 389 667 vius
415 611 691 680 decefferit.
745 610 1017 664 §truttam
1042 609 1168 661 item
1194 608 1279 660 illi
1305 607 1339 660 a
1368 607 1631 660 Barbaris
1646 619 1749 677 per
1772 609 1964 659 multas
1999 611 2254 678 lacrymas
2277 628 2407 684 tym-

264 687 358 740 bon
384 697 506 737 ante
520 685 754 755 januam.
806 682 1016 735 Author
1042 682 1173 733 idem
1205 681 1546 735 Affinntianus
1573 680 1662 748 est,
1695 679 1978 733 Corvinum
2005 683 2068 735 ab
2095 684 2287 739 Ovidio
2314 701 2403 758 ap-

259 755 519 832 pellatam
539 758 687 825 fuiffle
716 755 832 809 Ibin
850 799 861 816 ‚
904 774 969 808 ex
1006 756 1129 807 avis
1140 753 1407 823 foeditate
1425 795 1437 815 ‚
1481 756 1563 806 cai
1588 767 1827 815 ventrem
1853 754 2009 817 rostro
2026 769 2261 829 purgare
2289 762 2402 827 inst.

268 845 379 886 tum
403 829 475 899 fit
499 868 514 892 ,
567 830 620 885 ἓξ
657 828 745 882 hoc
784 846 849 880 ex
881 826 1192 880 Callimachi
1232 828 1538 880 imitatione.
1615 826 1836 894 Pulfitm
1876 846 2070 899 quoque
2107 831 2160 883 in
2189 833 2410 886 exilium

269 904 405 978 quod
428 902 643 976 Augusti
669 901 906 969 incestum
929 901 1156 970 vidiffet.
1208 898 1365 953 Haec
1394 901 1511 963 ille,
1546 916 1775 972 quorum
1805 898 1935 952 fides
1968 901 2078 954 esto
2103 919 2265 972 penes
2297 907 2408 960 Au.

269 979 515 1037 thorem,
552 974 644 1045 qui
672 973 914 1027 nondum
943 974 1117 1027 lucem
1145 972 1307 1036 vidit,
1347 973 1545 1046 unique
1570 972 1764 1026 Coelio
1788 971 2104 1045 Rhodigino
2119 990 2276 1029 notus
2292 977 2413 1044 fuit,

270 1051 348 1105 uti
367 1050 471 1120 jam
499 1063 651 1100 antea
687 1046 1050 1117 pronuntiavit
1089 1046 1259 1099 Lilius
1285 1045 1556 1117 Gyraldus
1580 1046 1811 1118 ‘Dialogo
1838 1066 1885 1113 4.
1926 1046 1986 1098 de
2013 1047 2304 1101 Poetarum
2328 1051 2407 1105 [αἱ-

259 1123 438 1197 storia.
478 1121 566 1174 An
592 1121 887 1183 CorvinUS,
926 1119 1161 1192 quisquis
1185 1119 1270 1173 ille
1297 1119 1486 1183 fuerit,
1525 1119 1580 1173 in
1604 1118 1777 1190 Libya
1792 1131 1944 1174 natus
1968 1118 2070 1185 est,
2106 1120 2195 1176 ubi
2210 1122 2411 1179 scilicet

274 1196 388 1252 Ibin
413 1195 607 1250 natales
631 1192 863 1248 habuisse
891 1192 1125 1247 declarat
1153 1191 1382 1248 Ovidius
1403 1193 1457 1247 in
1484 1192 1589 1247 his:

572 1339 685 1418 Qui
711 1340 863 1408 fimul
879 1343 1112 1413 impurae
1134 1342 1328 1397 matris
1340 1343 1617 1414 prolapfi'ts
1644 1341 1709 1395 ab
1730 1342 1852 1396 alvo
1876 1341 1944 1411 est
1956 1378 1972 1405 ‚

546 1439 549 1441 ·
641 1413 943 1484 Cinyphiam
954 1414 1109 1485 foedo
1132 1427 1340 1489 corpore
1350 1415 1535 1488 preſjit
1562 1414 1781 1469 humum.

277 1564 412 1621 Item
440 1565 599 1633 verfit
625 1578 740 1635 513.
780 1562 870 1619 ubi
893 1562 1373 1637 Leaena8,quibus
1401 1562 1564 1617 scatet
1601 1562 1812 1625 Africa,
1833 1559 1995 1616 Ibidis
2022 1562 2300 1633 populares
2327 1580 2423 1619 vo-

279 1652 380 1693 cat.
456 1637 668 1693 Verum
705 1636 850 1690 enim
885 1654 1054 1702 vere,
1104 1636 1140 1691 fi
1176 1635 1513 1708 conjecturae
1551 1637 1702 1690 locus
1729 1635 1917 1696 detur,
1960 1634 2137 1688 dicam
2162 1636 2293 1707 quid
2316 1655 2423 1709 ego

278 1711 520 1771 senser0‚
563 1709 618 1762 &
647 1722 702 1763 ut
729 1708 870 1779 apud
899 1710 1147 1766 Plautum
1182 1710 1499 1773 TrachaliO,
1525 1710 1836 1781 promittam
1873 1709 2118 1779 capillum
2156 1710 2428 1779 incipiam-

278 1802 378 1856 que
413 1783 684 1837 hariolari.
760 1782 954 1855 Neque
989 1785 1132 1838 enim
1168 1782 1491 1855 Cymbalum
1525 1783 1653 1837 illud
1681 1780 1868 1835 mund-i
1898 1782 2205 1853 Appionem
2230 1781 2429 1838 Gram-

281 1857 536 1910 maticum
558 1854 878 1910 imitandum
902 1856 1032 1910 mihi
1059 1856 1343 1928 proposui,
1386 1856 1479 1928 qui
1507 1855 1637 1911 teste
1664 1854 1835 1908 Plinio
1865 1855 1953 1908 lib.
1972 1873 2053 1917 30·
2080 1867 2187 1927 cap.
2214 1876 2263 1910 2.
2303 1874 2432 1928 pro-

285 1928 453 1991 didit,
478 1929 531 1982 se
547 1927 787 1981 evocasse
804 1929 1015 1982 umbras
1042 1929 1108 1982 ad
1125 1928 1556 2000 percontandum
1582 1927 1891 1982 Homerum
1909 1967 1924 1991 ‚
1964 1944 2069 2000 qua
2087 1930 2251 1999 patria
2266 1967 2282 1990 ,
2309 1930 2431 2002 qui-

282 2001 447 2055 busve
474 2000 779 2072 parentibus
806 2002 1016 2070 genitus
1042 2000 1199 2064 effet,
1239 2019 1348 2056 non
1374 2016 1553 2055 tamen
1567 2001 1747 2054 ausum
1771 2000 2044 2069 profiteri,
2070 2001 2204 2082 quid·
2228 2001 2318 2054 fibi
2347 2020 2430 2056 re-

284 2072 587 2144 spondiffet.
658 2072 788 2126 Non
813 2072 1118 2143 Georgium
1148 2074 1490 2143 joachimum
1530 2072 1856 2135 Rheticum,
1890 2070 2182 2138 Copermci
2207 2071 2435 2144 discipu-

286 2147 425 2209 lum,
465 2162 627 2218 quem
653 2144 863 2206 ferunt,
901 2144 1032 2198 dum
1068 2146 1123 2197 in
1160 2159 1313 2196 motu
1358 2145 1552 2196 Martis
1576 2145 1814 2195 haereret
1844 2142 2218 2205 mirabunduS,
2255 2162 2438 2219 neque

287 2218 340 2274 se
369 2221 686 2289 explicaret,
709 2216 792 2283 (ad
823 2216 989 2271 Genii
1013 2216 1278 2270 familiaris
1293 2213 1585 2269 Oraculum
1611 2213 1936 2284 confugisse:
1981 2216 2165 2287 Atque
2194 2216 2319 2271 hinc
2342 2236 2436 2275 ex-

288 2291 584 2359 asperatum
607 2289 889 2343 Daemona
916 2287 1251 2343 sciscitatoris
1280 2287 1574 2360 importuni
1618 2301 1777 2359 caput
1812 2287 1878 2342 ad
1914 2289 2198 2343 imminens
2224 2291 2438 2363 laquear

289 2362 555 2426 afflixiffe,
592 2363 895 2434 iterumque
920 2360 1116 2415 dimifli
1140 2378 1334 2432 corpus
1370 2362 1435 2415 ad
1461 2360 1826 2432 pavimentum
1854 2360 2210 2432 proturbafle,
2248 2365 2440 2420 addito

290 2436 570 2505 respons03
610 2435 753 2489 hunc
777 2434 881 2488 effe
907 2448 1117 2488 motum
1146 2434 1341 2488 Martis
1360 2471 1376 2495 ‚
1415 2446 1473 2488 ut
1499 2433 1665 2488 refert
1686 2432 1915 2503 joannes
1931 2433 2186 2505 Keplerus
2204 2436 2441 2508 Epistola

290 2507 622 2563 dedicatoria
646 2507 711 2560 ad
738 2507 1096 2577 Rudolphum
1120 2504 1522 2578 Imperatorem.
1595 2505 1742 2559 Tota
1769 2522 1851 2560 res
1876 2506 2193 2577 conjefiuris
2217 2526 2438 2582 perage-

293 2593 396 2635 tur.
457 2582 638 2653 Itaque
664 2579 896 2649 suspicor
923 2579 989 2632 C.
1012 2578 1214 2648 julium
1240 2578 1525 2652 Higynum
1564 2577 1667 2632 esse
1692 2618 1707 2642 ,
1745 2597 1907 2650 quem
1934 2579 2161 2635 Ovidius
2186 2580 2311 2636 ficio
2333 2600 2434 2637 no-

293 2654 438 2707 mine
461 2654 571 2709 Ibin
597 2653 839 2724 appellat.
898 2652 1049 2706 Illum
1072 2653 1318 2724 inquam,
1355 2653 1428 2709 de
1450 2669 1560 2725 quo
1579 2652 1868 2706 Suetonius
1893 2653 2025 2707 libro
2052 2653 2112 2707 de
2137 2653 2435 2726 Illustribus

293 2724 702 2790 Grammaticis,
738 2725 918 2780 retulit
942 2726 997 2779 in
1022 2725 1153 2780 haec
1182 2725 1367 2780 verba:
1410 2726 1571 2799 Cajus
1598 2725 1786 2794 Julius
1824 2726 2090 2798 Higynus,
2119 2727 2341 2799 Augusti
2366 2729 2433 2781 li-

295 2798 502 2862 bertus,
541 2802 746 2853 natione
773 2797 1064 2870 Hispanus,
1102 2798 1202 2867 etfi
1213 2801 1446 2853 nonnulli
1472 2798 1893 2852 Alexandrinum
1905 2811 2133 2869 putant,
2175 2801 2228 2857 ἐξ
2255 2801 2430 2855 dCae-

285 2874 415 2941 sare
433 2885 651 2943 puerum
683 2872 898 2925 Romam
921 2872 1196 2926 advectum
1233 2871 1571 2925 Alexandria
1596 2883 1779 2941 capta,
1808 2870 2028 2941 studiose
2053 2871 2107 2928 ξς
2131 2872 2289 2926 avide
2311 2873 2429 2926 imi.

302 2956 448 2997 tatus
471 2943 537 3014 est
560 2942 852 2997 Cornelium
878 2943 1245 2995 Alexandrum
1284 2943 1697 2997 Grammaticum
1723 2943 2010 3005 Graecum,
2049 2963 2195 3015 quem
2208 2955 2433 3015 propter

301 3017 646 3086 antiquitatis
679 3017 928 3069 notionem
966 3015 1335 3086 Polyhistorem
1368 3016 1523 3069 multi
1546 3052 1561 3075 ‚
1609 3016 1818 3085 quidam
1850 3015 2134 3086 Historiam
2158 3017 2429 3074 vocabant.

301 3087 561 3158 Praefuit
575 3087 865 3141 Palatinae
888 3085 1277 3150 Bibliothecae,
1313 3108 1405 3143 nec
1425 3089 1585 3142 multo
1595 3088 1768 3156 secius
1786 3089 2042 3159 plurimos
2062 3087 2258 3150 docuit,
2282 3092 2431 3160 fuit-

297 3179 395 3231 que
416 3162 618 3216 ovidio-
637 3160 837 3215 Poetae
856 3160 1327 3231 fhmiliarffmns,
1365 3162 1420 3222 [5
1458 3160 1583 3233 Cajo
1619 3156 1828 3215 Licinio
1865 3160 2120 3228 confitlari
2143 3160 2435 3233 HistoricO,

2341 3256 2439 3308 qut:
