2547 3708
2538 70 2540 77 r

402 159 498 220 2³04
912 149 1975 204 DEDICATIONESET
2260 191 2278 194 ,
2538 127 2547 202 i

393 261 498 293 rum
529 245 745 311 sanguine
767 245 900 293 Italia
933 257 1098 292 contra
1124 242 1342 291 Cimbros
1377 241 1553 290 defensa
1583 243 1719 302 effet,
1756 242 1805 290 &
1837 242 1894 290 ad
1918 242 2093 290 Padum
2129 242 2398 298 dividendos
2421 253 2504 304 effe
2537 256 2546 309 ξ’

390 325 551 377 agros:
586 312 658 358 sed
691 310 769 358 fibi
805 311 1168 357 dominationem
1193 309 1463 372 quaerebat:
1501 309 1652 355 exitus
1674 308 1737 354 est
1761 308 1935 370 igitur,
1971 309 2128 371 postea
2154 311 2364 361 Draconi
2387 317 2506 368 fimi.
2538 334 2539 368 ς

390 376 445 424 lis
479 376 594 436 fuit,
631 393 737 423 cum
775 373 1026 422 interfectis
1061 372 1441 438 praestantissimis
1467 372 1674 432 civibuS,
1710 372 1892 418 tandem
1918 373 1965 419 ὃς
1993 373 2085 436 ipsa
2107 375 2237 423 Italia
2260 378 2408 442 pulsus
2428 385 2502 433 est.
2538 369 2545 376 Μ

393 442 563 490 Medio
600 456 811 505 tempore
844 440 995 503 caligo
1034 451 1152 485 erat:
1191 439 1328 485 multi
1361 437 1633 484 dubitabant
1670 449 1772 484 utra
1796 436 2058 502 causajusta
2081 439 2204 487 effet.
2277 444 2407 493 Vicit
2431 438 2504 496 au,
2538 443 2545 497 l}

394 520 491 554 tem
515 507 895 569 Bellerophontes
917 505 1112 551 donatus
1128 503 1297 567 Pegaso
1327 502 1375 549 &
1401 519 1538 549 aureo
1561 501 1692 548 freno
1720 500 1745 547 a
1762 501 1969 562 Pallade,
2005 503 2052 550 id
2074 504 2139 551 est
2154 540 2169 565 ,
2194 505 2303 554 dato
2327 515 2502 562 exerci-
2538 505 2539 520 ¹

395 585 478 632 tu,
516 573 564 618 &
599 571 899 629 fortitudine,
934 586 1070 633 quam
1096 571 1225 616 Deus
1262 567 1456 615 consilio
1488 567 1625 614 rexit.
1695 570 1767 613 Ae
1803 566 1923 613 idem
1946 569 2331 634 Bellerophontes
2356 577 2504 638 postea
2536 609 2545 618 „

395 639 444 684 in
466 637 598 683 rebus
625 635 831 682 secundis
854 635 997 682 facitus
1025 632 1217 681 insolens
1234 669 1249 694 ,
1285 649 1394 679 cum
1419 631 1590 696 Pegaso
1623 632 1741 681 intra
1764 633 1946 678 coelum
1971 633 2024 680 ad
2043 635 2212 695 Jovem
2238 639 2345 685 vehi
2370 656 2504 691 cona·
2542 649 2546 683 -r

397 716 551 760 retur,
596 699 903 759 exustusest,
940 698 988 745 &
1026 698 1217 746 afflicfftus
1256 698 1420 758 humi,
1455 697 1611 762 postea
1644 712 1857 743 moerore
1889 699 2039 761 periit.
2109 702 2410 752 Manifest'um
2446 708 2505 757 est
2542 725 2547 736 ⁶

394 781 551 813 autem
589 765 812 828 plurimos
846 765 1054 811 homines
1082 766 1128 810 in
1152 765 1284 811 rebus
1307 762 1509 810 secundis
1537 762 1617 809 fibi
1642 761 1726 825 ips1
1750 762 1972 822 blandiri,
2007 781 2059 811 ae
2081 768 2224 829 magis
2249 768 2398 817 laxare
2419 771 2504 820 fre·
2543 770 2547 822 ἶ

396 848 480 878 nos
512 831 872 894 cupiditatibus:
909 833 1014 895 quia
1050 831 1199 876 minus
1219 829 1433 893 impediri
1460 844 1532 874 eas
1557 827 1861 887 arbitrantur,
1898 828 2051 891 postea
2074 832 2400 881 immoderatos
2424 839 2504 886 im-
2535 834 2547 893 ξ

399 909 535 960 petus
558 911 717 959 graves
742 912 915 960 poenae
940 897 1237 942 comitantur.
1308 896 1504 942 Nomen
1530 895 1666 940 etiam
1694 893 1966 940 Chimaerae
1987 893 2220 959 sumptum
2242 899 2303 945 est
2332 898 2359 946 a
2379 915 2507 954 mon,-
2534 898 2547 981 i]

392 974 442 1008 te
478 963 525 1007 in
550 961 746 1021 Cilicia,
782 978 916 1025 quem
954 960 1013 1006 fic
1050 958 1298 1008 nominaffe
1322 960 1492 1007 incolas
1515 959 1562 1004 δί
1591 957 1756 1006 Strabo
1780 972 1927 1005 narrat
1943 993 1958 1019 ,
1994 961 2055 1006 ita
2080 963 2227 1009 variae
2251 964 2352 1011 sunt
2374 983 2504 1017 occa·
2535 981 2547 1039 :5

396 1025 543 1073 fiones
582 1026 942 1090 figmentorum,
977 1026 1080 1072 alias
1107 1026 1161 1073 ab
1183 1025 1448 1085 eventibus,
1483 1023 1586 1071 alias
1612 1031 1638 1070 a
1661 1023 1866 1087 Physicis
1890 1025 2060 1085 causm,
2095 1030 2197 1075 alias
2224 1028 2278 1076 ab
2300 1029 2503 1081 admoni-
2536 1027 2541 1071 ἶ

393 1092 603 1139 tionibus
626 1092 873 1139 moralibus
895 1092 1115 1155 sumptae.

461 1158 616 1203 Orion
643 1156 731 1202 fuit
756 1159 972 1219 Princeps
999 1158 1243 1215 Boeotiae,
1279 1156 1357 1219 qui
1379 1152 1633 1201 doetrinam
1660 1155 1716 1201 de
1742 1154 1866 1202 astris
1887 1155 1942 1202 ab
1968 1156 2157 1204 Atlante
2177 1173 2414 1222 acceptam
2442 1163 2507 1213 εἰη
2536 1199 2539 1208 „

391 1221 527 1269 vibus
558 1222 775 1277 tradidit,
814 1223 859 1268 &
895 1239 1062 1268 annum
1102 1224 1347 1267 ordinavit.
1417 1221 1572 1281 Hujus
1609 1233 1658 1265 ut
1685 1221 1906 1267 memoria
1928 1224 2318 1272 transmitteretur
2343 1228 2395 1273 ad
2423 1244 2502 1290 po·

390 1286 562 1345 steros,
598 1303 766 1333 nomen
801 1290 896 1351 ejus
933 1287 1212 1350 pulcerrimo
1248 1285 1377 1332 sideri
1413 1284 1691 1330 attributum
1728 1285 1807 1332 est.
1878 1288 1942 1334 Et
1977 1286 2190 1335 scribitur
2213 1291 2504 1341 interfectum

391 1352 478 1398 esse
511 1353 737 1399 Orionem
775 1352 800 1398 a
829 1353 1050 1414 Scorpio:
1089 1353 1141 1398 ld
1178 1353 1250 1397 vel
1285 1350 1311 1396 a
1346 1363 1504 1396 natura
1537 1348 1772 1412 sumptum
1810 1351 1901 1410 est,
1936 1353 2042 1415 quia
2075 1355 2253 1401 oriente
2275 1357 2539 1421 Scorpio,'‘

391 1419 547 1467 Orion
573 1419 774 1473 occidit3
800 1418 871 1463 vel
894 1417 948 1463 ab
972 1431 1167 1476 eventu,
1196 1417 1300 1481 quia
1322 1416 1433 1461 mala
1458 1417 1642 1477 ingenia
1668 1415 1865 1463 oderunt
1888 1419 2194 1465 excellentem
2221 1421 2505 1484 doeh-inam,
2529 1444 2538 1476 ,ι

390 1496 636 1546 propterea
660 1483 785 1546 quod
807 1483 877 1528 sua
901 1498 1038 1546 regna
1064 1484 1277 1544 impediri
1303 1480 1357 1526 ab
1379 1480 1570 1526 eruditis
1590 1481 1882 1541 existimant,
1904 1482 1952 1529 δι’,
1977 1484 2139 1529 tollere
2165 1485 2395 1534 doetiores
2423 1504 2505 1534 co·
2535 1485 2538 1495 “

394 1560 580 1595 nantur.
651 1549 843 1594 Nomen
870 1549 1026 1595 Orion
1052 1548 1222 1593 Graeci
1259 1546 1495 1593 finxerunt
1533 1544 1559 1591 a
1585 1547 1846 1610 ningendO,
1881 1547 2006 1610 quod
2031 1549 2231 1611 pluviam
2261 1553 2506 1616 praesagiat

394 1613 444 1659 &
469 1612 786 1676 tempestatem
804 1648 816 1668 ‚
838 1615 960 1676 'quia
983 1627 1111 1659 ortus
1138 1612 1185 1659 &
1213 1610 1398 1658 occasus
1424 1615 1519 1674 ejus
1550 1610 1700 1657 sideris
1723 1613 2014 1675 tempestates
2036 1615 2156 1673 ciet,
2193 1627 2243 1661 ut
2270 1632 2334 1662 res
2356 1618 2508 1664 osten-

394 1677 493 1737 dit,
530 1678 576 1723 &T
619 1677 889 1724 Aristoteles
928 1679 1107 1742 inquit,
1154 1678 1308 1725 Orion
1341 1676 1459 1723 fidus
1490 1676 1553 1722 est
1585 1675 1773 1724 difficile
1808 1678 1855 1724 ὃς
1887 1677 2084 1737 durum,
2119 1681 2244 1743 quod
2277 1684 2425 1728 oritur
2460 1682 2507 1731 &

392 1745 585 1791 occidit.
654 1742 866 1791 Fortassis
900 1758 1052 1789 autem
1082 1759 1251 1790 nomen
1275 1741 1445 1788 facium
1471 1741 1533 1787 est
1557 1742 1610 1788 ab
1635 1744 1773 1801 hora,
1808 1749 1912 1805 quia
1932 1746 2034 1789 anni
2063 1758 2302 1807 tempora,
2337 1747 2535 1803 aestatisl

392 1808 445 1856 &
478 1809 638 1855 hiemis
676 1809 806 1855 initia
830 1808 1090 1872 distinguit.
1161 1807 1260 1854 Etsi
1283 1821 1433 1854 autem
1459 1808 1860 1871 interpretationes
1888 1808 1998 1854 aliae
2023 1811 2196 1873 magis,
2231 1810 2341 1857 aliae
2363 1813 2535 1899 minus*

392 1875 650 1921 concinnae
682 1873 813 1932 sunt,
849 1887 1001 1920 tamen
1031 1873 1294 1938 junioribus
1319 1874 1452 1918 utiles
1473 1871 1604 1931 sunt,
1641 1872 1672 1919 fi
1701 1886 1852 1919 tamen
1878 1873 2120 1937 prudentia
2143 1874 2191 1920 ὃς
2213 1874 2411 1924 delectus
2431 1877 2504 1925 ad-

391 1939 638 1998 hibeatur,
675 1938 723 1985 δι’
758 1955 852 1986 non
880 1939 1094 1986 absurdae
1117 1955 1169 1985 ac
1196 1937 1471 1984 monstrosae
1497 1951 1573 1983 aut
1603 1938 1767 2000 procul
1790 1939 1972 2000 genitae
1996 1939 2303 1987 enarrationes
2329 1941 2504 2007 fingan·
2530 1930 2534 2002 l

352 2034 353 2037 =
390 2016 498 2063 tur,
534 2020 620 2051 nec
654 2003 929 2051 misceantur
951 2003 1068 2050 sacra
1091 2003 1318 2067 profanis:
1357 2002 1427 2047 sed
1451 2000 1640 2048 consilia
1663 2003 1911 2048 authorum
1939 2002 2246 2065 aspiciantur,
2284 2006 2329 2052 δί
2358 2005 2534 2062 fontesl

390 2070 574 2133 proprii
600 2070 648 2115 in
670 2068 857 2134 singulis
881 2071 1079 2116 materiis
1100 2067 1474 2126 considerentur,
1503 2066 1550 2113 &
1571 2067 1946 2114 accommodatio
1974 2067 2026 2114 fit
2052 2068 2222 2114 inclusa
2247 2073 2382 2117 certis
2409 2088 2501 2118 mes
2526 2068 2534 2122 ς’

393 2134 472 2181 tis.
540 2135 617 2180 Sic
652 2135 789 2180 etiam
827 2135 1019 2194 modus,
1056 2150 1112 2180 ne
1144 2134 1276 2180 ludus
1309 2145 1388 2179 aut
1423 2145 1615 2194 propter
1650 2134 1869 2195 ineptiaS,
1904 2147 1982 2179 aut
2020 2145 2265 2194 propterea
2287 2136 2411 2198 quod
2438 2137 2532 2192 ni-‚i

395 2199 519 2245 mius
540 2200 631 2258 est,
667 2198 748 2244 fiat
773 2201 993 2264 ingratus.
1062 2200 1126 2246 Et
1154 2200 1269 2245 hanc
1294 2196 1432 2262 ipsam
1455 2213 1609 2243 curam
1638 2198 1882 2258 quaerendi
1907 2198 2155 2243 concinnas
2177 2198 2438 2260 allusioneS,
2459 2201 2504 2250 δι’.
2529 2191 2533 2264 ξ

392 2263 570 2311 vitandi
607 2263 902 2322 monstroiaS,
936 2265 983 2311 ὃς
1020 2264 1222 2311 servandi
1259 2263 1450 2308 modum
1486 2261 1691 2324 prodess'e
1725 2261 1978 2323 junioribus
1998 2261 2051 2307 ad
2077 2261 2531 2329 for-mandajudicia{

390 2344 489 2375 non
508 2326 699 2374 dubium
727 2327 806 2374 est.
875 2330 938 2376 Et
964 2330 1085 2376 reete
1107 2327 1333 2375 affuefa&i
1360 2328 1407 2372 in
1435 2327 1502 2371 his
1530 2325 1776 2388 puerilibus
1799 2327 2031 2373 exercitiis
2055 2327 2209 2389 postea
2233 2330 2503 2393 circumspe-
2528 2331 2530 2373 l

394 2392 562 2440 &iores
591 2406 725 2439 erunt
762 2394 808 2439 in
835 2399 1114 2440 enarratione
1136 2394 1371 2439 dostrinae
1394 2390 1651 2437 Ecclesiae:
1689 2406 1772 2436 nec
1794 2389 1952 2436 ludent
1977 2392 2339 2456 intempestivis,
2374 2394 2503 2445 insul·
2526 2383 2529 2437 l

399 2457 484 2517 fis,
520 2459 568 2505 &
593 2457 789 2504 absurdis
816 2458 1073 2521 allegoriis,
1110 2472 1161 2504 ut
1187 2458 1407 2518 Origines
1430 2456 1477 2500 ὃς
1505 2454 1762 2514 Monachi,
1796 2456 1874 2518 qui
1898 2469 1950 2503 ut
1974 2457 2196 2516 Proteus,
2528 2452 2529 2480 ³

523 2524 682 2569 Omnia
703 2522 1074 2584 fransfornmtsese
1100 2526 1144 2568 in
1171 2524 1372 2568 miracula
1399 2536 1536 2566 rerum
1552 2555 1567 2579 ,

528 2590 744 2650 Igmmque
765 2589 1078 2649 horribilemque
1093 2587 1236 2648 feram
1252 2620 1266 2643 ,
1288 2586 1554 2647 fluviumque
1574 2587 1791 2646 liquentem
1809 2603 1819 2632 :
2526 2635 2547 2650 =÷

398 2650 475 2700 Ita
508 2653 578 2699 isti
615 2654 827 2699 omnibus
857 2654 1053 2699 materiis
1078 2652 1169 2698 sine
1201 2650 1461 2696 discrimine
1485 2649 1707 2714 quaslibet
1732 2651 1899 2714 figuras
1932 2651 2195 2701 induerunt.
2264 2654 2336 2701 Ut
2357 2663 2547 2702 autem

397 2719 513 2765 haec
537 2720 723 2765 licentia
746 2716 994 2780 perniciosa
1018 2716 1109 2776 est,
1146 2718 1208 2763 ita
1231 2717 1485 2761 concinnae
1506 2715 1748 2778 allegoriae
1772 2719 1820 2762 in
1845 2717 1952 2764 loco
1974 2718 2233 2779 adhibitae,
2268 2735 2433 2783 magna
2457 2717 2502 2766 δῖ
2524 2731 2528 2782 l

397 2782 552 2830 dulcia
575 2782 675 2829 sunt
697 2796 994 2841 ornamenta,
1031 2783 1078 2828 ἃ
1105 2782 1372 2828 memoriam
1397 2779 1633 2844 adjuvant.
2447 2835 2454 2841 „
2526 2785 2547 2833 :f

466 2848 761 2911 Quamquam
801 2861 953 2894 autem
989 2847 1070 2893 hae
1105 2847 1280 2894 nostrae
1301 2846 1700 2910 interpretationes
1722 2862 1816 2892 non
1840 2845 1942 2893 sunt
1967 2864 2126 2894 omnes
2149 2845 2175 2894 a
2199 2863 2273 2894 me
2297 2860 2502 2896 accurate
2524 2842 2535 2890 ἕ

397 2912 616 2974 scriptae,
633 2913 844 2975 pleraque
868 2914 1005 2959 etiam
1029 2913 1182 2958 obiter
1208 2913 1255 2958 in
1277 2911 1432 2957 schola
1456 2923 1635 2956 tanturn
1664 2925 2078 2972 commemoratae,
2094 2912 2209 2959 &ab
2221 2912 2501 2960 auditoribus
2537 2927 2547 2932 ·’

397 2977 529 3023 avide
560 2991 776 3039 acceptae
811 2976 940 3032 sunt3
977 2990 1127 3022 tamen
1166 2979 1272 3038 quia
1296 2979 1390 3039 jam
1427 2976 1471 3020 in
1511 2976 1765 3022 multorum
1807 2976 2013 3023 manibus
2035 2975 2500 3037 circumferebantur,
2523 3006 2547 3047 1¹

399 3057 460 3088 ne
499 3044 576 3104 qui
610 3042 751 3087 aliena
778 3041 1027 3099 affuerent,
1062 3041 1134 3087 edi
1168 3058 1235 3088 eas
1261 3041 1401 3104 passus
1425 3040 1534 3086 sum.
1606 3040 1716 3087 Ideo
1753 3057 1893 3100 vero,
1933 3041 2230 3089 Illustrisiime
2265 3039 2547 3111 Princepsffl,

398 3107 449 3153 in
482 3107 566 3152 hac
600 3106 803 3152 editione
834 3107 886 3153 ad
912 3106 1014 3152 Cel.
1040 3107 1105 3153 T.
1142 3105 1323 3169 scripfi,
1359 3118 1410 3152 ut
1444 3105 1671 3168 specimen
1698 3107 1961 3164 ostendam,
2000 3106 2121 3151 unde
2148 3106 2342 3166 iudicari
2365 3105 2504 3170 posset
2522 3112 2547 3165 ff.-

396 3171 454 3218 de
487 3187 592 3217 meo
615 3170 807 3218 consilio
836 3173 880 3217 in
903 3171 1113 3218 docendo
1130 3205 1145 3229 ,
1181 3172 1228 3218 δί
1253 3172 1308 3218 de
1333 3171 1571 3235 diligentia
1599 3188 1723 3232 mea,
1758 3187 1892 3235 quam
1919 3170 1966 3216 &
1990 3169 2268 3219 Celsitudini
2291 3187 2425 3231 tuae,
2457 3168 2504 3216 δί
2522 3183 2547 3208 i<

399 3235 615 3285 omnibus
649 3236 955 3302 prudentibus
992 3237 1040 3285 ὃ(
1076 3237 1277 3285 honestis
1308 3236 1482 3300 semper
1518 3236 1702 3300 probari
1742 3237 1894 3287 volui:
1928 3252 1980 3284 ac
2019 3251 2103 3286 me
2127 3237 2178 3287 ὃς
2209 3237 2323 3287 haec
2356 3229 2547 3344 ιῐιοίίὶεηιζ,ε

2182 3310 2185 3314 ’
2455 3305 2547 3344 u-2.

2522 3363 2523 3386 l

2526 1666 2536 1744 ..x-h-
