2547 3708
14 0 21 103 l

16 108 19 180 ξ
605 127 1563 189 r1³1zAiffzger'it*10NES.
2072 87 2160 194 ιὲι

13 206 17 291 l
66 223 432 298 antiquoslacste'a
465 225 608 291 (quod
639 226 772 281 recte⁸
785 226 984 273 summus
1018 227 1115 274 aevi
1150 228 1293 274 nostri
1316 229 1522 277 Criticus
1544 230 1602 277 de
1625 245 1680 277 eo
1698 222 1903 294 judicat)
1939 234 2159 289 facilitate

14 294 15 304 ¹
65 297 318 355 emollivit,
350 296 411 340 ita
437 292 617 358 pondus
639 307 695 338 ex
722 292 933 339 acumine
953 292 1001 338 &
1027 307 1192 339 nervos
1216 293 1463 341 charaEiaeri
1489 296 1569 342 suo
1592 295 1781 343 addidit.
1848 298 2033 357 Quibus
2058 321 2159 353 ner—

62 366 128 412 vis
151 362 288 426 paulo
313 358 417 423 post
437 357 808 416 Declamatores,
843 359 995 420 primo
1019 355 1256 420 linguam,
1291 376 1404 407 mox
1429 359 1590 424 poe'fin
1605 396 1619 420 ,
1652 377 1939 410 enervamur.
1995 366 2160 417 Unum

58 441 246 485 metuo,
281 440 337 471 ne
362 439 468 470 cum
506 422 559 467 ad
592 421 896 481 brevitatem,
932 434 1142 485 tempore
1175 423 1363 487 iniquo,
1398 425 1680 487 quod'nunc
1711 440 1872 491 urget,
1908 420 2157 493 compellc⁶

59 507 189 551 mur,
225 490 343 537 ultra
367 501 534 534 metam
571 491 771 550 impetus
802 502 884 532 nos
917 485 1046 532 ferat.
1114 487 1191 534 De
1214 504 1270 534 eo
1295 492 1418 536 enim
1451 489 1584 537 nobis
1616 493 1790 551 sermo,
1827 508 1963 555 quem
1987 496 2059 541 vel
2080 499 2158 543 ad-

56 556 205 605 mirari
230 553 354 617 poffe
380 553 572 599 oratoris
599 553 749 616 magni
770 567 823 598 ac
846 552 1012 612 poe'tae
1037 549 1211 614 semper
1232 553 1462 614 iudicavi5
1498 555 1634 602 etiam
1660 573 1766 603 cum
1795 568 1954 619 parum
1990 561 2155 608 intelli-

55 631 208 687 gerem
242 631 319 665 aut
343 617 609 664 didicissem.
632 617 761 663 Posse
786 628 937 662 autem
965 616 1162 675 imitari,
1184 618 1424 680 postquam
1449 620 1652 667 Graecos
1677 622 1724 668 &c
1749 622 1915 669 Po'e'tas
1940 623 1989 670 ὃς
2009 626 2155 672 artifi-

52 701 123 732 ces
149 684 330 742 dicendi
365 682 478 729 serio
500 682 725 744 expendi,
760 693 854 728 non
881 680 1047 744 judicii
1073 694 1149 727 aut
1181 682 1473 743 eruditionis,
1509 701 1597 747 qua
1619 686 1832 741 excellit,
1866 685 1939 733 sed
1969 701 2156 737 naturae

51 765 146 797 rem
175 765 228 796 ac
251 750 352 796 voti
388 747 489 794 effe.
556 747 630 793 Ex
653 747 925 808 antiquitate
947 761 1053 804 eos,
1088 746 1167 808 qui
1200 747 1399 794 definere
1430 765 1532 795 eum
1559 749 1681 812 pofl'e
1717 764 1915 813 negant,
1944 754 2154 816 judicare

51 813 276 877 potuisse,
309 813 394 860 viri
418 812 573 875 magni
593 812 687 874 jam
712 822 954 874 negarunt.
991 811 1069 873 qui
1094 810 1274 857 fortasse
1295 828 1378 858 nec
1403 814 1603 875 incipere
1627 831 1823 878 unquam
1849 816 1894 862 in
1908 818 2041 865 Poefi
2066 836 2153 882 po-

49 891 255 925 tuerunt.
302 878 476 940 Neque
499 875 797 939 cogitabant,
831 873 952 921 aliud
978 877 1189 938 vigorem
1214 892 1264 922 ac
1289 878 1462 940 ingenii
1486 878 1876 938 foecunditatem,
1908 882 2030 929 aliud
2054 884 2150 930 ine-

47 955 174 1007 ptam
195 941 536 991 redundantiam
561 941 609 986 in
631 938 808 1003 scriptis
821 939 920 985 efle.
943 939 1016 986 Eo
1038 940 1161 986 enim
1185 939 1337 987 noster
1362 942 1437 987 hic
1463 942 1801 1004 prove‹ffius,ut
1823 960 1931 992 cum
1956 947 2147 995 admira-

46 1008 224 1055 tionem
246 1006 366 1065 istis,
400 1005 431 1053 fi
457 1006 542 1053 Dis
568 1004 744 1068 placet,
780 1004 970 1051 Criticis
996 1005 1256 1068 exprimere
1280 1022 1371 1052 non
1397 1007 1571 1068 poffet,
1605 1008 1985 1070 aemulationem,
2009 1028 2146 1074 quam

45 1071 203 1136 -inepte
236 1070 578 1133 prodiderunt,
611 1085 663 1114 ac
697 1069 944 1127 invidiam,
979 1070 1256 1133 expresserit.
1325 1069 1424 1128 Qui
1457 1073 1620 1118 virtuti
1654 1071 1755 1118 suus
1787 1089 1838 1119 ac
1873 1077 2146 1139 praecipuus

45 1136 308 1199 triumphus
328 1135 407 1181 est.
477 1136 649 1197 Neque
675 1133 970 1198 cogitabant,
1006 1134 1204 1196 optimas
1228 1133 1481 1198 plerunque
1505 1152 1555 1182 ac
1578 1137 1794 1183 maximas
1817 1151 2022 1199 naturas,
2055 1140 2146 1187 sae-

45 1216 103 1264 pe
123 1202 218 1248 aliis
241 1201 290 1247 Sc
308 1200 393 1260 *fibi
419 1200 565 1262 legem
581 1233 596 1258 ,
629 1198 872 1262 saepefine
895 1198 986 1244 ulla
1009 1199 1111 1245 effe.
1146 1201 1252 1261 quia
1281 1199 1429 1262 legem
1454 1199 1726 1264 magnitudo
1751 1201 1849 1248 talis
1870 1219 1922 1249 ac
1943 1205 2142 1264 ubertas,

44 1280 128 1325 nec
152 1265 383 1324 admittit,
418 1280 503 1310 nec
525 1264 748 1327 agnoscit.
816 1262 972 1320 Qlam
999 1275 1052 1309 ut
1074 1261 1099 1308 a
1125 1263 1453 1310 Grammaticis
1475 1266 1703 1328 accipiant
1723 1267 1927 1326 Po'e'tae,
1961 1284 2017 1314 ne
2031 1270 2146 1315 Mu-

45 1327 188 1389 sarum
212 1329 432 1393 quicquid
456 1328 642 1390 usquam
677 1328 768 1387 est,
803 1328 1059 1390 permittat.
1127 1328 1257 1375 Nam
1294 1341 1347 1375 ut
1382 1328 1608 1391 praestent
1640 1342 1863 1393 quantum
1902 1331 2144 1391 damnant,

45 1409 277 1458 nunquam
306 1394 359 1440 ab
385 1395 573 1457 ingenio
604 1396 682 1439 aut
707 1406 801 1439 arte
836 1391 1166 1455 impetrabunt.
1236 1392 1398 1439 Multo
1429 1407 1579 1440 autem
1610 1391 1783 1452 minus',
1817 1393 2039 1458 ajudicio
2066 1411 2145 1443 eo-

43 1474 170 1519 rum,
204 1461 310 1522 qui,
347 1460 457 1522 quid
481 1458 536 1504 fit
561 1459 754 1505 Po'etam
778 1456 863 1503 esse
885 1469 964 1503 aut
986 1458 1268 1516 Oratorem,
1302 1457 1408 1512 soli,
1443 1460 1548 1521 quia
1579 1456 1708 1517 sunt,
1743 1458 1908 1505 docere
1941 1460 2144 1522 poffunt.

46 1539 150 1583 cum
172 1523 353 1570 subtiles
378 1523 448 1569 isti
478 1523 656 1586 judices
689 1539 741 1569 ac
764 1522 956 1581 maximi
984 1521 1217 1580 censores,
1252 1538 1308 1567 ne
1333 1521 1365 1568 si
1387 1524 1533 1569 velint
1565 1523 1778 1586 quidem,
1811 1523 2068 1570 imitatione
2090 1541 2141 1572 ea

43 1589 302 1652 exprimant
324 1603 437 1652 quae
459 1590 691 1634 damnant.
728 1587 775 1633 ὃς
796 1586 979 1633 fortasse
1004 1587 1152 1633 minus
1184 1603 1319 1650 quarn
1344 1603 1459 1650 quae
1481 1590 1678 1634 maxime
1700 1588 1936 1634 mirantur.
2007 1588 2139 1636 Nam

41 1654 293 1718 angustiam
320 1653 497 1717 ingenii
518 1670 570 1699 ac
597 1653 790 1699 maciem
817 1651 1174 1710 commendant,
1210 1668 1345 1715 quam
1370 1653 1625 1716 praeceptis
1648 1664 1844 1715 augent:
1879 1667 1992 1716 quae
2018 1654 2140 1700 Poe‘-

41 1716 106 1765 fin
130 1720 311 1781 potius,
348 1719 380 1765 fi
407 1717 583 1765 erudita
606 1719 737 1775 sunt,
772 1716 1041 1775 absolvunt,
1076 1733 1211 1780 quam
1244 1730 1297 1763 ut
1317 1717 1527 1779 spiritum
1551 1717 1764 1775 vitalem,
1799 1716 1891 1762 hoc
1915 1716 2006 1776 est,
2042 1719 2138 1764 vim

39 1784 278 1837 coelestem
302 1799 353 1829 ac
381 1785 619 1847 ingenium
637 1817 653 1842 ,
688 1782 900 1828 conferre
924 1781 1106 1845 poffint,
1174 1782 1251 1828 De
1273 1798 1366 1844 quo
1392 1781 1472 1829 soli
1495 1782 1604 1828 tales
1618 1781 1844 1844 judicant.
1910 1781 1983 1826 Ac
2008 1783 2140 1830 Deus

38 1848 223 1910 quidem
256 1849 529 1895 immortalis
552 1882 568 1907 ,
605 1847 803 1894 Adriane
825 1845 1143 1909 Blyenburgi,
1180 1859 1227 1892 te
1260 1862 1312 1892 ac
1343 1858 1450 1904 tua,
1487 1862 1600 1908 quae
1634 1861 1718 1909 pro
1752 1846 1897 1906 patria
1929 1847 2139 1907 quotidie

36 1913 109 1958 vel
134 1914 314 1975 cogitas
339 1913 411 1958 vel
438 1914 589 1976 geris,
623 1912 888 1958 moderetur
908 1927 959 1956 ac
989 1910 1212 1957 fortunet.
1248 1907 1273 1956 a
1298 1910 1462 1973 quibus
1487 1923 1539 1955 ut
1571 1911 1682 1956 haec
1707 1909 1809 1955 sunt
1836 1908 2037 1968 diversa,
2073 1912 2137 1958 ita

33 1975 90 2022 ab
113 1978 303 2039 ingenio
326 1976 478 2023 ereeto
502 1977 581 2023 illo
604 1989 686 2022 tuo
709 1991 762 2021 ac
790 1975 968 2034 vivaci,
1001 1975 1143 2021 aliena
1167 1991 1262 2021 non
1283 1974 1618 2021 existimamus:
1655 1976 1732 2036 qui
1754 1989 1809 2018 ne
1833 1973 1925 2019 istis
1946 1973 2135 2035 quidem

34 2040 96 2087 fic
119 2041 294 2087 haesisti
329 2057 528 2105 unquam
544 2075 560 2099 ,
594 2053 647 2087 ut
676 2040 952 2086 amoenitate
974 2038 1021 2084 &
1044 2039 1269 2101 elegantia
1290 2039 1523 2084 Musarum
1539 2072 1553 2096 ,
1589 2037 1885 2084 inter-di&um
1911 2037 1997 2083 tibi
2031 2054 2131 2084 cre-

33 2105 173 2152 deres.
243 2106 365 2152 Non
387 2106 597 2168 profesto
620 2105 789 2168 magis,
824 2120 959 2167 quam
988 2103 1060 2149 vel
1075 2104 1258 2149 Laelius
1280 2103 1351 2148 vel
1380 2103 1569 2164 Scipio,
1606 2103 1799 2148 heroum
1825 2102 1987 2163 primi,
2022 2118 2131 2149 cum

32 2169 286 2216 urbanitate
317 2186 369 2216 ac
405 2170 637 2232 leporibus
659 2169 950 2214 Terentianis
985 2168 1187 2213 animum
1222 2167 1523 2213 remitterent.
1568 2165 1733 2212 *Vides
1767 2177 1920 2210 autem
1957 2164 2129 2214 fluvios

32 2236 234 2281 minutos
265 2234 393 2293 illos,
426 2250 541 2297 quos
569 2245 649 2279 aut
679 2233 777 2293 ripa
807 2232 881 2277 sua
913 2231 1131 2289 cohibet,
1166 2244 1245 2277 aut
1277 2231 1454 2278 lutum:
1489 2230 1714 2277 Rhenum
1746 2244 1858 2275 vero
1892 2228 2128 2290 nostrum,

32 2312 202 2362 quanto
223 2299 407 2362 agmine
428 2314 479 2344 ac
507 2296 676 2344 fiducia
699 2295 906 2342 incedat!
944 2308 997 2341 ut
1023 2293 1245 2357 plerisque
1269 2295 1316 2340 in
1340 2295 1453 2341 locis
1479 2311 1573 2341 non
1601 2292 1797 2340 diffundi
1823 2306 2032 2352 tantum,
2056 2294 2130 2342 sed

8 2362 205 2413 ,effundi
230 2363 376 2410 amet!
412 2364 583 2409 Pontes
614 2377 799 2424 quoque
833 2373 911 2406 aut
944 2360 1112 2417 vallos,
1146 2358 1272 2422 saepe
1303 2372 1382 2405 aut
1414 2358 1714 2422 indignatur,
1742 2371 1821 2404 aut
1855 2360 2127 2421 perrumpit.

32 2427 96 2474 Et
119 2429 361 2475 Oceanum
383 2428 618 2489 ingentem
641 2426 770 2471 illum
796 2438 933 2488 atque
955 2422 1224 2470 immensum
1242 2457 1258 2483 ,
1292 2423 1562 2470 Tutelarem
1589 2423 1792 2469 nostrum
1810 2456 1825 2481 ,
1861 2422 2012 2480 videS,
2047 2424 2126 2485 qui

29 2491 262 2539 'littoribus
284 2491 326 2538 se
348 2492 578 2538 contineri
614 2490 781 2554 negat?
815 2490 1016 2536 Coelum
1051 2504 1238 2552 quoque
1275 2501 1405 2534 motu
1443 2501 1520 2534 aut
1554 2488 1830 2543 velocitate,
1865 2487 1940 2532 cui
1967 2489 2128 2548 proxi-

30 2571 127 2603 mus
152 2557 228 2603 hic
251 2570 411 2614 autor,
446 2572 680 2618 nunquam
707 2555 1006 2610 terminatur,
1043 2554 1250 2616 quamvis
1269 2549 1394 2599 ‘intra
1415 2551 1456 2598 se
1478 2552 1697 2599 consistit.
1768 2550 1894 2597 Idem
1923 2550 2021 2596 ficri
2048 2551 2124 2597 hic

29 2621 176 2666 crede.
244 2621 524 2683 Qianquam
547 2621 669 2666 enim
703 2619 820 2665 nihil
855 2619 932 2664 hic
960 2617 1014 2664 fit
1039 2617 1327 2676 violentum,
1362 2616 1479 2662 nihil
1504 2617 1626 2678 quod
1660 2632 1754 2662 non
1783 2616 1937 2678 potius
1961 2613 2122 2661 leniffi-

26 2700 101 2730 me
124 2684 379 2747 persuadeat
403 2702 538 2749 quam
567 2697 737 2748 cogat,
773 2683 889 2729 nihil
912 2695 1065 2729 tamen
1089 2681 1180 2740 est,
1215 2681 1340 2744 quod
1371 2681 1476 2727 istos
1507 2682 1671 2728 limites
1698 2697 1792 2726 non
1818 2680 1956 2741 longe
1987 2693 2123 2724 exce-

28 2747 118 2795 dat.
188 2749 243 2795 In
271 2751 499 2796 Amorum
520 2750 702 2814 quidem
727 2748 853 2795 libris
869 2783 884 2807 ,
921 2763 1028 2793 cum
1051 2746 1092 2794 se
1119 2748 1328 2793 nondum
1351 2744 1589 2792 feliciffimi
1613 2746 1813 2808 ingenii,
1846 2744 1919 2789 vel
1942 2756 2122 2804 caperet

28 2813 97 2860 vel
120 2812 513 2862 circumscriberet
534 2815 738 2872 ubertas,
772 2803 942 2876 aliq'uid
965 2827 1295 2874 nonnunquam
1319 2824 1476 2868 notes,
1512 2810 1634 2873 quod
1660 2809 1896 2872 permittat
1933 2806 2011 2853 fibi
2043 2820 2120 2853 aut

30 2877 276 2941 indulgeat.
313 2878 387 2924 Ad
410 2891 610 2934 caetera,
647 2877 851 2938 inprimis
876 2893 987 2940 quae
1009 2877 1232 2922 maturior
1252 2888 1397 2921 aetate
1418 2874 1620 2936 scripsit,
1643 2885 1814 2937 quanto
1838 2873 1984 2917 minus
2007 2886 2121 2917 con-

29 2941 173 2988 tulisse
193 2941 455 3005 diligentiae
479 2942 827 2999 videtur,tanto
854 2957 987 2992 curae
1011 2941 1111 3004 plus
1132 2957 1184 2986 ac
1210 2939 1438 2986 suavitatis
1453 2939 1606 2985 habet.
1641 2940 1778 2996 ane
1800 2938 1847 2982 in
1859 2935 1998 2981 Fastis
2021 2947 2118 2980 tan-

31 3011 74 3058 ta
95 3006 225 3053 nobis
245 3006 419 3070 semper
443 3005 558 3065 visa,
593 3017 644 3051 ut
665 3007 882 3051 narrando
905 3019 1104 3051 mentem
1135 3005 1313 3051 homini
1334 3016 1561 3050 excantet.
1599 3003 1725 3060 Quia
1749 3001 2012 3047 suavitatem
2035 3015 2116 3045 cu-

30 3083 76 3114 ra
97 3086 208 3132 quae
227 3071 559 3126 dissimulatum
597 3084 710 3132 quae
735 3084 950 3132 apparet,
984 3069 1181 3115 taedium
1218 3069 1564 3129 molestiamque
1587 3068 1720 3129 parit.
1790 3066 1960 3127 Neque
1985 3063 2117 3125 quic-

33 3148 166 3194 quam
189 3137 360 3199 magis,
396 3135 520 3199 quod
547 3134 763 3197 praeclari
795 3132 866 3178 isti
889 3133 1057 3180 Critici
1082 3150 1174 3180 non
1206 3133 1390 3190 vident,
1425 3147 1560 3193 quam
1586 3129 1776 3194 professa
1806 3128 2042 3191 diligentia
2068 3126 2116 3171 &

33 3195 186 3257 labor,
208 3201 408 3248 indolem
435 3217 487 3248 ac
509 3215 696 3262 genium
718 3210 928 3246 enervat:
965 3200 1097 3261 cujus
1119 3214 1174 3245 ne
1192 3196 1492 3259 suspicionem
1515 3196 1729 3257 quidem,
1750 3194 1829 3240 ubi
1854 3190 2021 3254 aliquid
2047 3189 2117 3235 di-

2010 3269 2119 3301 een-
