2547 3708
416 194 433 239 ἱ
828 173 1372 237 P.OVIDII

1445 173 1973 234 NASONIS

627 303 813 372 thue
861 299 1238 355 cothurnatum
1266 296 1472 369 periisse
1497 295 1863 368 Lycophrona
1889 310 2127 363 narrant,

706 374 943 428 Haereat
970 373 1024 426 in
1045 369 1188 424 fibris
1212 369 1314 424 fixa
1338 370 1523 441 sagitta
1547 368 1666 423 tuis·

488 467 516 518 ς
525 466 589 517 35
630 450 741 504 Aut
765 446 903 500 lacer
927 447 980 500 in
1020 442 1140 499 filva
1166 442 1404 497 manibus
1427 441 1668 514 spargare
1696 452 1945 505 tuorum,

342 670 459 709 micus
476 668 591 707 Po‘e’ta
606 694 617 712 ‚
642 662 834 702 Medillam
860 670 1017 699 uxorem
1032 658 1185 698 duxerat
1198 686 1208 703 ‚
1235 657 1366 697 ambo-

339 732 414 769 que
434 722 549 768 prima
571 717 780 763 nuptiarum
810 712 921 749 nocte
950 711 1087 749 mortui
1114 710 1256 748 inventi
1275 710 1366 748 sunt.

340 770 584 808 Iuram-uns.
620 765 808 804 Domitius
839 762 1013 808 Eupolim
1043 761 1174 798 veteris
1211 772 1365 798 comoe-

341 821 425 858 diae
437 821 646 867 scriptorem
660 815 748 853 falso
762 821 876 862 putat.
896 812 976 860 Ego
990 823 1034 849 ex
1054 812 1164 849 tertio
1176 811 1383 860 Epigramffi

341 868 470 908 maton
489 867 733 907 animadverti
755 865 865 902 alium
887 862 990 900 fuifle
1008 863 1080 899 hoc
1099 863 1255 899 nomine
1278 861 1365 898 ado-

339 921 535 958 lescentem
559 919 682 956 Nitiae
713 915 850 957 filium,
880 915 945 963 qui
968 912 1142 961 Glycerio
1159 912 1302 949 Euduci
1323 910 1365 948 fi-

338 970 387 1008 lia
404 982 519 1008 uxore
540 968 647 1007 dueta
669 966 755 1004 teeti
777 964 874 1012 lapsu
895 974 979 1000 cum
1003 974 1103 1000 nova
1122 970 1233 1009 nupta
1257 963 1367 1018 obru-

338 1028 396 1059 tus
413 1021 461 1058 est
481 1021 596 1068 prima
619 1017 742 1058 noae.
795 1014 927 1053 Graeci
948 1012 1068 1052 versus
1088 1014 1125 1050 hi
1147 1012 1227 1049 sunt
1252 1012 1369 1050 exhb.

339 1082 405 1109 111.
432 1070 529 1108 duo:

393 1152 532 1190 Ευπολὶν
555 1150 595 1191 ὦς
614 1146 741 1194 dyocesi
760 1162 794 1185 τε
816 1141 1009 1197 Γλυκῆςιον,
1040 1144 1080 1182 ὦν
1101 1144 1245 1194 ὑμέναιον

450 1200 598 1251 Ε”σ-βεσεν
622 1204 645 1243 ἓν
660 1199 769 1255 πρώτῃ
790 1203 879 1239 νυκτὶ
901 1196 1001 1239 orso-oh
1014 1196 1195 1250 Oolmcpc&.

336 1290 566 1329 Eemuus.
595 1286 745 1334 Eupolis
755 1284 815 1321 hic
833 1281 989 1320 diversus
1009 1281 1052 1318 ab
1066 1281 1128 1319 illo
1143 1276 1373 1316 Comoedia-

336 1353 418 1379 rum
440 1340 624 1387 scriptore.
654 1337 719 1374 fuit
734 1343 856 1372 autem
872 1334 1001 1370 Niciae
1022 1331 1134 1375 filius,
1163 1330 1264 1378 cujus
1277 1339 1372 1364 uxor

338 1390 554 1439 Glycerium
578 1388 733 1424 nomine
762 1383 851 1432 (nifi
869 1412 878 1427 ,
906 1382 1006 1432 quod
1023 1394 1177 1437 vereor,
1206 1380 1368 1434 Graecus

336 1442 456 1480 codex
484 1440 523 1477 sit
553 1437 793 1486 depravatus)
833 1443 972 1482 patrem
1007 1433 1131 1469 habuit
1171 1430 1370 1486 Eudicum.

337 1496 447 1542 Quos
469 1489 581 1528 notste
602 1488 808 1534 nuptiarum
832 1484 963 1521 cadens
1000 1483 1135 1520 domus
1152 1490 1288 1534 pariter·
1305 1490 1370 1514 ex-

334 1544 469 1585 stinxit,
482 1549 521 1577 ut
533 1542 569 1578 in
591 1535 931 1575 hecaflichoincerti
945 1533 1101 1570 auctoris
1111 1539 1257 1580 apparet
1268 1529 1373 1566 libro,

335 1596 562 1632 Graecorum
609 1589 925 1635 Epigrammatum
977 1583 1085 1620 tertio
1110 1609 1121 1626 ,
1158 1581 1262 1630 quod
1301 1590 1369 1616 nos

336 1646 513 1683 Latinum
533 1641 579 1679 fic
605 1651 650 1676 ex
670 1647 840 1685 tempore
867 1635 1043 1672 fecimus:

385 1719 461 1750 Heu
480 1728 584 1763 quam
597 1712 679 1763 flere
699 1725 810 1749 novae
832 1720 978 1747 mortem
994 1708 1178 1763 sponsaeve
1200 1704 1317 1743 virive

437 1765 577 1812 Pessima
594 1778 642 1801 res
654 1779 665 1798 .·
693 1763 809 1798 ambos
827 1773 931 1809 arque
948 1760 1029 1795 ciere
1049 1757 1162 1803 fimul.

389 1816 532 1865 Eupolin
554 1825 596 1851 ut
618 1813 866 1862 pulchramque
897 1809 1076 1859 Glycerion
1099 1808 1223 1845 horum
1246 1804 1365 1854 hyme-

554 1877 680 1902 naeum

438 1915 603 1952 Extinxit
619 1915 733 1963 prima
754 1913 845 1949 noble
865 1909 986 1947 cadens
1005 1908 1185 1946 thalamus
1202 1957 1209 1963 .

382 1972 466 2004 Non
485 1967 562 2002 hene
580 1965 680 2001 habet
701 1964 783 1999 talis
804 1961 988 2000 connexio:
1015 1960 1119 1996 Nicia
1130 1970 1233 2002 nan,

437 2016 585 2054 Eudicus
604 2026 641 2052 ut
661 2023 763 2050 natae
783 2014 887 2053 funus
908 2011 1071 2060 utrinque
1084 2008 1211 2059 fleant.

335 2107 486 2144 coms.
515 2106 608 2143 Fam,
638 2102 787 2151 Eupolis
809 2102 867 2138 hic
879 2100 1009 2137 Niciae
1030 2101 1122 2144 fuit,
1151 2098 1361 2136 aliusaCo-

335 2159 436 2195 mico
457 2156 529 2194 1110.
582 2155 692 2192 Periit
713 2160 836 2189 autem
860 2162 946 2187 cum
969 2162 1065 2186 nova
1087 2159 1199 2197 nupta
1223 2151 1361 2198 Glyce-

334 2210 390 2245 rio
410 2208 586 2249 nomine,
614 2203 743 2241 Euclici
766 2200 834 2238 lilia
851 2228 861 2244 ‚
890 2199 1094 2237 collabente
1115 2201 1357 2247 primastatim

333 2258 443 2296 noete
467 2257 640 2294 thalamo.
667 2254 712 2291 de
729 2262 799 2301 qua
816 2263 853 2288 re
867 2258 964 2288 extat
977 2250 1159 2288 Graecum
1182 2251 1361 2299 epigram-

334 2320 395 2346 ma
414 2309 486 2345 hoc
509 2307 567 2344 lib.
590 2318 655 2343 111.

390 2377 460 2428 Α’ἰ,
480 2375 535 2426 Ξῖι,
561 2381 656 2416 voZro
677 2375 831 2422 κοῖκιςον,
855 2380 931 2420 Ἆπιν
942 2381 1087 2421 ‚cadam-a
1104 2383 1252 2422 θκνᾶντοε

447 2431 623 2484 ΝυΙμφιον,
661 2429 679 2475 2
696 2433 846 2483 νῦμφῦκι,
876 2438 965 2476 ιῖμίκαι
984 2435 1014 2474 δ’
1031 2438 1250 2488 οἷμφοτέξους.

387 2485 535 2528 Εὐπολιν
555 2490 612 2537 ὥς,
644 2487 782 2535 οἰγοιθῆα
804 2505 834 2526 τε
854 2491 1043 2542 Γλυκέξιον,
1085 2493 1122 2529 ὦν
1148 2490 1292 2542 ὁχᾶίοιιον

448 2539 595 2582 Ε”.ῖέεο-εν
617 2545 647 2581 ἐν
668 2541 782 2596 πξῶτγ
792 2548 881 2582 νυκτὶ
897 2546 999 2584 neo-alr
1013 2544 1189 2596 θάλαμος.

386 2600 439 2637 Ου’
460 2601 572 2640 καλῶς
592 2597 660 2635 τάδε
681 2598 771 2639 κῖὃος
791 2601 944 2650 ἷσόρῥοπον
958 2629 968 2648 ,
1000 2599 1039 2641 ὦς
1057 2598 1101 2638 σε)
1116 2599 1172 2651 [ἃᾶ
1190 2602 1253 2638 ὗιὸν

439 2656 567 2703 Νικίαι,
596 2653 640 2690 σύ
663 2651 859 2695 Quam-0⁶5
878 2653 991 2693 Εὔδῖκε
1006 2657 1204 2707 θυγατέρι,

331 2734 568 2773 Annotarunt
600 2736 689 2772 haec
722 2734 849 2771 eadem
876 2736 1019 2774 Codrus
1041 2764 1052 2781 ,
1091 2736 1288 2783 Egnatius,
1316 2737 1354 2774 &

332 2785 510 2823 Fanensis.
563 2787 735 2823 Micrtt.
773 2785 923 2832 Eupolis
965 2786 1195 2824 Atheniensis
1225 2787 1354 2823 Niciae

329 2835 421 2872 filius
441 2839 556 2883 prima
579 2838 784 2881 nuptiarum
810 2836 920 2873 nodie
941 2848 1023 2873 cum
1060 2837 1234 2885 Glycerio
1255 2848 1355 2874 nova

329 2895 438 2933 nupta
452 2886 667 2923 obtutusest.
717 2887 801 2933 Qua
817 2886 860 2922 dc
873 2899 910 2923 re
923 2887 1265 2934 extatEpigramma
1293 2887 1354 2924 lib.

331 2948 385 2973 vr.
421 2937 670 2984 Antliologiae
698 2947 773 2982 cap.
796 2948 908 2973 χχιιι.
937 2948 1017 2984 pag.
1038 2948 1121 2984 377.
1175 2937 1231 2973 Sic
1250 2938 1350 2974 enim

330 2987 592 3034 exponendum
616 2987 712 3023 hunc
734 2985 862 3022 Ovidii
883 2986 1006 3023 locum
1028 2986 1164 3032 primus
1188 2987 1352 3025 animad-

328 3037 438 3073 vertit
462 3036 646 3073 Antonius
674 3037 815 3072 Urceus
846 3035 988 3073 Codrus
1010 3035 1178 3074 sermone
1204 3050 1231 3073 1.
1262 3038 1351 3074 Non

325 3085 495 3125 absimilis
528 3086 673 3124 historia
699 3086 861 3133 proditur
889 3085 933 3123 de
962 3087 1136 3135 Diogene
1162 3087 1323 3135 quodam
1340 3114 1351 3129 ,

325 3139 390 3186 qui
413 3148 498 3174 cum
526 3135 715 3174 secundam
742 3148 894 3173 uxorem
908 3135 1082 3181 duxisset,
1111 3138 1226 3185 prima
1239 3138 1350 3175 noete

325 3187 474 3225 thalami
493 3188 594 3225 ruina
617 3199 700 3224 cum
721 3186 845 3233 sponsa
862 3188 990 3234 periit,
1018 3196 1057 3225 ut
1080 3187 1323 3236 Apollonides
1338 3216 1348 3232 ‚

326 3237 385 3277 lib.
415 3251 458 3277 11.
498 3238 663 3288 ejusdem
702 3236 953 3287 Anthologiae
990 3238 1159 3279 testatum
1191 3239 1349 3288 reliquit.

2298 515 2450 587 Spar-

1421 659 1479 698 Sic
1498 662 1742 711 Hymenaeus
1761 663 1820 702 die
1831 663 2044 714 nuptiarum
2057 664 2159 702 ruina
2181 661 2451 712 oppreffusest‚'

1423 712 1521 749 unde
1541 714 1757 760 expiationis
1775 716 1877 753 causa
1907 715 2166 753 nominabatur
2181 716 2218 752 in
2240 716 2372 763 nuptiis
2386 744 2396 760 ‚
2409 718 2450 754 &

1422 773 1546 800 earum
1561 763 1662 801 Deus
1673 765 1719 802 est
1731 765 1890 810 habitus,
1901 767 2055 804 authore
2066 766 2193 803 Servio
2204 767 2240 802 in
2257 778 2270 803 1
2280 795 2287 803 .
2297 765 2451 804 AEneid.

1423 813 1461 848 δε
1489 813 1633 859 Joanne
1652 814 1795 852 Tzetze
1819 817 1974 854 chiliade
1997 829 2086 854 xm,
2115 815 2248 853 Histor.
2275 816 2361 861 496.
2392 817 2448 854 Ita

1420 874 1571 911 quoque
1593 865 1740 902 Romae
1767 868 1816 913 Q.
1834 866 2017 905 Sertullius
2039 867 2223 915 primailla
2239 866 2349 903 noae
2361 878 2447 905 cum

1421 924 1536 951 uxore
1557 914 1748 952 suffocatus
1770 916 1817 952 est
1832 945 1840 960 ‚
1867 929 2027 966 quorum
2051 919 2088 955 in
2106 917 2296 964 sepulchro
2319 917 2450 954 etiam-

1421 975 1512 1001 num
1544 965 1668 1002 visitur
1695 966 1769 1002 hoc
1797 967 2059 1015 Epitaphium:
2115 967 2237 1016 Aspice
2255 967 2375 1003 viator
2401 969 2454 1015 Q

1423 1014 1576 1051 Sertullii
1594 1026 1637 1054 (φ’
1662 1015 1850 1053 dulciculae
1874 1017 1987 1065 spons.
2010 1032 2074 1055 me.
2101 1017 2279 1054 Ranciliae
2299 1016 2387 1064 Virg.
2408 1030 2449 1054 ac

1422 1064 1490 1112 post
1509 1065 1587 1100 inde
1615 1065 1699 1113 quid
1720 1066 1840 1111 saciat
1872 1067 2042 1115 licentiosa
2055 1069 2131 1116 ftrs
2154 1068 2263 1116 legito.
2316 1073 2358 1104 In
2378 1068 2450 1116 ipsa

1422 1112 1551 1163 florida
1571 1126 1705 1159 aetate,
1732 1130 1809 1152 cum
1827 1118 1937 1154 acrior
1948 1118 2002 1154 vis
2014 1119 2139 1154 amoris
2164 1119 2355 1166 ingrueret,
2369 1130 2451 1154 mu·

1428 1175 1487 1201 tuo
1511 1175 1596 1213 capt.
1633 1166 1735 1203 tand.
1764 1174 1874 1204 Socero
1894 1179 1938 1208 (φ’
1967 1181 2014 1205 m.
2038 1174 2126 1204 Socr.
2150 1167 2384 1205 annuentibus
2395 1169 2451 1215 fi>-

1426 1214 1493 1252 len.
1515 1215 1650 1264 hymen.
1663 1226 1758 1266 nupt.
1778 1218 1986 1265 copulamur.
2037 1217 2122 1262 Sed,
2137 1217 2284 1261 osorum
2296 1217 2420 1259 infelix
2433 1246 2446 1264 ,

1428 1269 1521 1302 nofle
1532 1266 1650 1314 prima
1671 1279 1749 1303 cum
1767 1269 1901 1310 impert.
1924 1269 2112 1317 voluptatis
2129 1282 2170 1304 ex
2186 1269 2223 1304 ti.
2235 1271 2309 1314 fac.
2332 1269 2450 1306 extin-

1424 1329 1547 1363 guere.
1584 1329 1627 1356 ω’
1655 1323 1703 1354 D.
1723 1323 1774 1354 M.
1807 1329 1891 1354 vota
1916 1333 2102 1367 cogeremur
2126 1320 2222 1355 redd.
2245 1319 2309 1355 heu
2329 1319 2392 1368 ipso
2409 1319 2449 1357 in

1424 1370 1504 1402 adiu
1521 1367 1613 1405 dom.
1646 1368 1769 1405 marit.
1790 1381 1944 1406 corruens
1973 1370 2088 1406 ambos
2102 1371 2180 1418 jam
2201 1380 2340 1405 extrem.
2369 1382 2449 1405 cum

1423 1417 1600 1454 dulcedine
1627 1417 1744 1466 laetiff.
1771 1419 1983 1468 complicatos
2012 1419 2151 1468 opprcffit
2183 1419 2330 1464 funestas
2343 1424 2450 1465 soror.

1426 1479 1484 1503 nec
1505 1468 1588 1504 novi
1608 1468 1692 1515 quid
1708 1469 1808 1517 feciffi
1833 1479 1929 1518 puta.
1952 1483 2020 1505 non
2042 1481 2116 1505 erat
2136 1471 2173 1505 in
2186 1471 2275 1514 fatis
2293 1479 2369 1504 tum
2390 1482 2450 1505 no-

1425 1518 1492 1561 stra
1504 1517 1632 1565 longior
1641 1519 1724 1554 hora
1737 1546 1746 1562 ,
1772 1519 2019 1567 Cariparentes
2031 1533 2088 1555 nec
2109 1519 2203 1555 lucia
2216 1533 2273 1557 nec
2282 1519 2449 1566 lacrymis

1427 1567 1600 1614 miseram:
1624 1568 1770 1605 larvata
1792 1571 1902 1615 nostra
1914 1569 2065 1616 defleatis
2085 1571 2214 1616 funera
2235 1584 2274 1606 ne
2293 1570 2449 1607 reddatis

1423 1618 1624 1663 infeliciora.
1676 1624 1731 1655 At
1759 1634 1820 1656 vos
1851 1621 1968 1667 nostris
1999 1620 2228 1657 diuturniores
2247 1620 2361 1656 vivite
2380 1633 2448 1657 an-

1425 1681 1483 1705 nos
1500 1669 1623 1716 optime
1644 1669 1744 1706 letior
1759 1682 1800 1706 ac
1822 1671 1906 1707 vive
1920 1682 2005 1708 tuos.
2057 1671 2172 1718 Quod
2183 1671 2331 1718 quidem
2348 1682 2448 1707 mor-

1422 1719 1465 1755 tis
1486 1730 1600 1765 genus
1621 1733 1805 1756 amoenum
1835 1730 1943 1758 vocat
1960 1720 2074 1767 Julius
2105 1720 2280 1757 Firmicus
2300 1720 2448 1759 Astron.

1422 1767 1482 1805 lib.
1508 1781 1593 1806 vin.
1616 1781 1693 1816 cap.
1713 1770 1745 1806 6.
1777 1770 1837 1808 ubi
1858 1771 2054 1809 nonnullos
2078 1771 2171 1807 inter
2192 1771 2293 1808 usum
2316 1770 2451 1809 Vene-

1421 1819 1467 1855 ris
1487 1818 1660 1856 astrorum
1686 1820 1719 1855 vi
1741 1820 1842 1857 obire
1865 1821 1964 1859 dicit.
2017 1822 2217 1858 SALVAGN.

1466 1878 1550 1917 531.
1583 1868 1769 1915 Noviffima
1791 1871 1927 1921 vitae.]
1968 1871 2114 1908 Vocem
2140 1872 2236 1908 illam
2262 1870 2445 1917 noviffi'ma

1414 1919 1634 1956 Ciceronem
1647 1919 1979 1969 vitaviss'eprodidit
2007 1921 2203 1958 A-Gellius
2227 1922 2261 1958 in
2276 1921 2444 1959 noctibus

1415 1968 1546 2007 Atticis
1573 1971 1633 2006 lib.
1656 1983 1688 2007 x.
1717 1983 1791 2017 cap.
1808 1984 1866 2009 21.
1894 1984 1971 2018 quo
1989 1972 2128 2019 judicio
2147 1972 2319 2019 deceptus
2344 1973 2444 2010 Lau-

1414 2021 1550 2057 rentius
1573 2021 1690 2057 Valla.
1720 2021 1779 2057 lib.
1804 2033 1848 2059 11.
1875 2022 2144 2069 Elegantiarum
2169 2048 2180 2066 ,
2208 2033 2284 2069 cap.
2306 2033 2363 2070 50.
2389 2022 2443 2060 di-

1415 2068 1578 2106 ctionem
1609 2070 1705 2107 illam
1725 2071 1899 2109 Ciceroni
1929 2071 2122 2120 abjudicat.
2173 2072 2312 2108 Verum
2334 2073 2441 2118 quid-

1414 2120 1503 2166 quid
1529 2120 1592 2168 ips1
1617 2121 1731 2158 visum
1755 2121 1818 2164 fit,
1849 2122 2050 2169 usurpatam
2071 2123 2089 2158 a
2120 2121 2302 2158 Cicerone
2334 2133 2441 2159 com-

1414 2171 1489 2216 peri
1521 2171 1558 2207 in
1587 2173 1747 2208 Oratore
1779 2171 1823 2208 ad
1849 2172 1999 2209 Brutum
2018 2198 2029 2215 ‚
2067 2173 2160 2208 &in
2183 2172 2351 2208 oratione
2372 2184 2439 2218 pro

1415 2220 1550 2257 Roscio
1576 2221 1778 2258 Comoedo
1800 2233 1883 2258 cum
1916 2224 1987 2265 ait,
2016 2221 2119 2257 Brevi
2140 2229 2284 2268 tempore
2308 2222 2368 2269 qui
2397 2235 2438 2258 ne

1414 2270 1452 2306 in
1483 2269 1667 2317 noviffimis
1696 2271 1834 2319 quidem
1867 2282 1944 2308 erat
1971 2271 2221 2318 Histrionibus,
2247 2271 2295 2306 ad
2308 2271 2437 2317 primos

1411 2321 1570 2369 pervenit
1592 2321 1768 2358 comoedos.
1823 2321 1887 2358 Ufi
1906 2321 1985 2359 sunt
2021 2323 2059 2358 &
2083 2321 2140 2358 illa
2176 2321 2234 2360 M.
2258 2321 2368 2358 Cato.
2394 2322 2440 2359 C.

1416 2370 1584 2408 Salustius
1600 2398 1609 2414 ,
1638 2370 1755 2408 AElius
1776 2372 1889 2416 Stilo,
1916 2370 2014 2419 apud
2037 2371 2259 2409 Varronem.
2290 2371 2333 2408 C.
2355 2372 2440 2409 Cas-

1412 2421 1492 2458 sius.
1522 2421 1570 2458 D.
1592 2421 1722 2459 Brutus
1749 2423 1884 2472 aliique
1907 2422 2100 2460 Ciceronis
2115 2422 2295 2471 aequales.
2347 2421 2439 2460 Sar.-

1410 2483 1532 2510 VAGN.

1463 2545 1546 2584 5⁴33.
1574 2540 1682 2586 thue
1713 2534 1999 2586 cothurnatum]
2044 2535 2272 2585 Lycophron
2305 2535 2438 2587 Tragi-

1413 2594 1473 2622 cus
1495 2587 1609 2623 Poe'ta
1639 2587 1733 2630 fuit,
1761 2587 1827 2635 qui
1846 2587 1890 2623 ab
1909 2586 2063 2623 inimico
2081 2586 2203 2635 sagitta
2227 2597 2372 2623 veneno
2396 2588 2438 2626 il·

1411 2635 1472 2673 lita
1491 2635 1659 2684 trajectus
1674 2637 1819 2674 interiit.
1874 2637 2116 2673 INTERPRES.
2153 2638 2280 2684 Quare
2300 2637 2439 2675 cothur-

1413 2696 1538 2722 natum
1564 2687 1813 2734 Lycophrona
1833 2686 2026 2734 appellavit
2038 2685 2199 2723 Ovidius
2218 2685 2238 2723 a
2260 2686 2435 2726 Domitio

1411 2735 1698 2783 praetermiffum
1716 2735 1788 2774 effe
1807 2739 1921 2774 miror
1942 2749 1951 2772 ι
1988 2747 2110 2785 neque
2139 2738 2236 2774 enim
2262 2737 2364 2785 quod
2382 2740 2437 2776 A-

1410 2787 1620 2824 lexandram
1657 2799 1749 2833 opus
1781 2785 2030 2834 composuerit
2059 2787 2218 2833 iambico
2250 2789 2435 2834 carmine,

1411 2837 1513 2885 quod
1526 2848 1617 2884 opus
1634 2865 1642 2879 ‚
1655 2838 1773 2874 adhuc
1783 2845 1903 2880 extat,
1915 2838 2151 2874 cothurnatus
2164 2837 2211 2874 est
2223 2837 2337 2875 dietus
2354 2866 2362 2880 ‚
2374 2840 2433 2878 sed

1411 2887 1514 2936 quod
1535 2889 1572 2924 ὅ(
1600 2887 1803 2934 tragoedias
1824 2888 2066 2934 complureis‚
2094 2898 2247 2937 quarum
2270 2891 2434 2928 maxime

1409 2937 1566 2974 celebres
1604 2937 1857 2974 Marathonios
1885 2965 1895 2980 ‚
1933 2938 2102 2985 Oedipus
2123 2965 2133 2980 ‚
2175 2940 2213 2975 &
2244 2938 2434 2983 NaupliOS.

1407 2988 1634 3029 Bennios,
1665 2988 1890 3035 Lycophron
1905 2987 2162 3029 Chalcidensis,
2175 2988 2436 3028 SocleiGram-

1409 3039 1531 3075 marici
1546 3038 1714 3080 filius‚sub
1727 3038 1940 3075 Ptolemaeo
1950 3038 2186 3084 Philadelpho
2203 3037 2290 3084 Lagi
2305 3038 2380 3077 filio
2392 3052 2434 3078 ea

1406 3088 1579 3126 Poeticae
1592 3089 1767 3125 facultatis
1780 3089 1817 3126 &
1828 3089 2044 3126 eruditionis
2056 3088 2151 3124 fama
2168 3087 2291 3125 floruit
2304 3117 2312 3132 ,
2326 3099 2365 3127 ut
2377 3091 2433 3127 in-

1405 3146 1461 3175 ter
1480 3139 1614 3184 septem
1639 3138 1951 3187 praestantissimos
1975 3137 2099 3175 aetatis
2126 3138 2207 3175 suae
2229 3139 2407 3187 Tragicos
2421 3168 2432 3185 ‚

1405 3189 1534 3236 quibus
1555 3189 1740 3227 Pleiadum
1770 3200 1909 3226 nomen
1925 3216 1935 3232 ‚
1963 3199 2029 3235 pro
2052 3189 2196 3225 numeri
2217 3191 2432 3238 aequalitate

1405 3240 1475 3278 fuit
1493 3240 1673 3288 inditum,
1698 3241 1832 3279 merito
1845 3240 1971 3278 locum
1987 3238 2152 3278 habuerit
2176 3265 2186 3285 ,
2206 3240 2293 3278 teste
2306 3240 2433 3328 8{iffa

2398 3302 2433 3328 e-
